{"path_per_floor":["M","?","M","M","?","E","R","E","T","R","E","M","M","M","R","B",null,"M","?","$","M","M"],"character_chosen":"THE_SILENT","items_purchased":["Kunai","Sadistic Nature","Noxious Fumes"],"gold_per_floor":[115,65,82,97,97,126,126,153,453,453,478,489,507,522,522,624,624,638,888,291,309,321,321],"floor_reached":23,"campfire_rested":3,"playtime":2160,"item_purchase_floors":[20,20,20],"current_hp_per_floor":[70,70,70,70,56,44,65,48,48,69,49,39,36,30,51,36,70,48,48,48,35,1,0],"items_purged":["Strike_G"],"gold":321,"score":213,"play_id":"72fa3c58-4981-421f-b8df-c01b918bb93f","local_time":"20180601113206","is_prod":false,"is_daily":false,"chose_seed":false,"is_ascension_mode":false,"campfire_upgraded":0,"win_rate":0.0,"timestamp":1527867126,"campfire_choices":[{"floor":7,"key":"REST"},{"floor":10,"key":"REST"},{"floor":15,"key":"REST"}],"path_taken":["M","?","M","M","?","E","R","E","T","R","E","M","M","M","R","BOSS","M","?","$","M","M","E"],"build_version":"2018-05-31","seed_source_timestamp":61101980549231,"purchased_purges":1,"victory":false,"master_deck":["Defend_G","Defend_G","Defend_G","Defend_G","Defend_G","Strike_G","Strike_G+1","Strike_G","Survivor","Neutralize","Bouncing Flask","Dash","Dash+1","Quick Slash","Backflip","Cloak And Dagger","PiercingWail","Adrenaline","Finisher","Phantasmal Killer","Terror","Regret","Sadistic Nature","Noxious Fumes","Blade Dance","PiercingWail"],"max_hp_per_floor":[70,70,70,70,70,70,70,70,70,70,70,70,70,70,70,70,70,70,70,70,70,70,70],"relics":["Ring of the Snake","NeowsBlessing","Blue Candle","Unceasing Top","Old Coin","Question Card","Runic Pyramid","Kunai"],"card_choices":[{"not_picked":["Underhanded Strike","Deflect"],"picked":"Bouncing Flask","floor":1},{"not_picked":["Infinite Blades","Acrobatics"],"picked":"Dash","floor":3},{"not_picked":["Cloak And Dagger","Acrobatics"],"picked":"Dash","floor":4},{"not_picked":["Flechettes","Slice"],"picked":"Quick Slash","floor":6},{"not_picked":["Prepared","Terror"],"picked":"Backflip","floor":8},{"not_picked":["Deflect","Concentrate"],"picked":"Cloak And Dagger","floor":11},{"not_picked":["Dagger Throw","Underhanded Strike","Sucker Punch"],"picked":"PiercingWail","floor":12},{"not_picked":["Cloak And Dagger","Backflip","Backstab"],"picked":"Adrenaline","floor":13},{"not_picked":["Slice","Quick Slash","Prepared"],"picked":"Finisher","floor":14},{"not_picked":["Tactician","Doppelganger","Unload"],"picked":"Phantasmal Killer","floor":16},{"not_picked":["Sucker Punch","Slice","Concentrate"],"picked":"Terror","floor":18},{"not_picked":["Dodge and Roll","Bane","Deadly Poison"],"picked":"Blade Dance","floor":21},{"not_picked":["Riddle With Holes","Accuracy","Slice"],"picked":"PiercingWail","floor":22}],"player_experience":246840,"potions_floor_usage":[11,16,16,16,18],"damage_taken":[{"damage":0,"enemies":"Small Slimes","floor":1,"turns":1},{"damage":0,"enemies":"Jaw Worm","floor":3,"turns":1},{"damage":0,"enemies":"2 Louse","floor":4,"turns":1},{"damage":12,"enemies":"3 Sentries","floor":6,"turns":10},{"damage":17,"enemies":"Lagavulin","floor":8,"turns":7},{"damage":20,"enemies":"Gremlin Nob","floor":11,"turns":5},{"damage":10,"enemies":"Exordium Thugs","floor":12,"turns":5},{"damage":3,"enemies":"Large Slime","floor":13,"turns":6},{"damage":6,"enemies":"Blue Slaver","floor":14,"turns":4},{"damage":15,"enemies":"Hexaghost","floor":16,"turns":12},{"damage":22,"enemies":"2 Thieves","floor":18,"turns":5},{"damage":13,"enemies":"Spheric Guardian","floor":21,"turns":5},{"damage":34,"enemies":"3 Cultists","floor":22,"turns":7},{"damage":3,"enemies":"Book of Stabbing","floor":23,"turns":3}],"relics_obtained":[{"floor":6,"key":"Blue Candle"},{"floor":8,"key":"Unceasing Top"},{"floor":9,"key":"Old Coin"},{"floor":11,"key":"Question Card"}],"event_choices":[{"event_name":"The Cleric","player_choice":"Card Removal","floor":2,"damage_taken":0},{"event_name":"Shining Light","player_choice":"Entered Light","floor":5,"damage_taken":0},{"event_name":"Golden Shrine","player_choice":"Desecrate","floor":19,"damage_taken":0}],"boss_relics":[{"not_picked":["Eternal Feather","Runic Dome"],"picked":"Runic Pyramid"}],"items_purged_floors":[20],"potions_floor_spawned":[1,11,13,14,16,22],"seed_played":"5548393842031619431","killed_by":"Book of Stabbing","ascension_level":0,"potions_obtained":[{"floor":1,"key":"SpeedPotion"},{"floor":11,"key":"SkillPotion"},{"floor":13,"key":"EssenceOfSteel"},{"floor":14,"key":"Dexterity Potion"},{"floor":16,"key":"Dexterity Potion"},{"floor":22,"key":"SteroidPotion"}],"is_trial":false}