{"gold_per_floor":[113,113,124,74,87,113,113,127,127,162,186,202,202,246,246,370,370,391,391,391,241,252,252,252],"floor_reached":24,"playtime":1966,"items_purged":["Strike_G"],"score":302,"play_id":"c4f6277d-70c0-4a17-9ab8-ccad3033ec62","local_time":"20180702032918","is_ascension_mode":true,"campfire_choices":[{"floor":13,"key":"REST"},{"floor":15,"key":"REST"},{"data":"Catalyst","floor":23,"key":"SMITH"}],"neow_cost":"TEN_PERCENT_HP_LOSS","seed_source_timestamp":453186292827315,"circlet_count":0,"master_deck":["Defend_G","Defend_G","Defend_G","Defend_G","Strike_G","Strike_G","Strike_G","Survivor","Neutralize","Sucker Punch","Predator","Well Laid Plans","Flying Knee","Noxious Fumes","Bouncing Flask","Crippling Poison","Dagger Spray","Crippling Poison","Catalyst+1","Setup+1","Blur","Malaise"],"relics":["Ring of the Snake","Shovel","Happy Flower","Bloody Idol","Blue Candle","Bronze Scales","Oddly Smooth Stone","Orrery"],"potions_floor_usage":[6,8,10,12,14,22],"damage_taken":[{"damage":0,"enemies":"Cultist","floor":1,"turns":5},{"damage":0,"enemies":"Small Slimes","floor":3,"turns":4},{"damage":0,"enemies":"Jaw Worm","floor":5,"turns":5},{"damage":28,"enemies":"Lagavulin","floor":6,"turns":6},{"damage":0,"enemies":"Large Slime","floor":8,"turns":5},{"damage":17,"enemies":"Gremlin Nob","floor":10,"turns":4},{"damage":6,"enemies":"Looter","floor":11,"turns":3},{"damage":3,"enemies":"Gremlin Gang","floor":12,"turns":4},{"damage":17,"enemies":"Lagavulin","floor":14,"turns":4},{"damage":23,"enemies":"The Guardian","floor":16,"turns":10},{"damage":17,"enemies":"Shell Parasite","floor":18,"turns":5},{"damage":11,"enemies":"Chosen","floor":22,"turns":4},{"damage":52,"enemies":"Slavers","floor":24,"turns":4}],"seed_played":"5279994580584694229","potions_obtained":[{"floor":1,"key":"GamblersBrew"},{"floor":5,"key":"EssenceOfSteel"},{"floor":8,"key":"Block Potion"},{"floor":10,"key":"SteroidPotion"},{"floor":14,"key":"Fire Potion"}],"is_trial":false,"path_per_floor":["M","T","M","$","M","E","?","M","T","E","M","M","R","E","R","B",null,"M","?","?","$","M","R"],"character_chosen":"THE_SILENT","items_purchased":["Fire Potion","Blur"],"campfire_rested":2,"item_purchase_floors":[4,21],"current_hp_per_floor":[63,63,63,63,63,35,35,35,35,18,12,9,26,9,26,3,44,27,58,58,58,52,52,0],"gold":252,"neow_bonus":"REMOVE_TWO","is_prod":false,"is_daily":false,"chose_seed":false,"campfire_upgraded":1,"win_rate":0,"timestamp":1530520158,"path_taken":["M","?","?","$","M","E","?","M","T","E","M","M","R","E","R","BOSS","M","?","?","$","M","R","E"],"build_version":"2018-06-29","purchased_purges":1,"victory":false,"max_hp_per_floor":[63,63,63,63,63,63,58,58,58,58,58,58,58,58,58,58,58,58,58,58,58,58,58,58],"card_choices":[{"not_picked":["Eviscerate","Prepared"],"picked":"Sucker Punch","floor":1},{"not_picked":["Choke","Flechettes"],"picked":"Predator","floor":3},{"not_picked":["Blade Dance","Flying Knee","Escape Plan"],"picked":"SKIP","floor":5},{"not_picked":["Flying Knee","Calculated Gamble"],"picked":"Well Laid Plans","floor":6},{"not_picked":["Deflect","Distraction","Calculated Gamble"],"picked":"SKIP","floor":8},{"not_picked":["Sucker Punch","Wraith Form v2","Quick Slash"],"picked":"SKIP","floor":10},{"not_picked":["Outmaneuver","Poisoned Stab"],"picked":"Flying Knee","floor":11},{"not_picked":["Slice","Poisoned Stab"],"picked":"Finisher","floor":12},{"not_picked":["Backstab","Flying Knee"],"picked":"Noxious Fumes","floor":14},{"not_picked":["Acrobatics","Riddle With Holes"],"picked":"Bouncing Flask","floor":17},{"not_picked":["Predator","Calculated Gamble"],"picked":"Crippling Poison","floor":17},{"not_picked":["Predator","Quick Slash"],"picked":"Dagger Spray","floor":17},{"not_picked":["Endless Agony","Prepared"],"picked":"Crippling Poison","floor":17},{"not_picked":["Outmaneuver","Distraction"],"picked":"Catalyst","floor":17},{"not_picked":["Blur","Deadly Poison"],"picked":"Setup+1","floor":18},{"not_picked":["Choke","Deflect"],"picked":"Malaise","floor":22}],"player_experience":234153,"relics_obtained":[{"floor":2,"key":"Shovel"},{"floor":6,"key":"Happy Flower"},{"floor":9,"key":"Blue Candle"},{"floor":10,"key":"Bronze Scales"},{"floor":14,"key":"Oddly Smooth Stone"}],"event_choices":[{"event_name":"Golden Idol","player_choice":"Lose Max HP","floor":7,"damage_taken":0},{"event_name":"Bonfire Elementals","player_choice":"UNCOMMON","floor":19,"damage_taken":0},{"event_name":"Forgotten Altar","player_choice":"Gave Idol","floor":20,"damage_taken":0}],"boss_relics":[{"not_picked":["Empty Cage","White Beast Statue"],"picked":"Orrery"}],"items_purged_floors":[21],"is_endless":false,"potions_floor_spawned":[1,5,8,10,14],"killed_by":"Slavers","ascension_level":8}