{"gold_per_floor":[115,40,59,70,70,70,87,87,87,87,87,87],"floor_reached":12,"playtime":428,"items_purged":[],"score":129,"play_id":"73219bdd-9190-4454-8799-3673603ead17","local_time":"20190208025249","is_ascension_mode":true,"campfire_choices":[{"data":"Madness","floor":6,"key":"SMITH"},{"data":"Creative AI","floor":8,"key":"SMITH"},{"data":"Heatsinks","floor":11,"key":"SMITH"}],"neow_cost":"NONE","seed_source_timestamp":1377585479935276,"circlet_count":0,"master_deck":["AscendersBane","Strike_B","Strike_B","Strike_B","Defend_B","Defend_B","Defend_B","Defend_B","Zap","Dualcast","Madness+1","Melter","Conserve Battery","Creative AI+1","Heatsinks+1"],"relics":["Cracked Core","Gremlin Horn","Mummified Hand"],"potions_floor_usage":[12],"damage_taken":[{"damage":12,"enemies":"Jaw Worm","floor":1,"turns":3},{"damage":1,"enemies":"2 Louse","floor":3,"turns":3},{"damage":0,"enemies":"Small Slimes","floor":4,"turns":3},{"damage":6,"enemies":"3 Louse","floor":7,"turns":4},{"damage":38,"enemies":"Exordium Wildlife","floor":12,"turns":5}],"seed_played":"5380366497512973921","potions_obtained":[{"floor":3,"key":"Dexterity Potion"}],"is_trial":false,"path_per_floor":["M","?","M","M","?","R","M","R","T","?","R","M"],"character_chosen":"DEFECT","items_purchased":[],"campfire_rested":0,"item_purchase_floors":[],"current_hp_per_floor":[52,52,51,51,40,40,34,34,34,34,34,0],"gold":87,"neow_bonus":"RANDOM_COLORLESS","is_prod":false,"is_daily":false,"chose_seed":false,"campfire_upgraded":3,"win_rate":0,"timestamp":1549615969,"path_taken":["M","?","M","M","?","R","M","R","T","?","R","M"],"build_version":"2019-02-06","purchased_purges":0,"victory":false,"max_hp_per_floor":[71,71,71,71,71,71,71,71,71,71,71,71],"card_choices":[{"not_picked":["Turbo","Gash"],"picked":"Melter","floor":1},{"not_picked":["Turbo","Cold Snap"],"picked":"Conserve Battery","floor":3},{"not_picked":["Go for the Eyes","Hologram"],"picked":"Creative AI","floor":4},{"not_picked":["Turbo","Steam"],"picked":"Heatsinks","floor":7}],"player_experience":791829,"relics_obtained":[{"floor":9,"key":"Mummified Hand"}],"event_choices":[{"cards_removed":["Strike_B"],"damage_healed":0,"gold_gain":0,"player_choice":"Card Removal","damage_taken":0,"max_hp_gain":0,"max_hp_loss":0,"event_name":"The Cleric","floor":2,"gold_loss":75},{"damage_healed":0,"gold_gain":0,"player_choice":"Success","damage_taken":11,"relics_obtained":["Gremlin Horn"],"max_hp_gain":0,"max_hp_loss":0,"event_name":"Scrap Ooze","floor":5,"gold_loss":0},{"damage_healed":0,"gold_gain":0,"player_choice":"Ignored","damage_taken":0,"max_hp_gain":0,"max_hp_loss":0,"event_name":"Golden Idol","floor":10,"gold_loss":0}],"is_beta":true,"boss_relics":[],"items_purged_floors":[],"is_endless":false,"potions_floor_spawned":[3],"killed_by":"Exordium Wildlife","ascension_level":18}