{"gold_per_floor":[117,134,134,149,60,88,88,163,163,163,195,26,26,40,40,112,112,122,140,152,2,2],"floor_reached":22,"playtime":1100,"items_purged":["Strike_B"],"score":378,"play_id":"2f338b14-c245-4742-829b-82c94bb43e66","local_time":"20190130091927","is_ascension_mode":true,"campfire_choices":[{"floor":7,"key":"REST"},{"floor":10,"key":"REST"},{"floor":15,"key":"REST"}],"neow_cost":"NONE","seed_source_timestamp":506746907245733,"circlet_count":0,"master_deck":["AscendersBane","Strike_B","Strike_B","Defend_B","Defend_B","Defend_B","Defend_B","Zap","Dualcast","Echo Form","BootSequence","White Noise","Rip and Tear","Melter","Reinforced Body","Auto Shields","Ball Lightning","Electrodynamics","Conserve Battery","Loop","Redo+1","Defragment"],"relics":["Cracked Core","Question Card","Symbiotic Virus","Cables","PreservedInsect","Cursed Key"],"potions_floor_usage":[2,16,16,20],"damage_taken":[{"damage":7,"enemies":"Jaw Worm","floor":1,"turns":3},{"damage":7,"enemies":"Small Slimes","floor":2,"turns":3},{"damage":2,"enemies":"Cultist","floor":4,"turns":4},{"damage":29,"enemies":"Lagavulin","floor":6,"turns":8},{"damage":30,"enemies":"3 Sentries","floor":11,"turns":7},{"damage":9,"enemies":"Lots of Slimes","floor":14,"turns":6},{"damage":9,"enemies":"Hexaghost","floor":16,"turns":8},{"damage":22,"enemies":"Shell Parasite","floor":18,"turns":5},{"damage":25,"enemies":"Spheric Guardian","floor":19,"turns":4},{"damage":17,"enemies":"3 Cultists","floor":20,"turns":4},{"damage":5,"enemies":"Sentry and Sphere","floor":22,"turns":2}],"seed_played":"-7881246884770645869","potions_obtained":[{"floor":1,"key":"Explosive Potion"},{"floor":11,"key":"Dexterity Potion"},{"floor":13,"key":"EssenceOfSteel"},{"floor":19,"key":"Regen Potion"},{"floor":20,"key":"Poison Potion"}],"is_trial":false,"path_per_floor":["M","M","?","M","$","E","R","?","T","R","E","$","?","M","R","B",null,"M","M","M","$","M"],"character_chosen":"DEFECT","items_purchased":["Melter","PreservedInsect","Defragment"],"campfire_rested":3,"item_purchase_floors":[5,12,21],"current_hp_per_floor":[57,50,43,41,41,12,33,22,22,43,13,13,13,4,25,16,57,35,10,5,5,0],"gold":2,"neow_bonus":"ONE_RANDOM_RARE_CARD","is_prod":false,"is_daily":false,"chose_seed":false,"campfire_upgraded":0,"win_rate":0,"timestamp":1548857967,"path_taken":["M","M","?","M","$","E","R","?","T","R","E","$","?","?","R","BOSS","M","M","M","$","M"],"build_version":"2019-01-23","purchased_purges":1,"victory":false,"max_hp_per_floor":[71,71,71,71,71,71,71,71,71,71,71,71,71,71,71,71,71,71,71,71,71,71],"card_choices":[{"not_picked":["Beam Cell","Rebound"],"picked":"BootSequence","floor":1},{"not_picked":["Self Repair","Cold Snap"],"picked":"White Noise","floor":2},{"not_picked":["Storm","Go for the Eyes"],"picked":"Rip and Tear","floor":4},{"not_picked":["Force Field","Cold Snap"],"picked":"Reinforced Body","floor":6},{"not_picked":["Rebound","Lockon","Gash"],"picked":"Auto Shields","floor":11},{"not_picked":["Go for the Eyes","Rip and Tear","BootSequence"],"picked":"Ball Lightning","floor":14},{"not_picked":["Core Surge","Rainbow","All For One"],"picked":"Electrodynamics","floor":16},{"not_picked":["Redo","Hologram","Steam Power"],"picked":"Conserve Battery","floor":18},{"not_picked":["Conserve Battery","Stack","Recycle"],"picked":"Loop","floor":19},{"not_picked":["Steam Power","Turbo","Blizzard"],"picked":"Redo+1","floor":20}],"player_experience":2224992,"relics_obtained":[{"floor":6,"key":"Question Card"},{"floor":9,"key":"Symbiotic Virus"},{"floor":11,"key":"Cables"}],"event_choices":[{"cards_removed":["Strike_B"],"damage_healed":0,"gold_gain":0,"player_choice":"Card Removal","damage_taken":7,"max_hp_gain":0,"max_hp_loss":0,"event_name":"Golden Wing","floor":3,"gold_loss":0},{"damage_healed":0,"gold_gain":75,"player_choice":"Gather Gold","damage_taken":11,"max_hp_gain":0,"max_hp_loss":0,"event_name":"World of Goop","floor":8,"gold_loss":0},{"damage_healed":0,"gold_gain":0,"player_choice":"Got Potions","damage_taken":0,"max_hp_gain":0,"max_hp_loss":0,"event_name":"Lab","floor":13,"gold_loss":0}],"is_beta":false,"boss_relics":[{"not_picked":["Astrolabe","Lizard Tail"],"picked":"Cursed Key"}],"items_purged_floors":[21],"is_endless":false,"potions_floor_spawned":[1,11,19,20],"killed_by":"Sentry and Sphere","ascension_level":19}