{"path_per_floor":["M","M","M","$","?","E","R","M","T","$","M","$","?","M","R","B",null,"M","?","?","M","?","E","R","M","T","M","R","M","R","M","R","B",null,"M","M","M","?","?","E","R","?","T","M","M","M","R","M","R"],"character_chosen":"IRONCLAD","items_purchased":["Anchor","Iron Wave+1"],"gold_per_floor":[219,235,247,17,17,44,44,63,63,12,28,28,103,118,118,223,223,236,236,236,251,279,306,306,324,349,369,369,386,386,399,399,504,504,519,535,545,545,545,602,602,902,981,1000,1010,1023,1023,1042,1042,1042],"floor_reached":50,"campfire_rested":2,"playtime":1706,"item_purchase_floors":[4,10],"current_hp_per_floor":[80,80,80,80,80,66,66,72,72,72,78,78,67,73,73,60,80,78,78,78,80,75,52,76,80,80,80,80,80,80,80,80,79,80,80,80,80,80,80,69,69,69,69,75,68,54,78,79,79,0],"items_purged":["Defend_R"],"gold":1042,"score":573,"play_id":"42bb2c21-9bc2-4201-8e40-2dc44463978a","local_time":"20180526002029","is_prod":false,"is_daily":false,"chose_seed":false,"is_ascension_mode":false,"campfire_upgraded":4,"win_rate":0.0,"timestamp":1527312029,"campfire_choices":[{"floor":7,"key":"DIG"},{"data":"Iron Wave","floor":15,"key":"SMITH"},{"floor":24,"key":"REST"},{"data":"Searing Blow+1","floor":28,"key":"SMITH"},{"floor":30,"key":"DIG"},{"data":"Rage","floor":32,"key":"SMITH"},{"floor":41,"key":"DIG"},{"floor":47,"key":"REST"},{"data":"Carnage","floor":49,"key":"SMITH"}],"path_taken":["M","M","?","$","?","E","R","M","T","$","M","$","?","?","R","BOSS","M","?","?","M","?","E","R","?","T","M","R","M","R","?","R","BOSS","M","M","?","?","?","E","R","?","T","?","M","M","R","M","R","BOSS"],"build_version":"2018-05-24","seed_source_timestamp":255880870662718,"purchased_purges":1,"victory":false,"master_deck":["Strike_R+1","Strike_R+1","Strike_R+1","Strike_R+1","Strike_R+1","Defend_R+1","Defend_R+1","Defend_R+1","Bash","Clash","Iron Wave+1","Wild Strike","Carnage+1","Searing Blow+2","Iron Wave+1","Cleave+1","Anger+1","Reaper+1","Thunderclap+1","Clash+1","Rage+1","Perfected Strike+1","Headbutt+1","Cleave+1","Thunderclap+1","Headbutt+1","Immolate+1","Cleave+1","Iron Wave+1","Wild Strike+1","Mind Blast+1","Good Instincts+1","Clash+1","Anger+1","Iron Wave+1","Hemokinesis+1","Thunderclap+1","Wild Strike+1"],"max_hp_per_floor":[80,80,80,80,80,80,80,80,80,80,80,80,80,80,80,80,80,80,80,80,80,80,80,80,80,80,80,80,80,80,80,80,80,80,80,80,80,80,80,80,80,80,80,80,80,80,80,80,80,80],"relics":["Burning Blood","Anchor","Shovel","Molten Egg 2","Dodecahedron","Philosopher\u0027s Stone","Oddly Smooth Stone","Red Mask","Mercury Hourglass","Vajra","Bronze Scales","Lizard Tail","Tiny Chest","War Paint","Frozen Egg 2"],"card_choices":[{"not_picked":["Flex","Carnage"],"picked":"Clash","floor":1},{"not_picked":["Intimidate","Armaments"],"picked":"Iron Wave","floor":2},{"not_picked":["Shrug It Off","Evolve"],"picked":"Wild Strike","floor":3},{"not_picked":["Flex","Flame Barrier"],"picked":"Carnage","floor":6},{"not_picked":["Shockwave","Seeing Red"],"picked":"Searing Blow+1","floor":8},{"not_picked":["Uppercut+1","Intimidate"],"picked":"Cleave+1","floor":11},{"not_picked":["Evolve","Cleave+1"],"picked":"Anger+1","floor":14},{"not_picked":["Bludgeon+1","Dark Embrace"],"picked":"Reaper+1","floor":16},{"not_picked":["Warcry","Pummel+1"],"picked":"Thunderclap+1","floor":18},{"not_picked":["Pommel Strike+1","Iron Wave+1"],"picked":"Clash+1","floor":21},{"not_picked":["Flame Barrier","Power Through"],"picked":"Rage","floor":22},{"not_picked":["Burning Pact","Fire Breathing+1"],"picked":"Perfected Strike+1","floor":23},{"not_picked":["Armaments","Clothesline+1"],"picked":"Headbutt+1","floor":25},{"not_picked":["Clothesline+1","Corruption+1"],"picked":"Cleave+1","floor":27},{"not_picked":["Headbutt+1","Uppercut+1"],"picked":"Thunderclap+1","floor":29},{"not_picked":["Bloodletting","Sword Boomerang+1"],"picked":"Headbutt+1","floor":31},{"not_picked":["Impervious","Limit Break"],"picked":"Immolate+1","floor":33},{"not_picked":["Shrug It Off+1","Warcry"],"picked":"Cleave+1","floor":35},{"not_picked":["Feel No Pain","Shockwave"],"picked":"Iron Wave+1","floor":36},{"not_picked":["Heavy Blade+1","Hemokinesis+1"],"picked":"Wild Strike+1","floor":37},{"not_picked":["Secret Weapon","Finesse"],"picked":"Mind Blast","floor":38},{"not_picked":["Dual Wield","Heavy Blade+1"],"picked":"Anger+1","floor":40},{"not_picked":["Cleave+1","Headbutt+1"],"picked":"Iron Wave+1","floor":44},{"not_picked":["Shrug It Off","Second Wind"],"picked":"Hemokinesis+1","floor":45},{"not_picked":["Fire Breathing+1","Shrug It Off"],"picked":"Thunderclap+1","floor":46},{"not_picked":["Rupture+1","Armaments+1"],"picked":"Wild Strike+1","floor":48}],"player_experience":141282,"potions_floor_usage":[16,16,23,23,23,45,50,50,50],"damage_taken":[{"damage":6,"enemies":"Cultist","floor":1,"turns":3},{"damage":1,"enemies":"Jaw Worm","floor":2,"turns":3},{"damage":0,"enemies":"Small Slimes","floor":3,"turns":2},{"damage":20,"enemies":"Gremlin Nob","floor":6,"turns":4},{"damage":0,"enemies":"Exordium Wildlife","floor":8,"turns":3},{"damage":0,"enemies":"Looter","floor":11,"turns":2},{"damage":0,"enemies":"Exordium Thugs","floor":14,"turns":3},{"damage":19,"enemies":"Slime Boss","floor":16,"turns":8},{"damage":8,"enemies":"Chosen","floor":18,"turns":4},{"damage":3,"enemies":"Shell Parasite","floor":21,"turns":3},{"damage":11,"enemies":"Masked Bandits","floor":22,"turns":3},{"damage":41,"enemies":"Gremlin Leader","floor":23,"turns":7},{"damage":0,"enemies":"Centurion and Healer","floor":25,"turns":2},{"damage":2,"enemies":"Slaver and Parasite","floor":27,"turns":3},{"damage":0,"enemies":"Snecko","floor":29,"turns":3},{"damage":5,"enemies":"Centurion and Healer","floor":31,"turns":3},{"damage":7,"enemies":"Automaton","floor":33,"turns":5},{"damage":0,"enemies":"3 Darklings","floor":35,"turns":3},{"damage":0,"enemies":"Flame Bruiser 1 Orb","floor":36,"turns":3},{"damage":5,"enemies":"Sphere and 2 Shapes","floor":37,"turns":2},{"damage":17,"enemies":"2 Orb Walkers","floor":40,"turns":3},{"damage":0,"enemies":"3 Darklings","floor":44,"turns":2},{"damage":13,"enemies":"Transient","floor":45,"turns":5},{"damage":20,"enemies":"Flame Bruiser 2 Orb","floor":46,"turns":4},{"damage":5,"enemies":"4 Shapes","floor":48,"turns":3},{"damage":139,"enemies":"Awakened One","floor":50,"turns":10}],"relics_obtained":[{"floor":6,"key":"Shovel"},{"floor":7,"key":"Molten Egg 2"},{"floor":9,"key":"Dodecahedron"},{"floor":22,"key":"Red Mask"},{"floor":23,"key":"Mercury Hourglass"},{"floor":26,"key":"Vajra"},{"floor":30,"key":"Bronze Scales"},{"floor":40,"key":"Tiny Chest"},{"floor":41,"key":"War Paint"},{"floor":43,"key":"Frozen Egg 2"}],"event_choices":[{"event_name":"The Lab","player_choice":"Got Potions","floor":5,"damage_taken":0},{"event_name":"World of Goop","player_choice":"Gather Gold","floor":13,"damage_taken":0},{"event_name":"The Mausoleum","player_choice":"Yes","floor":19,"damage_taken":0},{"event_name":"Back to Basics","player_choice":"Simplicity","floor":20,"damage_taken":0},{"event_name":"Masked Bandits","player_choice":"Fought over 251 gold","floor":22,"damage_taken":0},{"event_name":"SensoryStone","player_choice":"Memory 1","floor":38,"damage_taken":0},{"event_name":"Match and Keep!","player_choice":"2 cards matched","floor":39,"damage_taken":0},{"event_name":"Wheel of Change","player_choice":"Gold","floor":42,"damage_taken":0}],"boss_relics":[{"not_picked":["Astrolabe","Snecko Eye"],"picked":"Philosopher\u0027s Stone"},{"not_picked":["Runic Dome","Sozu"],"picked":"Lizard Tail"}],"items_purged_floors":[4],"potions_floor_spawned":[2,3,14,18,22,27,36,37,44,46,48],"seed_played":"-5353983937048521054","killed_by":"Awakened One","ascension_level":0,"potions_obtained":[{"floor":2,"key":"Weak Potion"},{"floor":3,"key":"SmokeBomb"},{"floor":5,"key":"Block Potion"},{"floor":5,"key":"Regen Potion"},{"floor":18,"key":"Poison Potion"},{"floor":22,"key":"EssenceOfSteel"},{"floor":27,"key":"FearPotion"},{"floor":36,"key":"SteroidPotion"},{"floor":37,"key":"Ancient Potion"},{"floor":44,"key":"SkillPotion"},{"floor":46,"key":"SkillPotion"}],"is_trial":false}