{"gold_per_floor":[137,137,175,140,140,140,215,253,253,100,138,176,176,176,176,426,426,419,457,457,457,495,495,533,533,558,558,596,634,672,710,710,960,960,998,525,525,225,263,263,301,301,326,326,326,401,451,501,513,525],"floor_reached":51,"playtime":3680,"items_purged":[],"score":731,"play_id":"8821dc6c-a4c5-43ea-8201-050e36add70a","local_time":"20181029023328","daily_mods":["Heirloom","Diverse","MonsterHunter"],"is_ascension_mode":false,"campfire_choices":[{"data":"Neutralize","floor":6.0,"key":"SMITH"},{"floor":13.0,"key":"REST"},{"floor":15.0,"key":"REST"},{"data":"Noxious Fumes","floor":23.0,"key":"SMITH"},{"data":"Cloak And Dagger","floor":27.0,"key":"SMITH"},{"floor":32.0,"key":"REST"},{"data":"Ghostly","floor":40.0,"key":"SMITH"},{"data":"Ghostly","floor":42.0,"key":"SMITH"},{"data":"Well Laid Plans","floor":44.0,"key":"SMITH"},{"floor":49,"key":"REST"}],"neow_cost":"","seed_source_timestamp":0,"circlet_count":0,"master_deck":["Defend_G","Defend_G","Defend_G","Defend_G","Strike_G","Strike_G","Strike_G","Survivor","Neutralize+1","Noxious Fumes+1","Dodge and Roll","Warcry","Cloak And Dagger+1","Darkness","Dagger Spray","Conserve Battery","Bane","Sucker Punch","Acrobatics","Ghostly+1","Ghostly+1","Ghostly","Ghostly","Ghostly","Deadly Poison+1","Steam","Battle Trance","Inflame","Hologram+1","Corpse Explosion","Heatsinks+1","Metallicize+1","Warcry+1","Conserve Battery+1","Well Laid Plans+1","Shrug It Off","Backflip","Metallicize+1","Footwork+1","Recycle+1"],"special_seed":17833,"relics":["Ring of the Snake","Peace Pipe","Bottled Tornado","Centennial Puzzle","Anchor","Kunai","Velvet Choker","Blood Vial","Astrolabe","Happy Flower","Art of War","Mango","Orichalcum","MawBank"],"potions_floor_usage":[],"damage_taken":[{"damage":19.0,"enemies":"Cultist","floor":1.0,"turns":7.0},{"damage":5.0,"enemies":"Small Slimes","floor":3.0,"turns":5.0},{"damage":54.0,"enemies":"Gremlin Nob","floor":7.0,"turns":7.0},{"damage":0.0,"enemies":"2 Louse","floor":8.0,"turns":5.0},{"damage":1.0,"enemies":"Lots of Slimes","floor":11.0,"turns":5.0},{"damage":0.0,"enemies":"Blue Slaver","floor":12.0,"turns":6.0},{"damage":10.0,"enemies":"Slime Boss","floor":16.0,"turns":16.0},{"damage":20.0,"enemies":"2 Thieves","floor":18.0,"turns":5.0},{"damage":6.0,"enemies":"Chosen","floor":19.0,"turns":7.0},{"damage":3.0,"enemies":"Shelled Parasite and Fungi","floor":22.0,"turns":11.0},{"damage":3.0,"enemies":"Snake Plant","floor":24.0,"turns":7.0},{"damage":3.0,"enemies":"Cultist and Chosen","floor":28.0,"turns":8.0},{"damage":2.0,"enemies":"Shelled Parasite and Fungi","floor":29.0,"turns":7.0},{"damage":0.0,"enemies":"Snake Plant","floor":30.0,"turns":7.0},{"damage":20.0,"enemies":"Cultist and Chosen","floor":31.0,"turns":7.0},{"damage":38.0,"enemies":"Champ","floor":33.0,"turns":19.0},{"damage":1.0,"enemies":"3 Shapes","floor":35.0,"turns":4.0},{"damage":0.0,"enemies":"3 Darklings","floor":39.0,"turns":6.0},{"damage":0.0,"enemies":"Jaw Worm Horde","floor":41.0,"turns":4.0},{"damage":1,"enemies":"Nemesis","floor":46,"turns":11},{"damage":37,"enemies":"Sphere and 2 Shapes","floor":47,"turns":6},{"damage":0,"enemies":"4 Shapes","floor":48,"turns":4},{"damage":10,"enemies":"Time Eater","floor":50,"turns":25}],"seed_played":"-1143866258771799124","potions_obtained":[{"floor":7.0,"key":"Dexterity Potion"},{"floor":8.0,"key":"Energy Potion"},{"floor":12.0,"key":"GhostInAJar"},{"floor":19.0,"key":"Poison Potion"},{"floor":22.0,"key":"SteroidPotion"},{"floor":28.0,"key":"SpeedPotion"},{"floor":29.0,"key":"GhostInAJar"}],"is_trial":false,"path_per_floor":["M","T","M","?","?","R","E","M","T","$","M","M","R","?","R","B",null,"M","M","?","?","M","R","M","?","T","R","M","M","M","M","R","B",null,"M","$","?","$","M","R","M","R","T","R","?","E","M","M","R","B"],"character_chosen":"THE_SILENT","items_purchased":["Weak Potion","Darkness","Dagger Spray","Well Laid Plans","Shrug It Off","Backflip","Happy Flower","Art of War","Mango"],"campfire_rested":4,"item_purchase_floors":[10,10,10,36,36,36,36,36,38],"current_hp_per_floor":[51,51,46,63,60,60,6,6,6,6,5,5,26,26,47,37,70,50,44,35,31,28,28,25,50,50,50,47,47,49,30,45,9,50,49,49,49,63,64,64,64,64,64,64,64,63,27,29,48,40],"gold":537,"neow_bonus":"","is_prod":false,"is_daily":true,"chose_seed":false,"campfire_upgraded":6,"win_rate":0,"timestamp":1540776808,"path_taken":["M","?","M","?","?","R","E","M","T","$","M","?","R","?","R","BOSS","M","M","?","?","M","R","?","?","T","R","M","?","M","M","R","BOSS","M","$","?","?","M","R","M","R","T","R","?","E","M","?","R","BOSS"],"build_version":"2018-10-25v2","purchased_purges":0,"victory":true,"max_hp_per_floor":[70,70,70,70,70,70,70,70,70,70,70,70,70,70,70,70,70,70,70,35,40,40,40,40,50,50,50,50,50,50,50,50,50,50,50,50,50,64,64,64,64,64,64,64,64,64,64,64,64,64],"card_choices":[{"not_picked":["Clash","Compile Driver"],"picked":"Noxious Fumes","floor":1.0},{"not_picked":["Sentinel","Rebound"],"picked":"Dodge and Roll","floor":3.0},{"not_picked":["Bloodletting","Defragment"],"picked":"Warcry","floor":7.0},{"not_picked":["Underhanded Strike","Capacitor"],"picked":"Cloak And Dagger","floor":8.0},{"not_picked":["Catalyst","Outmaneuver"],"picked":"Conserve Battery","floor":11.0},{"not_picked":["Poisoned Stab","Warcry"],"picked":"Bane","floor":12.0},{"not_picked":["Creative AI","Venomology"],"picked":"Storm of Steel","floor":16.0},{"not_picked":["Barrage+1","Tactician"],"picked":"Sucker Punch","floor":18.0},{"not_picked":["Aggregate","Rebound"],"picked":"Acrobatics","floor":19.0},{"not_picked":["Infernal Blade","Sweeping Beam"],"picked":"Deadly Poison+1","floor":22.0},{"not_picked":["Outmaneuver","Recycle"],"picked":"Steam","floor":24.0},{"not_picked":["Underhanded Strike","Tactician+1"],"picked":"Battle Trance","floor":28.0},{"not_picked":["Immolate","Coolheaded"],"picked":"Inflame","floor":29.0},{"not_picked":["Thunderclap","Escape Plan","Riddle With Holes"],"picked":"SKIP","floor":30.0},{"not_picked":["Corruption+1","Flying Knee"],"picked":"Hologram+1","floor":31.0},{"not_picked":["Limit Break","Fission"],"picked":"Corpse Explosion","floor":33.0},{"not_picked":["Blade Dance","Clash+1"],"picked":"Conserve Battery+1","floor":35.0},{"not_picked":["Blur","Deadly Poison+1"],"picked":"Footwork+1","floor":39.0},{"not_picked":["Deadly Poison","Unload","Rampage+1"],"picked":"SKIP","floor":41.0},{"not_picked":["Predator+1","Undo","Heatsinks"],"picked":"SKIP","floor":46},{"not_picked":["Barrage+1","Pommel Strike","Acrobatics"],"picked":"SKIP","floor":47},{"not_picked":["Skim+1","All Out Attack+1"],"picked":"Recycle+1","floor":48}],"player_experience":1553738,"relics_obtained":[{"floor":2.0,"key":"Bottled Tornado"},{"floor":7.0,"key":"Anchor"},{"floor":9.0,"key":"Kunai"},{"floor":26.0,"key":"Blood Vial"},{"floor":43.0,"key":"Orichalcum"},{"floor":46,"key":"MawBank"}],"event_choices":[{"damage_healed":17.0,"max_hp_gain":0.0,"max_hp_loss":0.0,"gold_gain":0.0,"event_name":"The Cleric","player_choice":"Healed","floor":4.0,"gold_loss":35.0,"damage_taken":0.0},{"damage_healed":0.0,"max_hp_gain":0.0,"max_hp_loss":0.0,"gold_gain":0.0,"event_name":"Scrap Ooze","player_choice":"Success","floor":5.0,"gold_loss":0.0,"damage_taken":3.0,"relics_obtained":["Centennial Puzzle"]},{"damage_healed":0.0,"max_hp_gain":0.0,"max_hp_loss":0.0,"gold_gain":0.0,"event_name":"Golden Wing","player_choice":"Ignored","floor":14.0,"gold_loss":0.0,"damage_taken":0.0},{"damage_healed":0.0,"max_hp_gain":0.0,"max_hp_loss":35.0,"gold_gain":0.0,"event_name":"Ghosts","player_choice":"Became a Ghost","floor":20.0,"gold_loss":0.0,"damage_taken":0.0,"cards_obtained":["Ghostly","Ghostly","Ghostly","Ghostly","Ghostly"]},{"damage_healed":0.0,"max_hp_gain":5.0,"max_hp_loss":0.0,"gold_gain":0.0,"event_name":"Forgotten Altar","player_choice":"Shed Blood","floor":21.0,"gold_loss":0.0,"damage_taken":9.0},{"cards_removed":["Storm of Steel"],"damage_healed":15.0,"max_hp_gain":10.0,"max_hp_loss":0.0,"gold_gain":0.0,"event_name":"Bonfire Elementals","player_choice":"Offered Rare","floor":25.0,"gold_loss":0.0,"damage_taken":0.0},{"damage_healed":0.0,"max_hp_gain":0.0,"max_hp_loss":0.0,"gold_gain":0.0,"event_name":"Duplicator","player_choice":"Copied","floor":37.0,"gold_loss":0.0,"damage_taken":0.0,"cards_obtained":["Metallicize"]},{"damage_healed":0,"gold_gain":0,"player_choice":"Ignored","damage_taken":0,"max_hp_gain":0,"max_hp_loss":0,"event_name":"Mysterious Sphere","floor":45,"gold_loss":0}],"is_beta":false,"boss_relics":[{"not_picked":["HoveringKite","Lizard Tail"],"picked":"Velvet Choker"},{"not_picked":["Cursed Key","Fusion Hammer"],"picked":"Astrolabe"}],"items_purged_floors":[],"is_endless":false,"potions_floor_spawned":[7,8,12,19,22,28,29],"ascension_level":0}