{"gold_per_floor":[119,131,18,18,18,18,31,31,31,31,56,74,87,102,102,221,221,241,241,262,283,20,20,38,38,38,52,52,73,73],"floor_reached":30,"playtime":1200,"items_purged":[],"score":325,"play_id":"481be1c4-88bd-4cef-9bc7-f87776b86d40","local_time":"20180730172143","is_ascension_mode":true,"campfire_choices":[{"data":"Rampage","floor":6,"key":"SMITH"},{"data":"Bash","floor":8,"key":"SMITH"},{"data":"True Grit","floor":10,"key":"SMITH"},{"floor":15,"key":"REST"},{"data":"Battle Trance","floor":23,"key":"SMITH"},{"data":"Shrug It Off","floor":25,"key":"SMITH"}],"neow_cost":"NONE","seed_source_timestamp":430740844402596,"circlet_count":0,"master_deck":["Strike_R","Strike_R","Strike_R","Strike_R","Strike_R","Defend_R","Defend_R","Defend_R","Defend_R","Bash+1","Thunderclap","Rampage+1","Battle Trance+1","True Grit+1","Whirlwind","Offering","Shrug It Off+1","Offering","Cleave+1"],"relics":["Burning Blood","Oddly Smooth Stone","Golden Idol","Blue Candle","Happy Flower","Velvet Choker","Lee\u0027s Waffle","Pantograph"],"potions_floor_usage":[12,18],"damage_taken":[{"damage":2,"enemies":"Small Slimes","floor":1,"turns":4},{"damage":6,"enemies":"Cultist","floor":2,"turns":3},{"damage":0,"enemies":"Jaw Worm","floor":7,"turns":3},{"damage":9,"enemies":"Red Slaver","floor":12,"turns":3},{"damage":7,"enemies":"Exordium Wildlife","floor":13,"turns":3},{"damage":12,"enemies":"Looter","floor":14,"turns":3},{"damage":34,"enemies":"Slime Boss","floor":16,"turns":12},{"damage":23,"enemies":"Chosen","floor":18,"turns":6},{"damage":23,"enemies":"Shell Parasite","floor":20,"turns":5},{"damage":25,"enemies":"Cultist and Chosen","floor":21,"turns":5},{"damage":42,"enemies":"Centurion and Healer","floor":24,"turns":6},{"damage":22,"enemies":"Snecko","floor":27,"turns":4},{"damage":22,"enemies":"Cultist and Chosen","floor":29,"turns":5},{"damage":23,"enemies":"Slaver and Parasite","floor":30,"turns":3}],"seed_played":"-8102591611771320830","potions_obtained":[{"floor":7,"key":"SkillPotion"},{"floor":14,"key":"GamblersBrew"},{"floor":16,"key":"BloodPotion"},{"floor":24,"key":"Energy Potion"},{"floor":27,"key":"GamblersBrew"},{"floor":29,"key":"Energy Potion"}],"is_trial":false,"path_per_floor":["M","M","$","?","$","R","M","R","T","R","T","M","M","M","R","B",null,"M","?","M","M","$","R","M","R","T","M","$","M"],"character_chosen":"IRONCLAD","items_purchased":["Battle Trance","True Grit","Lee\u0027s Waffle","Shrug It Off"],"campfire_rested":1,"item_purchase_floors":[3,3,22,22],"current_hp_per_floor":[76,76,76,56,56,56,62,62,62,62,62,59,58,52,76,48,72,63,63,46,27,87,87,51,51,51,35,35,19,0],"gold":73,"neow_bonus":"RANDOM_COMMON_RELIC","is_prod":false,"is_daily":false,"chose_seed":false,"campfire_upgraded":5,"win_rate":0,"timestamp":1532985703,"path_taken":["M","M","$","?","$","R","?","R","T","R","?","M","?","M","R","BOSS","M","?","M","M","$","R","M","R","T","?","$","M","?"],"build_version":"2018-07-26","purchased_purges":0,"victory":false,"max_hp_per_floor":[80,80,80,80,80,80,80,80,80,80,80,80,80,80,80,80,80,80,80,80,80,87,87,87,87,87,87,87,87,87],"card_choices":[{"not_picked":["Cleave","Headbutt"],"picked":"Thunderclap","floor":1},{"not_picked":["Perfected Strike","Reckless Charge"],"picked":"Rampage","floor":2},{"not_picked":["Juggernaut","Twin Strike","Cleave"],"picked":"SKIP","floor":7},{"not_picked":["Second Wind","Perfected Strike","Body Slam"],"picked":"SKIP","floor":12},{"not_picked":["Cleave","Sword Boomerang","Clothesline"],"picked":"SKIP","floor":13},{"not_picked":["Pommel Strike","Searing Blow"],"picked":"Whirlwind","floor":14},{"not_picked":["Juggernaut","Brutality"],"picked":"Offering","floor":16},{"not_picked":["Hemokinesis+1","Wild Strike","Warcry"],"picked":"SKIP","floor":18},{"not_picked":["Havoc","Uppercut+1","Twin Strike"],"picked":"SKIP","floor":20},{"not_picked":["Heavy Blade","Berserk","Cleave"],"picked":"SKIP","floor":21},{"not_picked":["Havoc","Pommel Strike"],"picked":"Offering","floor":24},{"not_picked":["Warcry+1","Cleave+1","Corruption+1"],"picked":"SKIP","floor":27},{"not_picked":["Body Slam","Flame Barrier+1"],"picked":"Cleave+1","floor":29}],"player_experience":1376783,"relics_obtained":[{"floor":9,"key":"Blue Candle"},{"floor":11,"key":"Happy Flower"},{"floor":26,"key":"Pantograph"}],"event_choices":[{"event_name":"Golden Idol","player_choice":"Take Damage","floor":4,"damage_taken":0},{"event_name":"Ghosts","player_choice":"Ignored","floor":19,"damage_taken":0}],"is_beta":false,"boss_relics":[{"not_picked":["Black Blood","Ectoplasm"],"picked":"Velvet Choker"}],"items_purged_floors":[],"is_endless":false,"potions_floor_spawned":[7,14,16,24,27,29],"killed_by":"Slaver and Parasite","ascension_level":9}