{"gold_per_floor":[11,11,11,186,186,215,215,249,297,307,307,319,6,16,16,121,121,121,121,121,121,121,121],"floor_reached":23,"playtime":1490,"items_purged":[],"score":224,"play_id":"2769e40d-177b-4b6f-95b7-12ee06496955","local_time":"20180812235312","is_ascension_mode":false,"campfire_choices":[{"data":"Armaments","floor":7,"key":"SMITH"},{"floor":15,"key":"REST"}],"neow_cost":"NO_GOLD","seed_source_timestamp":21319354307292,"circlet_count":0,"master_deck":["Strike_R","Strike_R","Strike_R","Strike_R+1","Strike_R+1","Defend_R","Defend_R","Defend_R","Defend_R","Bash","Doubt","Armaments+1","Flex","Flex","Clash","Cleave+1"],"relics":["Burning Blood","Ice Cream","Blood Vial","Boot","Orichalcum","Pear","Kunai","Ectoplasm"],"potions_floor_usage":[6,6,6,16,18],"damage_taken":[{"damage":3,"enemies":"Jaw Worm","floor":1,"turns":5},{"damage":46,"enemies":"3 Sentries","floor":6,"turns":12},{"damage":29,"enemies":"Gremlin Nob","floor":8,"turns":5},{"damage":1,"enemies":"Cultist","floor":10,"turns":3},{"damage":5,"enemies":"2 Louse","floor":12,"turns":2},{"damage":7,"enemies":"Large Slime","floor":14,"turns":6},{"damage":48,"enemies":"Slime Boss","floor":16,"turns":20},{"damage":13,"enemies":"Shell Parasite","floor":18,"turns":7},{"damage":49,"enemies":"Chosen","floor":19,"turns":9},{"damage":35,"enemies":"Snecko","floor":21,"turns":6},{"damage":0,"enemies":"Gremlin Leader","floor":23,"turns":1}],"seed_played":"-5227915058018918127","potions_obtained":[{"floor":1,"key":"GamblersBrew"},{"floor":2,"key":"Fruit Juice"},{"floor":2,"key":"FearPotion"},{"floor":8,"key":"LiquidBronze"},{"floor":10,"key":"EssenceOfSteel"},{"floor":18,"key":"LiquidBronze"},{"floor":21,"key":"Dexterity Potion"}],"is_trial":false,"path_per_floor":["M","?","$","?","?","E","R","E","T","M","T","M","$","M","R","B",null,"M","M","?","M","?"],"character_chosen":"IRONCLAD","items_purchased":["Kunai","Swift Potion"],"campfire_rested":1,"item_purchase_floors":[13,13],"current_hp_per_floor":[80,80,80,80,64,29,29,8,8,15,25,28,28,29,57,17,95,88,47,47,20,20,22],"gold":121,"neow_bonus":"ONE_RARE_RELIC","is_prod":false,"is_daily":false,"chose_seed":false,"campfire_upgraded":1,"win_rate":0,"timestamp":1534083792,"path_taken":["M","?","?","?","?","E","R","E","T","M","?","M","?","M","R","BOSS","M","M","?","?","?","E"],"build_version":"2018-08-09","purchased_purges":0,"victory":false,"max_hp_per_floor":[80,80,80,80,80,85,85,85,85,85,95,95,95,95,95,95,95,95,95,95,95,95,95],"card_choices":[{"not_picked":["Uppercut","Flame Barrier","Searing Blow"],"picked":"SKIP","floor":1},{"not_picked":["Havoc","Rage"],"picked":"Armaments","floor":6},{"not_picked":["Limit Break","Reaper"],"picked":"Flex","floor":8},{"not_picked":["True Grit","Sentinel"],"picked":"Flex","floor":10},{"not_picked":["True Grit","Fire Breathing","Wild Strike"],"picked":"SKIP","floor":12},{"not_picked":["Seeing Red","Clothesline","Dark Embrace"],"picked":"SKIP","floor":14},{"not_picked":["Havoc+1","Corruption"],"picked":"Clash","floor":18},{"not_picked":["Sword Boomerang","Rupture+1"],"picked":"Cleave+1","floor":19},{"not_picked":["Warcry","Brutality","Metallicize"],"picked":"SKIP","floor":21}],"player_experience":334514,"relics_obtained":[{"floor":6,"key":"Blood Vial"},{"floor":8,"key":"Boot"},{"floor":9,"key":"Orichalcum"},{"floor":11,"key":"Pear"}],"event_choices":[{"event_name":"The Lab","player_choice":"Got Potions","floor":2,"damage_taken":0},{"event_name":"Liars Game","player_choice":"agreed","floor":4,"damage_taken":0},{"event_name":"Shining Light","player_choice":"Entered Light","floor":5,"damage_taken":0},{"event_name":"Transmorgrifier","player_choice":"Skipped","floor":20,"damage_taken":0},{"event_name":"Wheel of Change","player_choice":"Gold","floor":22,"damage_taken":0}],"is_beta":false,"boss_relics":[{"not_picked":["Mark of Pain","Eternal Feather"],"picked":"Ectoplasm"}],"items_purged_floors":[],"is_endless":false,"potions_floor_spawned":[1,8,10,18,21],"killed_by":"Gremlin Leader","ascension_level":0}