{"gold_per_floor":[215,229,77,77,90,116,135,135,161,161,178,194,194],"floor_reached":13,"playtime":517,"items_purged":["Strike_B"],"score":165,"play_id":"1ec3cc34-8184-4404-9f10-bf18b1c8a09c","local_time":"20190101084210","is_ascension_mode":true,"campfire_choices":[{"floor":8,"key":"REST"}],"neow_cost":"NONE","seed_source_timestamp":1055630968745497,"circlet_count":0,"master_deck":["AscendersBane","Strike_B","Strike_B","Strike_B","Defend_B","Defend_B","Defend_B","Defend_B","Zap","Dualcast","Ball Lightning","Streamline","Creative AI","Force Field","Sweeping Beam","Biased Cognition","Self Repair","Self Repair"],"relics":["Cracked Core","Ancient Tea Set","Potion Belt"],"potions_floor_usage":[12,13],"damage_taken":[{"damage":9,"enemies":"Jaw Worm","floor":1,"turns":4},{"damage":0,"enemies":"Small Slimes","floor":2,"turns":2},{"damage":0,"enemies":"Cultist","floor":5,"turns":2},{"damage":37,"enemies":"Gremlin Nob","floor":6,"turns":4},{"damage":4,"enemies":"Red Slaver","floor":7,"turns":4},{"damage":0,"enemies":"2 Fungi Beasts","floor":11,"turns":3},{"damage":17,"enemies":"Large Slime","floor":12,"turns":5},{"damage":46,"enemies":"Lagavulin","floor":13,"turns":5}],"seed_played":"-2907327474777006143","potions_obtained":[{"floor":6,"key":"Dexterity Potion"},{"floor":7,"key":"SteroidPotion"},{"floor":11,"key":"Dexterity Potion"}],"is_trial":false,"path_per_floor":["M","M","$","?","M","E","M","R","T","?","M","M","E"],"character_chosen":"DEFECT","items_purchased":["Creative AI"],"campfire_rested":1,"item_purchase_floors":[3],"current_hp_per_floor":[55,55,55,60,60,23,19,41,41,41,41,31,0],"gold":194,"neow_bonus":"HUNDRED_GOLD","is_prod":false,"is_daily":false,"chose_seed":false,"campfire_upgraded":0,"win_rate":0,"timestamp":1546350130,"path_taken":["M","M","$","?","M","E","M","R","T","?","M","M","E"],"build_version":"2018-12-20","purchased_purges":1,"victory":false,"max_hp_per_floor":[71,71,71,76,76,76,76,76,76,76,76,76,76],"card_choices":[{"not_picked":["Barrage","Hologram"],"picked":"Ball Lightning","floor":1},{"not_picked":["Chaos","Scrape"],"picked":"Streamline","floor":2},{"not_picked":["Gash","Consume"],"picked":"Force Field","floor":5},{"not_picked":["Redo","Blizzard"],"picked":"Sweeping Beam","floor":6},{"not_picked":["Gash","Scrape"],"picked":"Biased Cognition","floor":7},{"not_picked":["Chill","Steam"],"picked":"Self Repair","floor":11},{"not_picked":["Sweeping Beam","Hologram"],"picked":"Self Repair","floor":12}],"player_experience":1980975,"relics_obtained":[{"floor":6,"key":"Ancient Tea Set"},{"floor":9,"key":"Potion Belt"}],"event_choices":[{"damage_healed":0,"gold_gain":0,"player_choice":"Donut","damage_taken":0,"max_hp_gain":5,"max_hp_loss":0,"event_name":"Big Fish","floor":4,"gold_loss":0},{"damage_healed":0,"gold_gain":0,"player_choice":"Ignored","damage_taken":0,"max_hp_gain":0,"max_hp_loss":0,"event_name":"Liars Game","floor":10,"gold_loss":0}],"is_beta":false,"boss_relics":[],"items_purged_floors":[3],"is_endless":false,"potions_floor_spawned":[6,7,11],"killed_by":"Lagavulin","ascension_level":18}