{"gold_per_floor":[116,30,30,30,48,48,78,78,104,120,120,135,165,185,185,264,264,283,294,312,312,312,312,338,357,380,380,411,411,439,33,33,33],"floor_reached":33,"playtime":1414,"items_purged":["Wraith Form v2"],"score":684,"play_id":"eae4ecbe-94ac-4e6c-89e1-afb01a51c15e","local_time":"20190210221944","is_ascension_mode":true,"campfire_choices":[{"data":"Infinite Blades","floor":6.0,"key":"SMITH"},{"data":"Neutralize","floor":8.0,"key":"SMITH"},{"data":"Neutralize","floor":15.0,"key":"SMITH"},{"floor":23.0,"key":"REST"},{"data":"Envenom","floor":27.0,"key":"SMITH"},{"data":"Footwork","floor":32,"key":"SMITH"}],"neow_cost":"NONE","seed_source_timestamp":167288200974437,"circlet_count":0,"master_deck":["AscendersBane","Defend_G","Defend_G","Defend_G","Survivor","Neutralize+1","Sucker Punch","Infinite Blades+1","Escape Plan","PiercingWail","Adrenaline","Neutralize+1","Backstab","Well Laid Plans","Dash","Dash","Envenom+1","Heel Hook","Bite","Bite","Bite","Bite","Bite","Backflip","Footwork+1"],"special_seed":0,"relics":["Ring of the Snake","NeowsBlessing","Ice Cream","Dream Catcher","Pen Nib","Vajra","Busted Crown","Darkstone Periapt","Bronze Scales","Art of War","Question Card","Shovel"],"potions_floor_usage":[],"damage_taken":[{"damage":0.0,"enemies":"Small Slimes","floor":1.0,"turns":1.0},{"damage":0.0,"enemies":"Cultist","floor":5.0,"turns":1.0},{"damage":0.0,"enemies":"Gremlin Nob","floor":7.0,"turns":1.0},{"damage":0.0,"enemies":"2 Louse","floor":10.0,"turns":3.0},{"damage":1.0,"enemies":"Large Slime","floor":12.0,"turns":7.0},{"damage":12.0,"enemies":"Lagavulin","floor":13.0,"turns":7.0},{"damage":0.0,"enemies":"Exordium Wildlife","floor":14.0,"turns":3.0},{"damage":17.0,"enemies":"The Guardian","floor":16.0,"turns":12.0},{"damage":18.0,"enemies":"3 Byrds","floor":18.0,"turns":6.0},{"damage":0.0,"enemies":"Spheric Guardian","floor":19.0,"turns":4.0},{"damage":2.0,"enemies":"Snake Plant","floor":20.0,"turns":5.0},{"damage":12.0,"enemies":"Book of Stabbing","floor":24.0,"turns":4.0},{"damage":13.0,"enemies":"Centurion and Healer","floor":25.0,"turns":6.0},{"damage":6.0,"enemies":"Gremlin Leader","floor":28.0,"turns":7.0},{"damage":24.0,"enemies":"Book of Stabbing","floor":30.0,"turns":5.0},{"damage":61,"enemies":"Collector","floor":33,"turns":7}],"seed_played":"-3574684626716084744","potions_obtained":[{"floor":5.0,"key":"Fire Potion"},{"floor":12.0,"key":"Poison Potion"},{"floor":13.0,"key":"Dexterity Potion"}],"is_trial":false,"path_per_floor":["M","$","?","$","M","R","E","R","T","M","?","M","E","M","R","B",null,"M","M","M","?","?","R","E","M","T","R","E","?","E","$","R","B"],"character_chosen":"THE_SILENT","items_purchased":["Infinite Blades","Shovel"],"campfire_rested":1,"item_purchase_floors":[2,31],"current_hp_per_floor":[59,59,48,48,48,48,48,48,48,48,48,47,35,35,35,18,54,36,36,34,16,16,30,28,31,31,31,45,45,35,35,35,0],"gold":33,"neow_bonus":"THREE_ENEMY_KILL","is_prod":false,"is_daily":false,"chose_seed":false,"campfire_upgraded":5,"win_rate":0,"timestamp":1549833584,"path_taken":["M","$","?","$","M","R","E","R","T","M","?","M","E","M","R","BOSS","M","?","M","?","?","R","E","M","T","R","E","?","E","?","R","BOSS"],"build_version":"2019-01-23","purchased_purges":1,"victory":false,"max_hp_per_floor":[66,66,66,66,66,66,66,66,66,66,66,66,66,66,66,66,66,66,66,66,71,49,49,49,49,49,49,49,49,49,49,49,49],"card_choices":[{"not_picked":["Acrobatics","Blade Dance"],"picked":"Sucker Punch","floor":1.0},{"not_picked":["Flying Knee","Grand Finale","Dagger Throw"],"picked":"SKIP","floor":5.0},{"not_picked":["Slice","Flechettes"],"picked":"Escape Plan","floor":7.0},{"not_picked":["Deflect","Poisoned Stab"],"picked":"PiercingWail","floor":10.0},{"not_picked":["Blade Dance","Deflect"],"picked":"Well Laid Plans","floor":12.0},{"not_picked":["Riddle With Holes","Quick Slash"],"picked":"Dash","floor":13.0},{"not_picked":["Calculated Gamble","Riddle With Holes"],"picked":"Dash","floor":14.0},{"not_picked":["Doppelganger","Storm of Steel"],"picked":"Envenom","floor":16.0},{"not_picked":["Outmaneuver"],"picked":"SKIP","floor":18.0},{"not_picked":[],"picked":"Heel Hook","floor":19.0},{"not_picked":["Outmaneuver"],"picked":"SKIP","floor":20.0},{"not_picked":["Dodge and Roll"],"picked":"SKIP","floor":24.0},{"not_picked":[],"picked":"Backflip","floor":25.0},{"not_picked":["Dagger Throw"],"picked":"SKIP","floor":28.0},{"not_picked":["Storm of Steel"],"picked":"SKIP","floor":30}],"player_experience":1389973,"relics_obtained":[{"floor":7.0,"key":"Dream Catcher"},{"floor":9.0,"key":"Pen Nib"},{"floor":13.0,"key":"Vajra"},{"floor":24.0,"key":"Darkstone Periapt"},{"floor":26.0,"key":"Bronze Scales"},{"floor":28.0,"key":"Art of War"},{"floor":30,"key":"Question Card"}],"event_choices":[{"damage_healed":0.0,"max_hp_gain":0.0,"max_hp_loss":0.0,"gold_gain":0.0,"event_name":"Scrap Ooze","player_choice":"Success","floor":3.0,"gold_loss":0.0,"damage_taken":11.0,"relics_obtained":["Ice Cream"]},{"damage_healed":0.0,"max_hp_gain":0.0,"max_hp_loss":0.0,"gold_gain":0.0,"event_name":"Match and Keep!","player_choice":"3 cards matched","floor":11.0,"gold_loss":0.0,"damage_taken":0.0,"cards_obtained":["Adrenaline","Neutralize","Backstab"]},{"damage_healed":0.0,"max_hp_gain":5.0,"max_hp_loss":0.0,"gold_gain":0.0,"event_name":"Forgotten Altar","player_choice":"Shed Blood","floor":21.0,"gold_loss":0.0,"damage_taken":23.0},{"damage_healed":0.0,"max_hp_gain":0.0,"max_hp_loss":22.0,"gold_gain":0.0,"event_name":"Vampires","player_choice":"Became a vampire","floor":22.0,"gold_loss":0.0,"damage_taken":0.0,"cards_obtained":["Bite","Bite","Bite","Bite","Bite"]},{"damage_healed":0.0,"max_hp_gain":0.0,"max_hp_loss":0.0,"gold_gain":0.0,"cards_transformed":["Defend_G","Defend_G"],"event_name":"Drug Dealer","player_choice":"Became Test Subject","floor":29.0,"gold_loss":0.0,"damage_taken":0.0,"cards_obtained":["Footwork","Wraith Form v2"]}],"is_beta":false,"boss_relics":[{"not_picked":["Tiny House","Astrolabe"],"picked":"Busted Crown"}],"items_purged_floors":[31],"is_endless":false,"potions_floor_spawned":[5,12,13,16,18,20],"killed_by":"Collector","ascension_level":19}