{"gold_per_floor":[116,116,129,145,155,155,188,188,211,242,48,48,73,90,90,194,194,206,224,112,126,126],"floor_reached":22,"playtime":1404,"items_purged":["Pain"],"score":277,"play_id":"3c5198ba-9bc0-4963-a62b-8e724a03c0e8","local_time":"20180714023231","is_ascension_mode":true,"campfire_choices":[{"data":"Die Die Die","floor":6,"key":"SMITH"},{"data":"Backstab","floor":8,"key":"SMITH"},{"floor":12,"key":"REST"},{"floor":15,"key":"REST"}],"neow_cost":"CURSE","seed_source_timestamp":188521046127688,"circlet_count":0,"master_deck":["Defend_G","Defend_G+1","Defend_G+1","Defend_G","Defend_G","Strike_G","Strike_G","Strike_G","Strike_G","Strike_G+1","Survivor","Neutralize","Regret","Eviscerate","Distraction","Dagger Throw+1","Die Die Die+1","Backstab+1","After Image","After Image","Footwork","Backstab","Night Terror","Pain","Regret","Sucker Punch","Backstab","Die Die Die"],"relics":["Ring of the Snake","Thread and Needle","Bag of Preparation","Whetstone","War Paint","Vajra","DollysMirror","Du-Vu Doll","Calling Bell","Pen Nib","Meat on the Bone","Tough Bandages"],"potions_floor_usage":[5,7,7,13,16,16],"damage_taken":[{"damage":2,"enemies":"Small Slimes","floor":1,"turns":4},{"damage":7,"enemies":"Jaw Worm","floor":3,"turns":4},{"damage":1,"enemies":"2 Louse","floor":4,"turns":4},{"damage":13,"enemies":"Exordium Thugs","floor":5,"turns":6},{"damage":0,"enemies":"Gremlin Nob","floor":7,"turns":4},{"damage":18,"enemies":"Lagavulin","floor":10,"turns":6},{"damage":15,"enemies":"3 Sentries","floor":13,"turns":7},{"damage":3,"enemies":"Large Slime","floor":14,"turns":4},{"damage":4,"enemies":"The Guardian","floor":16,"turns":10},{"damage":8,"enemies":"Chosen","floor":18,"turns":3},{"damage":13,"enemies":"Shell Parasite","floor":19,"turns":2},{"damage":27,"enemies":"Snake Plant","floor":21,"turns":4},{"damage":34,"enemies":"Centurion and Healer","floor":22,"turns":5}],"seed_played":"-7624501462896715751","potions_obtained":[{"floor":3,"key":"Weak Potion"},{"floor":4,"key":"SteroidPotion"},{"floor":5,"key":"GhostInAJar"},{"floor":10,"key":"Weak Potion"},{"floor":13,"key":"Strength Potion"},{"floor":14,"key":"Dexterity Potion"},{"floor":19,"key":"Ancient Potion"},{"floor":21,"key":"LiquidBronze"}],"is_trial":false,"path_per_floor":["M","?","M","M","M","R","E","R","T","E","$","R","E","M","R","B",null,"M","M","$","M"],"character_chosen":"THE_SILENT","items_purchased":["DollysMirror","Backstab"],"campfire_rested":2,"item_purchase_floors":[11,20],"current_hp_per_floor":[68,50,43,42,29,29,29,29,29,11,11,32,17,14,35,31,70,62,49,49,34,0],"gold":126,"neow_bonus":"ONE_RARE_RELIC","is_prod":false,"is_daily":false,"chose_seed":false,"campfire_upgraded":2,"win_rate":0,"timestamp":1531501351,"path_taken":["M","?","M","M","M","R","E","R","T","E","?","R","E","M","R","BOSS","M","M","$","M","M"],"build_version":"2018-07-12","purchased_purges":1,"victory":false,"max_hp_per_floor":[70,70,70,70,70,70,70,70,70,70,70,70,70,70,70,70,70,70,70,70,70,70],"card_choices":[{"not_picked":["Quick Slash","Reflex"],"picked":"Eviscerate","floor":1},{"not_picked":["Underhanded Strike","Predator"],"picked":"Distraction","floor":3},{"not_picked":["Cloak And Dagger","Underhanded Strike"],"picked":"Dagger Throw","floor":4},{"not_picked":["Sucker Punch","Flechettes"],"picked":"Die Die Die","floor":5},{"not_picked":["Backstab","Underhanded Strike","Dodge and Roll"],"picked":"SKIP","floor":7},{"not_picked":["Underhanded Strike","Dodge and Roll"],"picked":"Backstab","floor":7},{"not_picked":["Cloak And Dagger","Sucker Punch"],"picked":"After Image","floor":10},{"not_picked":["Flying Knee","Deflect"],"picked":"Footwork","floor":13},{"not_picked":["Masterful Stab","Cloak And Dagger"],"picked":"Backstab","floor":14},{"not_picked":["Doppelganger","Storm of Steel"],"picked":"Night Terror","floor":16},{"not_picked":["Predator","Slice"],"picked":"Sucker Punch","floor":18},{"not_picked":["Expertise","Dodge and Roll","Underhanded Strike+1"],"picked":"SKIP","floor":19},{"not_picked":["Dodge and Roll","Choke"],"picked":"Die Die Die","floor":21}],"player_experience":124002,"relics_obtained":[{"floor":7,"key":"Whetstone"},{"floor":9,"key":"War Paint"},{"floor":10,"key":"Vajra"},{"floor":13,"key":"Du-Vu Doll"},{"floor":17,"key":"Pen Nib"},{"floor":17,"key":"Meat on the Bone"},{"floor":17,"key":"Tough Bandages"}],"event_choices":[{"event_name":"Scrap Ooze","player_choice":"success","floor":2,"damage_taken":18}],"boss_relics":[{"not_picked":["Coffee Dripper","Philosopher\u0027s Stone"],"picked":"Calling Bell"}],"items_purged_floors":[20],"is_endless":false,"potions_floor_spawned":[3,4,5,10,13,14,19,21],"killed_by":"Centurion and Healer","ascension_level":4}