{"gold_per_floor":[121,133,145,157,189,201,227,164,176,206,218,230,260,286,298,310],"floor_reached":16,"playtime":529,"items_purged":[],"score":161,"play_id":"1b79e4a3-eff7-429c-b9b3-fe8edec6d263","local_time":"20181022125143","is_ascension_mode":true,"campfire_choices":[{"floor":6,"key":"REST"},{"data":"Zap","floor":12,"key":"SMITH"},{"floor":15,"key":"REST"}],"neow_cost":"NONE","seed_source_timestamp":1070555669173484,"circlet_count":0,"master_deck":["Strike_B","Strike_B","Strike_B","Defend_B","Defend_B","Defend_B","Defend_B","Zap+1","Dualcast","AscendersBane","Injury","Doubt","Decay","Melter","Defragment","Beam Cell","Steam Power","Cold Snap"],"relics":["Calling Bell","MawBank","Darkstone Periapt","Dead Branch","Symbiotic Virus","Letter Opener"],"potions_floor_usage":[13,16],"damage_taken":[{"damage":41,"enemies":"Jaw Worm","floor":1,"turns":6},{"damage":2,"enemies":"2 Louse","floor":5,"turns":3},{"damage":2,"enemies":"Cultist","floor":7,"turns":4},{"damage":4,"enemies":"Exordium Wildlife","floor":10,"turns":3},{"damage":6,"enemies":"Red Slaver","floor":13,"turns":3},{"damage":9,"enemies":"Looter","floor":14,"turns":4},{"damage":43,"enemies":"Hexaghost","floor":16,"turns":8}],"seed_played":"1919058788600211704","potions_obtained":[{"floor":10,"key":"AttackPotion"},{"floor":13,"key":"Energy Potion"}],"is_trial":false,"path_per_floor":["M","?","$","T","M","R","M","?","T","M","$","R","M","M","R"],"character_chosen":"DEFECT","items_purchased":[],"campfire_rested":2,"item_purchase_floors":[],"current_hp_per_floor":[23,23,23,23,21,42,40,40,40,36,36,36,30,21,42,0],"gold":310,"neow_bonus":"BOSS_RELIC","is_prod":false,"is_daily":false,"chose_seed":false,"campfire_upgraded":1,"win_rate":0,"timestamp":1540227103,"path_taken":["M","?","?","?","?","R","M","?","T","?","$","R","M","M","R","BOSS"],"build_version":"2018-10-18","purchased_purges":0,"victory":false,"max_hp_per_floor":[71,71,71,71,71,71,71,71,71,71,71,71,71,71,71,71],"card_choices":[{"not_picked":["White Noise","Barrage"],"picked":"Melter","floor":1},{"not_picked":["Turbo","Steam"],"picked":"Defragment","floor":5},{"not_picked":["Hello World","Barrage"],"picked":"Beam Cell","floor":7},{"not_picked":["Ball Lightning","Reprogram","Thunder Strike"],"picked":"SKIP","floor":10},{"not_picked":["Turbo","Go for the Eyes"],"picked":"Steam Power","floor":13},{"not_picked":["Barrage","Go for the Eyes"],"picked":"Cold Snap","floor":14}],"player_experience":1558430,"relics_obtained":[{"floor":0,"key":"MawBank"},{"floor":0,"key":"Darkstone Periapt"},{"floor":0,"key":"Dead Branch"},{"floor":4,"key":"Symbiotic Virus"},{"floor":9,"key":"Letter Opener"}],"event_choices":[{"damage_healed":0,"gold_gain":0,"player_choice":"Fled","damage_taken":0,"max_hp_gain":0,"max_hp_loss":0,"event_name":"Scrap Ooze","floor":2,"gold_loss":0},{"cards_removed":["Strike_B"],"damage_healed":0,"gold_gain":0,"player_choice":"Card Removal","damage_taken":0,"max_hp_gain":0,"max_hp_loss":0,"event_name":"The Cleric","floor":8,"gold_loss":75}],"is_beta":false,"boss_relics":[],"items_purged_floors":[],"is_endless":false,"potions_floor_spawned":[10,13],"killed_by":"Hexaghost","ascension_level":15}