{"gold_per_floor":[112,112,125,142,159,159,179,179,203,203,51,51,70,90,90,191,221,236,161,146,146],"floor_reached":21,"playtime":857,"items_purged":["Parasite"],"score":234,"play_id":"7c10af0a-3dd6-40ce-9b95-80622910f9ff","local_time":"20180629141803","is_ascension_mode":true,"campfire_choices":[{"data":"Storm","floor":6,"key":"SMITH"},{"data":"Static Discharge","floor":10,"key":"SMITH"},{"data":"Zap","floor":12,"key":"SMITH"},{"data":"Double Energy","floor":15,"key":"SMITH"}],"neow_cost":"NONE","seed_source_timestamp":412484201037897,"circlet_count":0,"master_deck":["Strike_B","Strike_B","Strike_B","Strike_B","Defend_B","Defend_B","Defend_B+1","Defend_B","Zap+1","Dualcast","Static Discharge+1","Self Repair","Double Energy+1","Storm+1","Coolheaded","Stack","Multi-Cast","Capacitor","Capacitor"],"relics":["Cracked Core","Potion Belt","Bronze Scales","Tiny House"],"potions_floor_usage":[4,13,13,16,16,16,21,21],"damage_taken":[{"damage":7,"enemies":"Small Slimes","floor":1,"turns":2},{"damage":4,"enemies":"Cultist","floor":3,"turns":5},{"damage":5,"enemies":"2 Louse","floor":4,"turns":2},{"damage":15,"enemies":"Exordium Wildlife","floor":5,"turns":4},{"damage":16,"enemies":"Blue Slaver","floor":7,"turns":4},{"damage":6,"enemies":"Large Slime","floor":13,"turns":5},{"damage":14,"enemies":"Exordium Wildlife","floor":14,"turns":4},{"damage":24,"enemies":"Slime Boss","floor":16,"turns":8},{"damage":40,"enemies":"Chosen","floor":18,"turns":5},{"damage":42,"enemies":"2 Thieves","floor":20,"turns":4},{"damage":14,"enemies":"Snecko","floor":21,"turns":2}],"seed_played":"7877450255615141106","potions_obtained":[{"floor":1,"key":"FearPotion"},{"floor":2,"key":"LiquidBronze"},{"floor":2,"key":"EntropicBrew"},{"floor":2,"key":"FocusPotion"},{"floor":7,"key":"Ancient Potion"},{"floor":16,"key":"EssenceOfSteel"},{"floor":17,"key":"Dexterity Potion"},{"floor":18,"key":"SpeedPotion"}],"is_trial":false,"path_per_floor":["M","?","M","M","M","R","M","?","T","R","$","R","M","M","R","B",null,"M","$","M"],"character_chosen":"DEFECT","items_purchased":["Bronze Scales"],"campfire_rested":0,"item_purchase_floors":[11],"current_hp_per_floor":[68,68,64,66,58,58,49,69,69,69,69,69,79,72,72,55,80,47,47,12,0],"gold":146,"neow_bonus":"TEN_PERCENT_HP_BONUS","is_prod":false,"is_daily":false,"chose_seed":false,"campfire_upgraded":4,"win_rate":0,"timestamp":1530296283,"path_taken":["M","?","?","M","M","R","M","?","T","R","?","R","M","M","R","BOSS","M","$","M","M"],"build_version":"2018-06-28","purchased_purges":1,"victory":false,"max_hp_per_floor":[82,82,82,82,82,82,82,82,82,82,82,82,82,82,82,82,87,87,84,84,84],"card_choices":[{"not_picked":["Fusion","White Noise"],"picked":"Static Discharge","floor":1},{"not_picked":["Cold Snap","Hologram"],"picked":"Self Repair","floor":3},{"not_picked":["Rebound","Stack"],"picked":"Double Energy","floor":4},{"not_picked":["Doom and Gloom","Melter"],"picked":"Storm","floor":5},{"not_picked":["Streamline","Consume"],"picked":"Coolheaded","floor":7},{"not_picked":["Auto Shields","Turbo"],"picked":"Stack","floor":13},{"not_picked":["Barrage","Compile Driver","Sweeping Beam"],"picked":"SKIP","floor":14},{"not_picked":["Biased Cognition","Meteor Strike"],"picked":"Multi-Cast","floor":16},{"not_picked":["Sweeping Beam","Aggregate"],"picked":"Capacitor","floor":17},{"not_picked":["Leap","Stack"],"picked":"Capacitor","floor":18},{"not_picked":["Rip and Tear","Skim","Fusion"],"picked":"SKIP","floor":20}],"player_experience":860411,"relics_obtained":[{"floor":9,"key":"Potion Belt"}],"event_choices":[{"event_name":"The Lab","player_choice":"Got Potions","floor":2,"damage_taken":0},{"event_name":"Mushrooms","player_choice":"Healed and dodged fight","floor":8,"damage_taken":0}],"boss_relics":[{"not_picked":["Runic Dome","Eternal Feather"],"picked":"Tiny House"}],"items_purged_floors":[19],"is_endless":false,"potions_floor_spawned":[1,7,16,18],"killed_by":"Snecko","ascension_level":7}