{"gold_per_floor":[116,116,116,116,134,134,148,158,158,6,6,6,24,34,34,138,138,149,100,117,117,117,117,152,152,176,176,176,251,271,271,271,372,372,388,401,418,87,101,101,101,201,227,147,158,158],"floor_reached":46,"playtime":2666,"items_purged":["Parasite"],"score":478,"play_id":"d2e54a48-2691-41b7-a932-a96c6366c015","local_time":"20190112195940","is_ascension_mode":false,"campfire_choices":[{"data":"Zap","floor":6,"key":"SMITH"},{"data":"Defragment","floor":12,"key":"SMITH"},{"data":"Dualcast","floor":15,"key":"SMITH"},{"data":"Loop","floor":23,"key":"SMITH"},{"data":"Barrage","floor":25,"key":"SMITH"},{"data":"Streamline","floor":28,"key":"SMITH"},{"floor":32,"key":"REST"},{"floor":40,"key":"REST"}],"neow_cost":"NONE","seed_source_timestamp":94448260212940,"circlet_count":0,"master_deck":["Strike_B+1","Strike_B+1","Strike_B+1","Defend_B+1","Defend_B+1","Defend_B+1","Defend_B+1","Zap+1","Dualcast+1","Darkness+1","Cold Snap","Defragment+1","Barrage+1","Ball Lightning","Coolheaded+1","Coolheaded+1","Barrage+1","Streamline+1","Loop+1","Double Energy+1","Doom and Gloom","Chill","Multi-Cast","Loop+1"],"relics":["Cracked Core","Orichalcum","Gremlin Horn","Juzu Bracelet","Black Star","Mummified Hand","Mercury Hourglass","Dream Catcher","Frozen Egg 2","Eternal Feather","HandDrill","Girya","War Paint"],"potions_floor_usage":[13,16,30,33,39,46,46],"damage_taken":[{"damage":2,"enemies":"Small Slimes","floor":1,"turns":3},{"damage":7,"enemies":"2 Louse","floor":5,"turns":2},{"damage":0,"enemies":"Cultist","floor":7,"turns":3},{"damage":2,"enemies":"Looter","floor":8,"turns":3},{"damage":0,"enemies":"Large Slime","floor":13,"turns":5},{"damage":0,"enemies":"3 Louse","floor":14,"turns":2},{"damage":0,"enemies":"Slime Boss","floor":16,"turns":4},{"damage":20,"enemies":"2 Thieves","floor":18,"turns":4},{"damage":0,"enemies":"Spheric Guardian","floor":20,"turns":3},{"damage":8,"enemies":"Book of Stabbing","floor":24,"turns":4},{"damage":12,"enemies":"Snake Plant","floor":30,"turns":4},{"damage":28,"enemies":"Champ","floor":33,"turns":9},{"damage":32,"enemies":"3 Darklings","floor":35,"turns":6},{"damage":11,"enemies":"3 Shapes","floor":36,"turns":3},{"damage":0,"enemies":"Writhing Mass","floor":37,"turns":5},{"damage":17,"enemies":"Sphere and 2 Shapes","floor":39,"turns":5},{"damage":15,"enemies":"Mind Bloom Boss Battle","floor":42,"turns":6},{"damage":24,"enemies":"Maw","floor":45,"turns":8},{"damage":35,"enemies":"Writhing Mass","floor":46,"turns":2}],"seed_played":"1265666961724570812","potions_obtained":[{"floor":7,"key":"Regen Potion"},{"floor":8,"key":"GamblersBrew"},{"floor":14,"key":"FocusPotion"},{"floor":24,"key":"Dexterity Potion"},{"floor":35,"key":"EssenceOfSteel"},{"floor":37,"key":"GamblersBrew"},{"floor":42,"key":"SkillPotion"}],"is_trial":false,"path_per_floor":["M","?","?","?","M","R","M","M","T","$","?","R","M","M","R","B",null,"M","$","M","?","?","R","E","R","T","?","R","T","M","?","R","B",null,"M","M","M","$","M","R","?","?","T","$","M","M"],"character_chosen":"DEFECT","items_purchased":["Juzu Bracelet","Barrage","HandDrill","Block Potion","Loop+1"],"campfire_rested":2,"item_purchase_floors":[10,19,38,38,44],"current_hp_per_floor":[73,78,62,62,55,55,55,53,53,53,53,53,67,67,67,67,80,60,60,60,60,60,60,52,52,52,52,52,52,40,40,64,36,80,48,37,37,37,20,55,55,40,40,40,16,0],"gold":158,"neow_bonus":"RANDOM_COMMON_RELIC","is_prod":false,"is_daily":false,"chose_seed":false,"campfire_upgraded":6,"win_rate":0,"timestamp":1547351980,"path_taken":["M","?","?","?","M","R","M","M","T","$","?","R","M","M","R","BOSS","M","$","M","?","?","R","E","R","T","?","R","?","M","?","R","BOSS","M","M","M","$","M","R","?","?","T","?","M","M"],"build_version":"2019-01-10","purchased_purges":1,"victory":false,"max_hp_per_floor":[75,80,80,80,80,80,80,80,80,80,80,80,80,80,80,80,80,80,80,80,80,80,80,80,80,80,80,80,80,80,80,80,80,80,80,80,80,77,77,77,77,77,77,77,77,77],"card_choices":[{"not_picked":["Ball Lightning","Stack"],"picked":"Darkness","floor":1},{"not_picked":["Capacitor","Scrape"],"picked":"Cold Snap","floor":5},{"not_picked":["Steam","Capacitor"],"picked":"Defragment","floor":7},{"not_picked":["Leap","Rebound"],"picked":"Barrage","floor":8},{"not_picked":["BootSequence","Darkness"],"picked":"Ball Lightning","floor":13},{"not_picked":["Sweeping Beam","Sunder"],"picked":"Coolheaded","floor":14},{"not_picked":["Tempest","Hologram"],"picked":"Coolheaded","floor":18},{"not_picked":["Steam","Rebound"],"picked":"Streamline","floor":20},{"not_picked":["Rebound","Reprogram"],"picked":"Double Energy+1","floor":24},{"not_picked":["Leap","Redo"],"picked":"Doom and Gloom","floor":30},{"not_picked":["Sweeping Beam+1","Cold Snap"],"picked":"Chill","floor":32},{"not_picked":["Core Surge","Hyperbeam"],"picked":"Multi-Cast","floor":33},{"not_picked":["Steam+1","Lockon+1","Stack"],"picked":"SKIP","floor":35},{"not_picked":["Ball Lightning+1","Barrage+1","Sunder+1"],"picked":"SKIP","floor":36},{"not_picked":["Streamline+1","Fission","Beam Cell"],"picked":"SKIP","floor":37},{"not_picked":["Rebound","Cold Snap","Steam+1"],"picked":"SKIP","floor":39},{"not_picked":["Auto Shields","Chill","Glacier"],"picked":"SKIP","floor":45}],"player_experience":117327,"relics_obtained":[{"floor":9,"key":"Gremlin Horn"},{"floor":24,"key":"Mummified Hand"},{"floor":24,"key":"Mercury Hourglass"},{"floor":26,"key":"Dream Catcher"},{"floor":29,"key":"Frozen Egg 2"},{"floor":42,"key":"Girya"},{"floor":43,"key":"War Paint"}],"event_choices":[{"damage_healed":0,"gold_gain":0,"player_choice":"Donut","damage_taken":0,"max_hp_gain":5,"max_hp_loss":0,"event_name":"Big Fish","floor":2,"gold_loss":0},{"damage_healed":0,"gold_gain":0,"player_choice":"Entered Light","damage_taken":16,"max_hp_gain":0,"max_hp_loss":0,"event_name":"Shining Light","floor":3,"gold_loss":0,"cards_upgraded":["Strike_B","Defend_B"]},{"damage_healed":0,"gold_gain":0,"player_choice":"Upgraded","damage_taken":0,"max_hp_gain":0,"max_hp_loss":0,"event_name":"Upgrade Shrine","floor":4,"gold_loss":0,"cards_upgraded":["Darkness"]},{"damage_healed":0,"gold_gain":0,"player_choice":"Grow","damage_taken":0,"max_hp_gain":0,"max_hp_loss":0,"event_name":"Living Wall","floor":11,"gold_loss":0,"cards_upgraded":["Barrage"]},{"damage_healed":0,"gold_gain":0,"player_choice":"Read","damage_taken":0,"max_hp_gain":0,"max_hp_loss":0,"event_name":"The Library","floor":21,"gold_loss":0,"cards_obtained":["Loop"]},{"damage_healed":0,"gold_gain":0,"player_choice":"Ignored","damage_taken":0,"max_hp_gain":0,"max_hp_loss":0,"event_name":"Beggar","floor":22,"gold_loss":0},{"damage_healed":0,"gold_gain":0,"player_choice":"Simplicity","damage_taken":0,"max_hp_gain":0,"max_hp_loss":0,"event_name":"Back to Basics","floor":27,"gold_loss":0,"cards_upgraded":["Strike_B","Strike_B","Strike_B","Defend_B","Defend_B","Defend_B"]},{"damage_healed":0,"gold_gain":0,"player_choice":"Ignored","damage_taken":0,"max_hp_gain":0,"max_hp_loss":0,"event_name":"Vampires","floor":31,"gold_loss":0},{"cards_removed":["Strike_B"],"damage_healed":0,"gold_gain":0,"player_choice":"Removed Attack","damage_taken":0,"max_hp_gain":0,"max_hp_loss":0,"event_name":"Falling","floor":41,"gold_loss":0},{"damage_healed":0,"gold_gain":0,"player_choice":"Fight","damage_taken":0,"max_hp_gain":0,"max_hp_loss":0,"event_name":"MindBloom","floor":42,"gold_loss":0}],"is_beta":false,"boss_relics":[{"not_picked":["Sozu","Fusion Hammer"],"picked":"Black Star"},{"not_picked":["Calling Bell","White Beast Statue"],"picked":"Eternal Feather"}],"items_purged_floors":[38],"is_endless":false,"potions_floor_spawned":[7,8,14,24,35,37,42],"killed_by":"Writhing Mass","ascension_level":0}