{"gold_per_floor":[113,128,142,67,8,34,51,51,90,102,114,126,8,25,25,100,100,111,111,111,111,111,111,111],"floor_reached":24,"playtime":624,"items_purged":["Strike_B"],"score":378,"play_id":"273ba3a0-366c-4cdc-a7b6-3fe98555d952","local_time":"20190201120828","is_ascension_mode":true,"campfire_choices":[{"floor":10.0,"key":"REST"},{"data":"Zap","floor":12.0,"key":"SMITH"},{"floor":15.0,"key":"REST"},{"floor":23,"key":"REST"}],"neow_cost":"NONE","seed_source_timestamp":690070754976730,"circlet_count":0,"master_deck":["AscendersBane","Strike_B","Defend_B","Defend_B","Defend_B","Defend_B","Zap+1","Dualcast","Go for the Eyes","Rebound","Gash","Beam Cell","Streamline","Gash","Cold Snap","Echo Form","Reboot","Glacier+1","Writhe"],"special_seed":0,"relics":["Cracked Core","NeowsBlessing","Bag of Marbles","MawBank","Potion Belt","Inserter","Meat on the Bone","Symbiotic Virus"],"potions_floor_usage":[18,19,24],"damage_taken":[{"damage":0.0,"enemies":"2 Louse","floor":1.0,"turns":1.0},{"damage":0.0,"enemies":"Small Slimes","floor":2.0,"turns":1.0},{"damage":0.0,"enemies":"Cultist","floor":3.0,"turns":1.0},{"damage":29.0,"enemies":"Gremlin Nob","floor":6.0,"turns":4.0},{"damage":9.0,"enemies":"Red Slaver","floor":7.0,"turns":2.0},{"damage":7.0,"enemies":"Blue Slaver","floor":14.0,"turns":2.0},{"damage":44,"enemies":"The Guardian","floor":16,"turns":14},{"damage":39,"enemies":"2 Thieves","floor":18,"turns":4},{"damage":0,"enemies":"3 Byrds","floor":19,"turns":1},{"damage":52,"enemies":"Book of Stabbing","floor":24,"turns":6}],"seed_played":"4571064179671837449","potions_obtained":[{"floor":14.0,"key":"SmokeBomb"},{"floor":16,"key":"Explosive Potion"},{"floor":18,"key":"Weak Potion"}],"is_trial":false,"path_per_floor":["M","M","M","?","$","E","M","?","T","R","?","R","$","M","R","B",null,"M","M","T","?","?","R","E"],"character_chosen":"DEFECT","items_purchased":["Beam Cell","Cold Snap"],"campfire_rested":3,"item_purchase_floors":[5,13],"current_hp_per_floor":[64,64,64,64,64,35,26,15,15,36,36,36,36,29,50,6,55,16,16,16,16,30,51,0],"gold":111,"neow_bonus":"THREE_ENEMY_KILL","is_prod":false,"is_daily":false,"chose_seed":false,"campfire_upgraded":1,"win_rate":0,"timestamp":1549040908,"path_taken":["M","M","M","?","$","E","M","?","T","R","?","R","$","M","R","BOSS","M","?","?","?","?","R","E"],"build_version":"2019-01-23","purchased_purges":1,"victory":false,"max_hp_per_floor":[71,71,71,71,71,71,71,71,71,71,71,71,71,71,71,71,71,71,71,71,71,71,71,71],"card_choices":[{"not_picked":["Steam","Cold Snap"],"picked":"Go for the Eyes","floor":1.0},{"not_picked":["Blizzard","Go for the Eyes"],"picked":"Rebound","floor":2.0},{"not_picked":["Turbo","Tempest"],"picked":"Gash","floor":3.0},{"not_picked":["Auto Shields","Lockon"],"picked":"Streamline","floor":6.0},{"not_picked":["Leap","Skim"],"picked":"Gash","floor":7.0},{"not_picked":["Rebound","Genetic Algorithm"],"picked":"Echo Form","floor":14.0},{"not_picked":["Seek","Biased Cognition"],"picked":"Reboot","floor":16},{"not_picked":["Genetic Algorithm","Compile Driver"],"picked":"Glacier+1","floor":18}],"player_experience":2268534,"relics_obtained":[{"floor":6.0,"key":"Bag of Marbles"},{"floor":9.0,"key":"Potion Belt"},{"floor":20,"key":"Meat on the Bone"}],"event_choices":[{"cards_removed":["Strike_B"],"damage_healed":0.0,"max_hp_gain":0.0,"max_hp_loss":0.0,"gold_gain":0.0,"event_name":"The Cleric","player_choice":"Card Removal","floor":4.0,"gold_loss":75.0,"damage_taken":0.0},{"damage_healed":0.0,"max_hp_gain":0.0,"max_hp_loss":0.0,"gold_gain":0.0,"event_name":"Scrap Ooze","player_choice":"Success","floor":8.0,"gold_loss":0.0,"damage_taken":11.0,"relics_obtained":["MawBank"]},{"cards_removed":["Strike_B"],"damage_healed":0.0,"max_hp_gain":0.0,"max_hp_loss":0.0,"gold_gain":0.0,"event_name":"Wheel of Change","player_choice":"Card Removal","floor":11.0,"gold_loss":0.0,"damage_taken":0.0},{"damage_healed":0,"gold_gain":0,"player_choice":"Opened","damage_taken":0,"relics_obtained":["Symbiotic Virus"],"max_hp_gain":0,"max_hp_loss":0,"event_name":"The Mausoleum","floor":21,"gold_loss":0,"cards_obtained":["Writhe"]},{"damage_healed":14,"gold_gain":0,"player_choice":"Heal","damage_taken":0,"max_hp_gain":0,"max_hp_loss":0,"event_name":"The Library","floor":22,"gold_loss":0}],"is_beta":false,"boss_relics":[{"not_picked":["Runic Pyramid","Busted Crown"],"picked":"Inserter"}],"items_purged_floors":[13],"is_endless":false,"potions_floor_spawned":[14,16,18],"killed_by":"Book of Stabbing","ascension_level":19}