{"gold_per_floor":[117,133,133,151,167,167,193,193,220,220,234,54,73,51,51,148,148,163,179,179,269,280,280],"floor_reached":23,"playtime":1658,"items_purged":["Strike_G"],"score":275,"play_id":"2cc7aa8d-80b6-404a-be62-f97e60028db0","local_time":"20180803085230","is_ascension_mode":true,"campfire_choices":[{"data":"Neutralize","floor":6,"key":"SMITH"},{"data":"Cloak And Dagger","floor":15,"key":"SMITH"}],"neow_cost":"TEN_PERCENT_HP_LOSS","seed_source_timestamp":627708912213212,"circlet_count":0,"master_deck":["Defend_G","Defend_G","Defend_G","Defend_G","Defend_G","Strike_G","Survivor","Neutralize+1","AscendersBane","Noxious Fumes","Riddle With Holes","Caltrops","Well Laid Plans","Cloak And Dagger+1","Deflect","Blade Dance","Noxious Fumes","Cloak And Dagger","A Thousand Cuts","PiercingWail","Distraction+1"],"relics":["Ring of the Snake","Odd Mushroom","Nunchaku","Orichalcum","Coffee Dripper"],"potions_floor_usage":[19,22,23],"damage_taken":[{"damage":1,"enemies":"2 Louse","floor":1,"turns":4},{"damage":2,"enemies":"Cultist","floor":2,"turns":4},{"damage":0,"enemies":"Jaw Worm","floor":4,"turns":4},{"damage":9,"enemies":"3 Louse","floor":5,"turns":4},{"damage":22,"floor":7,"turns":5},{"damage":3,"enemies":"2 Fungi Beasts","floor":11,"turns":5},{"damage":2,"enemies":"Exordium Wildlife","floor":13,"turns":5},{"damage":6,"enemies":"Hexaghost","floor":16,"turns":10},{"damage":6,"enemies":"Shell Parasite","floor":18,"turns":7},{"damage":13,"enemies":"Spheric Guardian","floor":19,"turns":6},{"damage":9,"enemies":"Cultist and Chosen","floor":22,"turns":7},{"damage":20,"enemies":"Slavers","floor":23,"turns":1}],"seed_played":"1165893367592211032","potions_obtained":[{"floor":2,"key":"FearPotion"},{"floor":7,"key":"Dexterity Potion"},{"floor":11,"key":"Swift Potion"}],"is_trial":false,"path_per_floor":["M","M","?","M","M","R","?","T","T","?","M","$","M","?","R","B",null,"M","M","?","?","M"],"character_chosen":"THE_SILENT","items_purchased":["Blade Dance","Noxious Fumes"],"campfire_rested":0,"item_purchase_floors":[12,12],"current_hp_per_floor":[62,60,60,60,51,51,29,29,29,29,26,26,24,24,24,18,52,46,33,33,21,12,0],"gold":280,"neow_bonus":"TRANSFORM_TWO_CARDS","is_prod":false,"is_daily":false,"chose_seed":false,"campfire_upgraded":2,"win_rate":0,"timestamp":1533304350,"path_taken":["M","M","?","M","M","R","?","?","T","?","M","$","M","?","R","BOSS","M","M","?","?","M","E"],"build_version":"2018-08-01","purchased_purges":1,"victory":false,"max_hp_per_floor":[63,63,63,63,63,63,63,63,63,63,63,63,63,63,63,63,63,63,63,63,63,63,63],"card_choices":[{"not_picked":["Poisoned Stab","Backflip"],"picked":"Caltrops","floor":1},{"not_picked":["Endless Agony","Heel Hook","Quick Slash"],"picked":"SKIP","floor":2},{"not_picked":["Quick Slash","Setup"],"picked":"Well Laid Plans","floor":4},{"not_picked":["Finisher","Tactician","Expertise"],"picked":"SKIP","floor":5},{"not_picked":["Outmaneuver","Acrobatics"],"picked":"Cloak And Dagger","floor":7},{"not_picked":["Underhanded Strike","Poisoned Stab"],"picked":"Deflect","floor":11},{"not_picked":["PiercingWail","Poisoned Stab"],"picked":"Cloak And Dagger","floor":13},{"not_picked":["Doppelganger","Storm of Steel"],"picked":"A Thousand Cuts","floor":16},{"not_picked":["Masterful Stab+1","Underhanded Strike"],"picked":"PiercingWail","floor":18},{"not_picked":["Dagger Spray","Flying Knee"],"picked":"Distraction+1","floor":19},{"not_picked":["PiercingWail","Bouncing Flask","Riddle With Holes"],"picked":"SKIP","floor":22}],"player_experience":334616,"relics_obtained":[{"floor":7,"key":"Odd Mushroom"},{"floor":8,"key":"Nunchaku"},{"floor":9,"key":"Orichalcum"}],"event_choices":[{"event_name":"Wheel of Change","player_choice":"Card Removal","floor":3,"damage_taken":0},{"event_name":"Mushrooms","player_choice":"Fought Mushrooms","floor":7,"damage_taken":0},{"event_name":"Liars Game","player_choice":"disagreed","floor":10,"damage_taken":0},{"event_name":"World of Goop","player_choice":"Left","floor":14,"damage_taken":0},{"event_name":"Ghosts","player_choice":"Ignored","floor":20,"damage_taken":0},{"event_name":"Knowing Skull","player_choice":"GOLD ","floor":21,"damage_taken":0}],"is_beta":true,"boss_relics":[{"not_picked":["Eternal Feather","White Beast Statue"],"picked":"Coffee Dripper"}],"items_purged_floors":[12],"is_endless":false,"potions_floor_spawned":[2,7,11,13],"killed_by":"Slavers","ascension_level":10}