{"gold_per_floor":[114,114,129,129,144,144,159,159,184,199,235,235,250,280,280,380,380,395,410,425,425,440,440,355,355,380,410,410,425,129,144,144,244,244,259,274,289,304,319,319,349,349,349,364,364,38,38,38,38,38],"floor_reached":51,"playtime":1816,"items_purged":[],"score":926,"play_id":"d6211bc8-37e8-45ff-81cf-99b1e2dae7e1","local_time":"20181230143629","daily_mods":["Draft","Uncertain Future","Lethality"],"is_ascension_mode":false,"campfire_choices":[{"data":"Whirlwind","floor":6.0,"key":"SMITH"},{"data":"Disarm","floor":8.0,"key":"SMITH"},{"data":"Disarm","floor":15.0,"key":"SMITH"},{"data":"Corruption","floor":23.0,"key":"SMITH"},{"data":"Heavy Blade","floor":28.0,"key":"SMITH"},{"data":"Feel No Pain","floor":32.0,"key":"SMITH"},{"data":"Barricade","floor":40,"key":"SMITH"},{"data":"Sentinel","floor":42,"key":"SMITH"},{"data":"Limit Break","floor":49,"key":"SMITH"}],"neow_cost":"","seed_source_timestamp":0,"circlet_count":0,"master_deck":["Whirlwind+1","Disarm+1","Shrug It Off","Body Slam","Disarm+1","Iron Wave","Havoc","Carnage","Corruption+1","Burning Pact","Flame Barrier","Feel No Pain+1","Iron Wave","Thunderclap","Heavy Blade+1","Limit Break+1","Flame Barrier","Twin Strike","Shrug It Off","Offering","Feed","Shockwave","Sword Boomerang","Armaments+1","Dual Wield+1","Burning Pact+1","Sentinel+1","Shockwave+1","True Grit","Barricade+1","Battle Trance+1","Entrench","Inflame+1","Infernal Blade+1","True Grit+1","Shrug It Off","True Grit"],"special_seed":17895,"relics":["Burning Blood","Sundial","Anchor","Pantograph","Bag of Marbles","Orrery","Blue Candle","Smiling Mask","Mango","Bottled Tornado","Black Star","Molten Egg 2","Art of War","Ancient Tea Set","FaceOfCleric","Kunai"],"potions_floor_usage":[33,33,50],"damage_taken":[{"damage":11.0,"enemies":"Small Slimes","floor":1.0,"turns":2.0},{"damage":0.0,"enemies":"2 Louse","floor":3.0,"turns":1.0},{"damage":0.0,"enemies":"Cultist","floor":5.0,"turns":3.0},{"damage":0.0,"enemies":"Exordium Thugs","floor":7.0,"turns":1.0},{"damage":1.0,"enemies":"Large Slime","floor":10.0,"turns":4.0},{"damage":12.0,"enemies":"Gremlin Nob","floor":11.0,"turns":3.0},{"damage":1.0,"enemies":"Red Slaver","floor":13.0,"turns":2.0},{"damage":0.0,"enemies":"3 Sentries","floor":14.0,"turns":3.0},{"damage":6.0,"enemies":"Hexaghost","floor":16.0,"turns":6.0},{"damage":6.0,"enemies":"Shell Parasite","floor":18.0,"turns":2.0},{"damage":6.0,"enemies":"Chosen","floor":19.0,"turns":3.0},{"damage":27.0,"enemies":"Snake Plant","floor":20.0,"turns":3.0},{"damage":5.0,"enemies":"Centurion and Healer","floor":22.0,"turns":3.0},{"damage":9.0,"enemies":"Gremlin Leader","floor":27.0,"turns":4.0},{"damage":6.0,"enemies":"Chosen and Byrds","floor":29.0,"turns":4.0},{"damage":0.0,"enemies":"Snecko","floor":31.0,"turns":5.0},{"damage":6,"enemies":"Automaton","floor":33,"turns":8},{"damage":0,"enemies":"Orb Walker","floor":35,"turns":4},{"damage":6,"enemies":"3 Shapes","floor":36,"turns":2},{"damage":6,"enemies":"Transient","floor":37,"turns":5},{"damage":6,"enemies":"Spire Growth","floor":38,"turns":3},{"damage":24,"enemies":"Jaw Worm Horde","floor":39,"turns":4},{"damage":8,"enemies":"Giant Head","floor":41,"turns":6},{"damage":8,"enemies":"Sphere and 2 Shapes","floor":44,"turns":4},{"damage":19,"enemies":"Donu and Deca","floor":50,"turns":6}],"seed_played":"4116191872151590988","potions_obtained":[{"floor":1.0,"key":"Weak Potion"},{"floor":3.0,"key":"Energy Potion"},{"floor":11.0,"key":"GamblersBrew"},{"floor":13.0,"key":"EssenceOfSteel"},{"floor":16.0,"key":"Poison Potion"},{"floor":18.0,"key":"SpeedPotion"},{"floor":31.0,"key":"Ancient Potion"},{"floor":36,"key":"Poison Potion"},{"floor":37,"key":"SpeedPotion"},{"floor":44,"key":"SpeedPotion"}],"is_trial":false,"path_per_floor":["M","$","M","?","M","R","M","R","T","M","?","?","M","E","R","B",null,"M","M","M","?","M","R","?","?","T","E","R","M","$","M","R","B",null,"M","M","M","M","M","R","E","R","T","M","?","$","?","$","R","B",null],"character_chosen":"IRONCLAD","items_purchased":["True Grit","Bottled Tornado","Shrug It Off","Kunai","True Grit"],"campfire_rested":0,"item_purchase_floors":[30,30,46,46,46],"current_hp_per_floor":[75,75,80,73,79,79,80,80,80,80,74,79,84,85,85,85,85,85,85,64,64,65,65,65,65,65,76,76,79,79,88,88,105,105,105,109,109,109,97,97,95,95,95,97,97,97,102,102,102,107],"gold":38,"neow_bonus":"","is_prod":false,"is_daily":true,"chose_seed":false,"campfire_upgraded":9,"win_rate":0,"timestamp":1546176989,"path_taken":["M","$","M","?","M","R","M","R","T","M","?","?","M","E","R","BOSS","M","M","M","?","M","R","?","?","T","E","R","M","$","M","R","BOSS","M","M","M","M","M","R","E","R","T","M","?","?","?","$","R","BOSS"],"build_version":"2018-12-20","purchased_purges":0,"victory":true,"max_hp_per_floor":[80,80,80,80,80,80,80,80,80,80,80,85,85,85,85,85,85,85,85,85,85,85,85,85,85,85,99,99,102,102,105,105,105,105,105,109,109,109,115,115,115,115,115,119,119,119,119,119,119,120],"card_choices":[{"not_picked":["Bloodletting","Pummel"],"picked":"Whirlwind","floor":0.0},{"not_picked":["Searing Blow","Shrug It Off"],"picked":"Disarm","floor":0.0},{"not_picked":["Power Through","Havoc"],"picked":"Shrug It Off","floor":0.0},{"not_picked":["Iron Wave","Rupture"],"picked":"Body Slam","floor":0.0},{"not_picked":["Pommel Strike","Fire Breathing"],"picked":"Disarm","floor":0.0},{"not_picked":["Perfected Strike","Heavy Blade"],"picked":"Iron Wave","floor":0.0},{"not_picked":["Sword Boomerang","Bloodletting"],"picked":"Cleave","floor":0.0},{"not_picked":["Rupture","Body Slam"],"picked":"Havoc","floor":0.0},{"not_picked":["Twin Strike","Clash"],"picked":"Carnage","floor":0.0},{"not_picked":["Shrug It Off","Battle Trance"],"picked":"Corruption","floor":0.0},{"not_picked":["Twin Strike","Anger"],"picked":"Burning Pact","floor":0.0},{"not_picked":["Flex","Cleave"],"picked":"Flame Barrier","floor":0.0},{"not_picked":["Shockwave","Body Slam"],"picked":"Feel No Pain","floor":0.0},{"not_picked":["Heavy Blade","Clash"],"picked":"Iron Wave","floor":0.0},{"not_picked":["Anger","Hemokinesis"],"picked":"Thunderclap","floor":0.0},{"not_picked":["Reckless Charge","Headbutt"],"picked":"Heavy Blade","floor":1.0},{"not_picked":["Headbutt","Cleave","Hemokinesis"],"picked":"SKIP","floor":3.0},{"not_picked":["Clash","Anger","Wild Strike"],"picked":"SKIP","floor":5.0},{"not_picked":["Metallicize","Iron Wave"],"picked":"Limit Break","floor":7.0},{"not_picked":["Heavy Blade","Warcry"],"picked":"Flame Barrier","floor":10.0},{"not_picked":["Cleave","Sword Boomerang"],"picked":"Twin Strike","floor":11.0},{"not_picked":["Armaments","Cleave"],"picked":"Shrug It Off","floor":13.0},{"not_picked":["Corruption","Clothesline"],"picked":"Offering","floor":14.0},{"not_picked":["Immolate","Bludgeon"],"picked":"Feed","floor":16.0},{"not_picked":["Wild Strike","Shrug It Off"],"picked":"Shockwave","floor":17.0},{"not_picked":["Cleave","Headbutt"],"picked":"Sword Boomerang","floor":17.0},{"not_picked":["True Grit","Headbutt"],"picked":"Armaments+1","floor":18.0},{"not_picked":["Flex","Combust"],"picked":"Dual Wield+1","floor":19.0},{"not_picked":["Pommel Strike","Immolate"],"picked":"Burning Pact+1","floor":20.0},{"not_picked":["Burning Pact+1","Pommel Strike"],"picked":"Shockwave+1","floor":22.0},{"not_picked":["Flex","Iron Wave","Havoc"],"picked":"SKIP","floor":27.0},{"not_picked":["Clash","Sever Soul","Heavy Blade"],"picked":"SKIP","floor":29.0},{"not_picked":["Sword Boomerang+1","Metallicize","Brutality"],"picked":"SKIP","floor":31.0},{"not_picked":["Brutality","Bludgeon"],"picked":"Barricade","floor":33},{"not_picked":["Heavy Blade","Inflame+1"],"picked":"Battle Trance+1","floor":35},{"not_picked":["Bloodletting","Perfected Strike+1"],"picked":"Entrench","floor":36},{"not_picked":["Iron Wave","Wild Strike","Rupture"],"picked":"SKIP","floor":37},{"not_picked":["Reaper","Body Slam+1"],"picked":"Inflame+1","floor":38},{"not_picked":["Clash+1","Wild Strike+1","Havoc"],"picked":"SKIP","floor":39},{"not_picked":["Warcry+1","Perfected Strike"],"picked":"Infernal Blade+1","floor":41},{"not_picked":["Power Through","Metallicize+1"],"picked":"True Grit+1","floor":44}],"player_experience":1829002,"relics_obtained":[{"floor":9.0,"key":"Anchor"},{"floor":11.0,"key":"Pantograph"},{"floor":14.0,"key":"Bag of Marbles"},{"floor":26.0,"key":"Smiling Mask"},{"floor":27.0,"key":"Mango"},{"floor":41,"key":"Molten Egg 2"},{"floor":41,"key":"Art of War"},{"floor":43,"key":"Ancient Tea Set"}],"event_choices":[{"damage_healed":0.0,"max_hp_gain":0.0,"max_hp_loss":0.0,"gold_gain":0.0,"event_name":"Scrap Ooze","player_choice":"Success","floor":4.0,"gold_loss":0.0,"damage_taken":7.0,"relics_obtained":["Sundial"]},{"damage_healed":0.0,"max_hp_gain":0.0,"max_hp_loss":0.0,"gold_gain":0.0,"event_name":"Dead Adventurer","player_choice":"Searched \u00271\u0027 times","floor":11.0,"gold_loss":0.0,"damage_taken":0.0},{"damage_healed":0.0,"max_hp_gain":5.0,"max_hp_loss":0.0,"gold_gain":0.0,"event_name":"Big Fish","player_choice":"Donut","floor":12.0,"gold_loss":0.0,"damage_taken":0.0},{"damage_healed":0.0,"max_hp_gain":0.0,"max_hp_loss":0.0,"gold_gain":0.0,"event_name":"The Library","player_choice":"Read","floor":21.0,"gold_loss":0.0,"damage_taken":0.0,"cards_obtained":["Sentinel"]},{"damage_healed":0.0,"max_hp_gain":0.0,"max_hp_loss":0.0,"gold_gain":0.0,"event_name":"Addict","player_choice":"Obtained Relic","floor":24.0,"gold_loss":85.0,"damage_taken":0.0,"relics_obtained":["Blue Candle"]},{"damage_healed":0.0,"max_hp_gain":0.0,"max_hp_loss":0.0,"gold_gain":0.0,"event_name":"N\u0027loth","player_choice":"Ignored","floor":25.0,"gold_loss":0.0,"damage_taken":0.0},{"damage_healed":0,"gold_gain":0,"player_choice":"Trade","damage_taken":0,"relics_obtained":["FaceOfCleric"],"max_hp_gain":0,"max_hp_loss":0,"event_name":"FaceTrader","floor":45,"gold_loss":0},{"cards_removed":["Cleave"],"damage_healed":5,"gold_gain":0,"player_choice":"Offered Common","damage_taken":0,"max_hp_gain":0,"max_hp_loss":0,"event_name":"Bonfire Elementals","floor":47,"gold_loss":0},{"cards_removed":["Cleave"],"damage_healed":5,"gold_gain":0,"player_choice":"Offered Special","damage_taken":0,"max_hp_gain":0,"max_hp_loss":0,"event_name":"Bonfire Elementals","floor":47,"gold_loss":0}],"is_beta":false,"boss_relics":[{"not_picked":["Busted Crown","Ectoplasm"],"picked":"Orrery"},{"not_picked":["Runic Dome","Runic Cube"],"picked":"Black Star"}],"items_purged_floors":[],"is_endless":false,"potions_floor_spawned":[1,3,11,13,16,18,22,27,31,36,37,41,44],"ascension_level":0}