{"gold_per_floor":[111,131,206,206,219,219,237,252,300,327,327,13,13,13,13,118,118,84,184,203,203,128,128,145,145,220,220],"floor_reached":27,"playtime":1283,"items_purged":["Strike_R"],"score":211,"play_id":"d89d4b5c-39d6-4d86-8f9f-e5f6f9cf36b8","local_time":"20190124170155","is_ascension_mode":false,"campfire_choices":[{"data":"Armaments","floor":6,"key":"SMITH"},{"data":"Spot Weakness","floor":13,"key":"SMITH"},{"floor":15,"key":"REST"},{"data":"Rage","floor":23,"key":"SMITH"},{"data":"Limit Break","floor":25,"key":"SMITH"}],"neow_cost":"NONE","seed_source_timestamp":1122078289753657,"circlet_count":0,"master_deck":["Strike_R","Strike_R+1","Strike_R","Strike_R","Defend_R","Defend_R+1","Defend_R","Defend_R","Bash+1","Spot Weakness+1","Armaments+1","Rage+1","Combust","Sentinel","Battle Trance","Heavy Blade","Shrug It Off","Shrug It Off","Limit Break+1"],"relics":["Burning Blood","Dream Catcher","Darkstone Periapt","Ginger","Black Star","StoneCalendar","Sundial","Kunai"],"potions_floor_usage":[7,7,18,19],"damage_taken":[{"damage":4,"enemies":"Small Slimes","floor":1,"turns":4},{"damage":6,"enemies":"Jaw Worm","floor":2,"turns":3},{"damage":0,"enemies":"2 Louse","floor":5,"turns":3},{"damage":0,"enemies":"Exordium Wildlife","floor":7,"turns":2},{"damage":24,"enemies":"Exordium Thugs","floor":8,"turns":4},{"damage":23,"enemies":"3 Sentries","floor":10,"turns":7},{"damage":41,"enemies":"The Guardian","floor":16,"turns":13},{"damage":21,"enemies":"2 Thieves","floor":18,"turns":5},{"damage":26,"enemies":"Colosseum Slavers","floor":19,"turns":4},{"damage":39,"enemies":"Colosseum Nobs","floor":19,"turns":5},{"damage":4,"enemies":"Shell Parasite","floor":20,"turns":8},{"damage":21,"enemies":"Snake Plant","floor":24,"turns":4},{"damage":21,"enemies":"Centurion and Healer","floor":27,"turns":5}],"seed_played":"-8895953759939421826","potions_obtained":[{"floor":1,"key":"AttackPotion"},{"floor":2,"key":"Block Potion"},{"floor":16,"key":"Regen Potion"},{"floor":18,"key":"AttackPotion"},{"floor":20,"key":"FearPotion"}],"is_trial":false,"path_per_floor":["M","M","?","?","M","R","M","M","T","E","?","$","R","?","R","B",null,"M","?","M","?","$","R","M","R","T","M"],"character_chosen":"IRONCLAD","items_purchased":["Ginger"],"campfire_rested":1,"item_purchase_floors":[12],"current_hp_per_floor":[80,80,69,74,80,80,85,67,67,50,33,33,33,33,58,23,85,82,29,31,31,31,31,16,16,16,0],"gold":220,"neow_bonus":"UPGRADE_CARD","is_prod":false,"is_daily":false,"chose_seed":false,"campfire_upgraded":4,"win_rate":0,"timestamp":1548378115,"path_taken":["M","M","?","?","M","R","M","M","T","E","?","?","R","?","R","BOSS","M","?","M","?","?","R","M","R","T","M"],"build_version":"2019-01-23","purchased_purges":1,"victory":false,"max_hp_per_floor":[80,80,80,85,85,85,85,85,85,85,85,85,85,85,85,85,85,85,85,85,85,85,85,85,85,85,85],"card_choices":[{"not_picked":["Rupture","Wild Strike"],"picked":"Spot Weakness","floor":1},{"not_picked":["Clothesline","Wild Strike"],"picked":"Armaments","floor":2},{"not_picked":["Pummel","Anger"],"picked":"Rage","floor":5},{"not_picked":["Dual Wield","Havoc"],"picked":"Combust","floor":7},{"not_picked":["Heavy Blade","Pommel Strike"],"picked":"Sentinel","floor":8},{"not_picked":["True Grit","Immolate"],"picked":"Battle Trance","floor":10},{"not_picked":["Iron Wave","Hemokinesis"],"picked":"Heavy Blade","floor":18},{"not_picked":["Spot Weakness+1","Havoc+1"],"picked":"Shrug It Off","floor":19},{"not_picked":["Metallicize","Headbutt"],"picked":"Shrug It Off","floor":20},{"not_picked":["Inflame","True Grit"],"picked":"Limit Break","floor":24}],"player_experience":154595,"relics_obtained":[{"floor":9,"key":"Dream Catcher"},{"floor":10,"key":"Darkstone Periapt"},{"floor":19,"key":"StoneCalendar"},{"floor":19,"key":"Sundial"},{"floor":26,"key":"Kunai"}],"event_choices":[{"damage_healed":0,"gold_gain":75,"player_choice":"Gather Gold","damage_taken":11,"max_hp_gain":0,"max_hp_loss":0,"event_name":"World of Goop","floor":3,"gold_loss":0},{"damage_healed":0,"gold_gain":0,"player_choice":"Donut","damage_taken":0,"max_hp_gain":5,"max_hp_loss":0,"event_name":"Big Fish","floor":4,"gold_loss":0},{"damage_healed":0,"gold_gain":0,"player_choice":"Entered Light","damage_taken":17,"max_hp_gain":0,"max_hp_loss":0,"event_name":"Shining Light","floor":11,"gold_loss":0,"cards_upgraded":["Strike_R","Defend_R"]},{"damage_healed":0,"gold_gain":0,"player_choice":"Leave","damage_taken":0,"max_hp_gain":0,"max_hp_loss":0,"event_name":"The Cleric","floor":14,"gold_loss":0},{"damage_healed":0,"gold_gain":0,"player_choice":"Fight","damage_taken":0,"max_hp_gain":0,"max_hp_loss":0,"event_name":"Colosseum","floor":19,"gold_loss":0},{"damage_healed":0,"gold_gain":0,"player_choice":"Fought Nobs","damage_taken":0,"max_hp_gain":0,"max_hp_loss":0,"event_name":"Colosseum","floor":19,"gold_loss":0},{"damage_healed":0,"gold_gain":0,"player_choice":"Ignored","damage_taken":0,"max_hp_gain":0,"max_hp_loss":0,"event_name":"Cursed Tome","floor":21,"gold_loss":0}],"is_beta":false,"boss_relics":[{"not_picked":["Fusion Hammer","White Beast Statue"],"picked":"Black Star"}],"items_purged_floors":[22],"is_endless":false,"potions_floor_spawned":[1,2,16,18,20],"killed_by":"Centurion and Healer","ascension_level":0}