{"gold_per_floor":[112,129,143,86,86,121,121,132,132,132,132,57,57,67,67,141,141,141],"floor_reached":18,"playtime":842,"items_purged":["Strike_B"],"score":288,"play_id":"a3de0576-bfa7-4e2b-a943-76acdf3cbd7b","local_time":"20181109085232","is_ascension_mode":true,"campfire_choices":[{"floor":7,"key":"REST"},{"data":"Defragment","floor":10,"key":"SMITH"},{"data":"Leap","floor":15,"key":"SMITH"}],"neow_cost":"NONE","seed_source_timestamp":300950252403454,"circlet_count":0,"master_deck":["AscendersBane","Strike_B","Strike_B","Strike_B","Defend_B","Defend_B","Defend_B","Defend_B","Zap+1","Dualcast","Leap+1","Go for the Eyes","Leap","Defragment+1","Capacitor","Parasite","BootSequence","Core Surge"],"relics":["White Beast Statue","Meat on the Bone","Ornamental Fan","Inserter"],"potions_floor_usage":[3,6,8,16,18],"damage_taken":[{"damage":12,"enemies":"2 Louse","floor":1,"turns":3},{"damage":0,"enemies":"Small Slimes","floor":2,"turns":3},{"damage":8,"enemies":"Jaw Worm","floor":3,"turns":7},{"damage":16,"enemies":"3 Sentries","floor":6,"turns":11},{"damage":0,"enemies":"Blue Slaver","floor":8,"turns":5},{"damage":16,"enemies":"Large Slime","floor":14,"turns":8},{"damage":49,"enemies":"Hexaghost","floor":16,"turns":13},{"damage":66,"enemies":"3 Byrds","floor":18,"turns":7}],"seed_played":"-5168819398483211010","potions_obtained":[{"floor":1,"key":"FairyPotion"},{"floor":2,"key":"SkillPotion"},{"floor":3,"key":"Fire Potion"},{"floor":6,"key":"EssenceOfSteel"},{"floor":8,"key":"SpeedPotion"},{"floor":14,"key":"LiquidBronze"},{"floor":16,"key":"AttackPotion"}],"is_trial":false,"path_per_floor":["M","M","M","?","?","E","R","M","T","R","?","$","?","M","R","B",null,"M"],"character_chosen":"DEFECT","items_purchased":[],"campfire_rested":1,"item_purchase_floors":[],"current_hp_per_floor":[52,52,44,44,44,28,49,49,49,49,49,49,66,50,50,13,57,0],"gold":141,"neow_bonus":"BOSS_RELIC","is_prod":false,"is_daily":false,"chose_seed":false,"campfire_upgraded":2,"win_rate":0,"timestamp":1541771552,"path_taken":["M","M","M","?","?","E","R","M","T","R","?","$","?","M","R","BOSS","M"],"build_version":"2018-11-08","purchased_purges":1,"victory":false,"max_hp_per_floor":[71,71,71,71,71,71,71,71,71,71,71,71,71,71,71,71,71,71],"card_choices":[{"not_picked":["Ball Lightning","Compile Driver"],"picked":"Leap","floor":1},{"not_picked":["Skim","Reprogram"],"picked":"Go for the Eyes","floor":2},{"not_picked":["Skim","Hyperbeam"],"picked":"Leap","floor":3},{"not_picked":["Cold Snap","Go for the Eyes"],"picked":"Defragment","floor":6},{"not_picked":["Darkness","Stack"],"picked":"Capacitor","floor":8},{"not_picked":["Stack","Recycle"],"picked":"BootSequence","floor":14},{"not_picked":["Machine Learning","Electrodynamics"],"picked":"Core Surge","floor":16}],"player_experience":1669984,"relics_obtained":[{"floor":6,"key":"Meat on the Bone"},{"floor":9,"key":"Ornamental Fan"}],"event_choices":[{"damage_healed":0,"gold_gain":0,"player_choice":"Left Gold","damage_taken":0,"max_hp_gain":0,"max_hp_loss":0,"event_name":"World of Goop","floor":4,"gold_loss":57},{"damage_healed":0,"gold_gain":0,"player_choice":"Ignored","damage_taken":0,"max_hp_gain":0,"max_hp_loss":0,"event_name":"Shining Light","floor":5,"gold_loss":0},{"damage_healed":0,"gold_gain":0,"player_choice":"Grow","damage_taken":0,"max_hp_gain":0,"max_hp_loss":0,"event_name":"Living Wall","floor":11,"gold_loss":0,"cards_upgraded":["Zap"]},{"damage_healed":17,"gold_gain":0,"player_choice":"Healed and dodged fight","damage_taken":0,"max_hp_gain":0,"max_hp_loss":0,"event_name":"Mushrooms","floor":13,"gold_loss":0,"cards_obtained":["Parasite"]}],"is_beta":false,"boss_relics":[{"not_picked":["Coffee Dripper","Runic Pyramid"],"picked":"Inserter"}],"items_purged_floors":[12],"is_endless":false,"potions_floor_spawned":[1,2,3,6,8,14,16],"killed_by":"3 Byrds","ascension_level":16}