{"gold_per_floor":[109,109,30,30,43,43,54,79,132,132,132,144,160,172,172,277,277,289,289,302,302,302,315,331,34,60,73,92,92,107,118,118,118],"floor_reached":33,"playtime":865,"items_purged":[],"score":253,"play_id":"3a2768b5-73c8-429d-b0c7-955ddfd978aa","local_time":"20180726231757","is_ascension_mode":false,"campfire_choices":[{"data":"Bane","floor":6,"key":"SMITH"},{"data":"Survivor","floor":10,"key":"SMITH"},{"data":"Footwork","floor":15,"key":"SMITH"},{"floor":29,"key":"DIG"},{"floor":32,"key":"REST"}],"neow_cost":"NONE","seed_source_timestamp":249581062641524,"circlet_count":0,"master_deck":["Defend_G","Defend_G","Defend_G","Defend_G","Defend_G","Strike_G","Strike_G","Strike_G+1","Strike_G+1","Strike_G+1","Survivor+1","Neutralize+1","Bane+1","Noxious Fumes+1","Dagger Throw","Backflip","Footwork+1","Outmaneuver","Quick Slash+1","Backstab","Noxious Fumes","All Out Attack","Dagger Spray","Skewer","Dagger Throw+1"],"relics":["Busted Crown","Whetstone","Bronze Scales","White Beast Statue","Shovel","Vajra","Kunai"],"potions_floor_usage":[8,16,16,18,23,23,24,28,31,31,33,33],"damage_taken":[{"damage":0,"enemies":"Small Slimes","floor":1,"turns":3},{"damage":8,"enemies":"Jaw Worm","floor":5,"turns":3},{"damage":0,"enemies":"2 Louse","floor":7,"turns":3},{"damage":16,"enemies":"Lagavulin","floor":8,"turns":5},{"damage":0,"enemies":"Looter","floor":12,"turns":2},{"damage":0,"enemies":"3 Louse","floor":13,"turns":2},{"damage":5,"enemies":"2 Fungi Beasts","floor":14,"turns":3},{"damage":13,"enemies":"Hexaghost","floor":16,"turns":8},{"damage":6,"enemies":"Shell Parasite","floor":18,"turns":5},{"damage":10,"enemies":"3 Byrds","floor":20,"turns":4},{"damage":0,"enemies":"Snecko","floor":23,"turns":4},{"damage":11,"enemies":"Snake Plant","floor":24,"turns":3},{"damage":10,"enemies":"Centurion and Healer","floor":27,"turns":5},{"damage":1,"enemies":"Cultist and Chosen","floor":28,"turns":4},{"damage":22,"enemies":"Slaver and Parasite","floor":30,"turns":5},{"damage":1,"enemies":"Snake Plant","floor":31,"turns":3},{"damage":33,"enemies":"Champ","floor":33,"turns":9}],"seed_played":"7238683367883566429","potions_obtained":[{"floor":5,"key":"GamblersBrew"},{"floor":7,"key":"Explosive Potion"},{"floor":14,"key":"LiquidBronze"},{"floor":16,"key":"PowerPotion"},{"floor":18,"key":"LiquidBronze"},{"floor":20,"key":"Explosive Potion"},{"floor":23,"key":"Fire Potion"},{"floor":24,"key":"Dexterity Potion"},{"floor":27,"key":"SkillPotion"},{"floor":28,"key":"GhostInAJar"},{"floor":30,"key":"Explosive Potion"},{"floor":31,"key":"SpeedPotion"}],"is_trial":false,"path_per_floor":["M","?","$","?","M","R","M","E","T","R","?","M","M","M","R","B",null,"M","?","M","?","?","M","M","$","T","M","M","R","M","M","R"],"character_chosen":"THE_SILENT","items_purchased":["Noxious Fumes","Shovel"],"campfire_rested":1,"item_purchase_floors":[3,25],"current_hp_per_floor":[70,56,56,56,48,48,48,32,32,32,49,49,49,44,44,31,70,64,64,54,54,54,54,43,43,43,33,32,32,10,9,29,0],"gold":118,"neow_bonus":"BOSS_RELIC","is_prod":false,"is_daily":false,"chose_seed":false,"campfire_upgraded":3,"win_rate":0,"timestamp":1532612877,"path_taken":["M","?","$","?","M","R","M","E","T","R","?","M","M","?","R","BOSS","M","?","M","?","?","M","M","?","T","M","M","R","M","M","R","BOSS"],"build_version":"2018-07-19v2","purchased_purges":0,"victory":false,"max_hp_per_floor":[70,70,70,70,70,70,70,70,70,70,70,70,70,70,70,70,70,70,67,67,67,67,67,67,67,67,67,67,67,67,67,67,67],"card_choices":[{"not_picked":[],"picked":"Bane","floor":1},{"not_picked":["Setup"],"picked":"SKIP","floor":5},{"not_picked":["Heel Hook"],"picked":"SKIP","floor":7},{"not_picked":[],"picked":"Dagger Throw","floor":8},{"not_picked":[],"picked":"Backflip","floor":12},{"not_picked":[],"picked":"Footwork","floor":13},{"not_picked":["Predator"],"picked":"SKIP","floor":14},{"not_picked":[],"picked":"Outmaneuver","floor":18},{"not_picked":[],"picked":"Quick Slash+1","floor":20},{"not_picked":[],"picked":"Noxious Fumes","floor":23},{"not_picked":[],"picked":"All Out Attack","floor":24},{"not_picked":["Flying Knee"],"picked":"SKIP","floor":27},{"not_picked":[],"picked":"Dagger Spray","floor":28},{"not_picked":[],"picked":"Skewer","floor":30},{"not_picked":[],"picked":"Dagger Throw+1","floor":31}],"player_experience":262896,"relics_obtained":[{"floor":8,"key":"Whetstone"},{"floor":9,"key":"Bronze Scales"},{"floor":26,"key":"Vajra"},{"floor":29,"key":"Kunai"}],"event_choices":[{"event_name":"Shining Light","player_choice":"Entered Light","floor":2,"damage_taken":0},{"event_name":"Living Wall","player_choice":"Grow","floor":4,"damage_taken":0},{"event_name":"Mushrooms","player_choice":"Healed and dodged fight","floor":11,"damage_taken":0},{"event_name":"Back to Basics","player_choice":"Elegance","floor":19,"damage_taken":0},{"event_name":"The Library","player_choice":"Read","floor":21,"damage_taken":0},{"event_name":"Ghosts","player_choice":"Ignored","floor":22,"damage_taken":0}],"is_beta":false,"boss_relics":[{"not_picked":["Runic Dome","Snecko Eye"],"picked":"White Beast Statue"}],"items_purged_floors":[],"is_endless":false,"potions_floor_spawned":[5,7,14,16,18,20,23,24,27,28,30,31],"killed_by":"Champ","ascension_level":0}