{"gold_per_floor":[117,127,145,157,157,157,186,186,186,199,199,219,70,81,81,176,176,193,208,222,238,238],"floor_reached":22,"playtime":4322,"items_purged":[],"score":192,"play_id":"b34c6c65-e213-4513-8a98-2ff23fc4a66f","local_time":"20190103013731","is_ascension_mode":false,"campfire_choices":[{"data":"Well Laid Plans","floor":6,"key":"SMITH"},{"floor":8,"key":"REST"},{"floor":11,"key":"REST"},{"data":"Distraction","floor":15,"key":"SMITH"}],"neow_cost":"NONE","seed_source_timestamp":1085177980585093,"circlet_count":0,"master_deck":["Defend_G","Defend_G","Defend_G","Defend_G","Defend_G","Strike_G","Strike_G","Strike_G","Strike_G","Strike_G","Survivor","Neutralize","Flying Knee","Well Laid Plans+1","Backstab","Dodge and Roll","Distraction+1","Dodge and Roll","Predator","Backstab","Flash of Steel","Acrobatics","Bullet Time","Choke+1","Dodge and Roll","Prepared","Quick Slash"],"relics":["Ring of the Snake","NeowsBlessing","Centennial Puzzle","Lantern"],"potions_floor_usage":[4,7,7,16,16,21],"damage_taken":[{"damage":0,"enemies":"Jaw Worm","floor":1,"turns":1},{"damage":0,"enemies":"Cultist","floor":2,"turns":1},{"damage":0,"enemies":"2 Louse","floor":3,"turns":1},{"damage":12,"enemies":"Exordium Thugs","floor":4,"turns":6},{"damage":28,"enemies":"Lagavulin","floor":7,"turns":12},{"damage":9,"enemies":"Gremlin Gang","floor":10,"turns":6},{"damage":3,"enemies":"Large Slime","floor":12,"turns":7},{"damage":9,"enemies":"Exordium Thugs","floor":14,"turns":4},{"damage":48,"enemies":"Hexaghost","floor":16,"turns":12},{"damage":5,"enemies":"3 Byrds","floor":18,"turns":6},{"damage":5,"enemies":"Shell Parasite","floor":19,"turns":3},{"damage":34,"enemies":"Snake Plant","floor":20,"turns":5},{"damage":14,"enemies":"Cultist and Chosen","floor":21,"turns":5}],"seed_played":"2348219744159998868","potions_obtained":[{"floor":2,"key":"Swift Potion"},{"floor":4,"key":"Strength Potion"},{"floor":5,"key":"SkillPotion"},{"floor":5,"key":"EssenceOfSteel"},{"floor":7,"key":"Fire Potion"},{"floor":16,"key":"Strength Potion"},{"floor":20,"key":"PowerPotion"}],"is_trial":false,"path_per_floor":["M","M","M","M","?","R","E","R","T","M","R","M","$","M","R","B",null,"M","M","M","M","?"],"character_chosen":"THE_SILENT","items_purchased":["Backstab","Flash of Steel"],"campfire_rested":2,"item_purchase_floors":[13,13],"current_hp_per_floor":[70,70,70,58,58,58,30,51,51,42,63,60,60,51,51,3,70,65,60,26,12,0],"gold":238,"neow_bonus":"THREE_ENEMY_KILL","is_prod":false,"is_daily":false,"chose_seed":false,"campfire_upgraded":2,"win_rate":0.0,"timestamp":1546508251,"path_taken":["M","M","M","M","?","R","E","R","T","?","R","M","$","M","R","BOSS","M","M","M","M","?"],"build_version":"2018-12-20","purchased_purges":0,"victory":false,"max_hp_per_floor":[70,70,70,70,70,70,70,70,70,70,70,70,70,70,70,70,70,70,70,70,70,75],"card_choices":[{"not_picked":["Slice","Deflect"],"picked":"Flying Knee","floor":1},{"not_picked":["Prepared","Choke"],"picked":"Well Laid Plans","floor":2},{"not_picked":["Sucker Punch","Slice"],"picked":"Backstab","floor":3},{"not_picked":["Glass Knife","Backflip"],"picked":"Dodge and Roll","floor":4},{"not_picked":["Prepared","Blade Dance"],"picked":"Distraction","floor":7},{"not_picked":["Sucker Punch","Masterful Stab"],"picked":"Dodge and Roll","floor":10},{"not_picked":["Deadly Poison","PiercingWail"],"picked":"Predator","floor":12},{"not_picked":["Quick Slash","Backstab"],"picked":"Acrobatics","floor":14},{"not_picked":["Venomology","A Thousand Cuts"],"picked":"Bullet Time","floor":16},{"not_picked":["Acrobatics","Flying Knee"],"picked":"Choke+1","floor":18},{"not_picked":["Tactician","Deadly Poison"],"picked":"Dodge and Roll","floor":19},{"not_picked":["Poisoned Stab+1","PiercingWail"],"picked":"Prepared","floor":20},{"not_picked":["Terror","Caltrops"],"picked":"Quick Slash","floor":21}],"player_experience":2341,"relics_obtained":[{"floor":7,"key":"Centennial Puzzle"},{"floor":9,"key":"Lantern"}],"event_choices":[{"damage_healed":0,"gold_gain":0,"player_choice":"Got Potions","damage_taken":0,"max_hp_gain":0,"max_hp_loss":0,"event_name":"Lab","floor":5,"gold_loss":0}],"is_beta":false,"boss_relics":[{"not_picked":["Runic Dome","Sozu","Fusion Hammer"]}],"items_purged_floors":[],"is_endless":false,"potions_floor_spawned":[2,4,7,16,20],"ascension_level":0}