{"gold_per_floor":[143,143,17,28,28,28,46,46,46,46,74,74,74,123,123,225,225,240,265,265,283,294,294,312,312,380,406,422,450,450,470,470,572,572,586,586,71,89,101,101,111,126,153,153,153,164,192,206,206,206],"floor_reached":51,"playtime":2744,"items_purged":["Pain"],"score":792,"play_id":"88ecc74b-6f6e-432e-b7fd-47d7b1ed6751","local_time":"20190211124951","is_ascension_mode":false,"campfire_choices":[{"data":"Neutralize","floor":6,"key":"SMITH"},{"data":"Dodge and Roll","floor":8,"key":"SMITH"},{"data":"Adrenaline","floor":12,"key":"SMITH"},{"data":"Survivor","floor":15,"key":"SMITH"},{"data":"After Image","floor":23,"key":"SMITH"},{"data":"Footwork","floor":25,"key":"SMITH"},{"data":"Strike_G","floor":30,"key":"PURGE"},{"data":"Strike_G","floor":32,"key":"PURGE"},{"data":"Writhe","floor":40,"key":"PURGE"},{"data":"Parasite","floor":45,"key":"PURGE"},{"data":"Defend_G","floor":49,"key":"PURGE"}],"neow_cost":"NONE","seed_source_timestamp":5893332215890,"circlet_count":0,"master_deck":["Defend_G","Defend_G","Defend_G","Defend_G+1","Strike_G","Strike_G+1","Strike_G","Survivor+1","Neutralize+1","Blade Dance","Blade Dance","Dodge and Roll+1","Adrenaline+1","After Image+1","Deflect","Footwork+1","Escape Plan","Corpse Explosion","Cloak And Dagger+1","Tools of the Trade","Dodge and Roll+1","Corpse Explosion","Blade Dance+1","After Image+1","Poisoned Stab+1","Caltrops+1","Dash+1","Deflect+1","PiercingWail+1","Bullet Time+1","Quick Slash+1"],"relics":["Ring of the Snake","Tiny Chest","WarpedTongs","Peace Pipe","Snake Skull","Art of War","Busted Crown","Lantern","Question Card","Bottled Flame","Vajra","Gremlin Horn","Philosopher\u0027s Stone","Toxic Egg 2","DollysMirror","Whetstone","Shuriken","Ninja Scroll"],"potions_floor_usage":[27,27,28,28,33,33],"damage_taken":[{"damage":0,"enemies":"Small Slimes","floor":1,"turns":5},{"damage":0,"enemies":"Cultist","floor":4,"turns":3},{"damage":0,"enemies":"2 Louse","floor":7,"turns":3},{"damage":5,"enemies":"Lagavulin","floor":11,"turns":11},{"damage":49,"enemies":"The Guardian","floor":16,"turns":21},{"damage":12,"enemies":"Spheric Guardian","floor":18,"turns":6},{"damage":3,"enemies":"Shell Parasite","floor":21,"turns":6},{"damage":0,"enemies":"Centurion and Healer","floor":22,"turns":13},{"damage":0,"enemies":"Snake Plant","floor":24,"turns":9},{"damage":3,"enemies":"Slavers","floor":27,"turns":10},{"damage":7,"enemies":"Chosen and Byrds","floor":28,"turns":6},{"damage":1,"enemies":"Gremlin Leader","floor":29,"turns":9},{"damage":0,"enemies":"Centurion and Healer","floor":31,"turns":6},{"damage":0,"enemies":"Collector","floor":33,"turns":13},{"damage":0,"enemies":"3 Shapes","floor":35,"turns":4},{"damage":0,"enemies":"Orb Walker","floor":38,"turns":4},{"damage":3,"enemies":"Spire Growth","floor":39,"turns":6},{"damage":14,"enemies":"3 Darklings","floor":41,"turns":4},{"damage":0,"enemies":"Writhing Mass","floor":42,"turns":7},{"damage":0,"enemies":"Transient","floor":46,"turns":5},{"damage":0,"enemies":"Nemesis","floor":47,"turns":9},{"damage":0,"enemies":"Spire Growth","floor":48,"turns":5},{"damage":3,"enemies":"Donu and Deca","floor":50,"turns":7}],"seed_played":"5715489843457309322","potions_obtained":[{"floor":11,"key":"EntropicBrew"},{"floor":21,"key":"FearPotion"},{"floor":22,"key":"Block Potion"},{"floor":28,"key":"GhostInAJar"},{"floor":29,"key":"EssenceOfSteel"},{"floor":33,"key":"Explosive Potion"},{"floor":38,"key":"Regen Potion"},{"floor":41,"key":"GhostInAJar"}],"is_trial":false,"path_per_floor":["M","?","$","M","?","R","M","R","T","$","E","R","?","T","R","B",null,"M","T","?","M","M","R","M","R","T","E","M","E","R","M","R","B",null,"M","?","$","M","M","R","M","M","T","T","R","M","E","M","R","B",null],"character_chosen":"THE_SILENT","items_purchased":["Blade Dance","Toxic Egg 2","DollysMirror","Poisoned Stab"],"campfire_rested":0,"item_purchase_floors":[3,37,37,37],"current_hp_per_floor":[70,70,70,70,70,70,70,70,70,70,65,65,51,51,51,2,70,58,58,58,55,55,55,55,55,55,52,45,44,44,44,44,44,70,70,70,70,70,67,67,53,53,53,53,53,53,53,53,53,50],"gold":206,"neow_bonus":"RANDOM_COMMON_RELIC","is_prod":false,"is_daily":false,"chose_seed":false,"campfire_upgraded":6,"win_rate":0,"timestamp":1549910991,"path_taken":["M","?","$","?","?","R","M","R","T","$","E","R","?","?","R","BOSS","M","?","?","M","M","R","M","R","T","E","M","E","R","M","R","BOSS","M","?","$","M","M","R","M","M","T","?","R","M","E","M","R","BOSS"],"build_version":"2019-01-23","purchased_purges":1,"victory":true,"max_hp_per_floor":[70,70,70,70,70,70,70,70,70,70,70,70,70,70,70,70,70,70,70,70,70,70,70,70,70,70,70,70,70,70,70,70,70,70,70,70,70,70,70,70,70,70,70,70,67,67,67,67,67,67],"card_choices":[{"not_picked":["Bane","Acrobatics"],"picked":"Blade Dance","floor":1},{"not_picked":["Deflect","Deadly Poison"],"picked":"Dodge and Roll","floor":4},{"not_picked":["Prepared","Bane","Deadly Poison"],"picked":"SKIP","floor":7},{"not_picked":["PiercingWail","Sucker Punch"],"picked":"Adrenaline","floor":11},{"not_picked":["Unload","Night Terror"],"picked":"After Image","floor":16},{"not_picked":["Outmaneuver"],"picked":"SKIP","floor":18},{"not_picked":["Catalyst"],"picked":"Deflect","floor":21},{"not_picked":["Deflect"],"picked":"Footwork","floor":22},{"not_picked":["Underhanded Strike+1"],"picked":"Escape Plan","floor":24},{"not_picked":["Backflip"],"picked":"Corpse Explosion","floor":27},{"not_picked":["Bane"],"picked":"Cloak And Dagger+1","floor":28},{"not_picked":["Outmaneuver"],"picked":"Tools of the Trade","floor":29},{"not_picked":["Quick Slash"],"picked":"Dodge and Roll+1","floor":31},{"not_picked":["Night Terror"],"picked":"Corpse Explosion","floor":33},{"not_picked":["Deadly Poison"],"picked":"Blade Dance+1","floor":35},{"not_picked":["Slice"],"picked":"Caltrops+1","floor":38},{"not_picked":["Dagger Throw"],"picked":"Dash","floor":39},{"not_picked":["Acrobatics+1","Underhanded Strike+1"],"picked":"SKIP","floor":41},{"not_picked":["Bane+1"],"picked":"Deflect+1","floor":42},{"not_picked":["Concentrate+1"],"picked":"PiercingWail+1","floor":46},{"not_picked":["Dagger Throw"],"picked":"Bullet Time+1","floor":47},{"not_picked":["Eviscerate"],"picked":"Quick Slash+1","floor":48}],"player_experience":786663,"relics_obtained":[{"floor":9,"key":"Peace Pipe"},{"floor":11,"key":"Snake Skull"},{"floor":14,"key":"Art of War"},{"floor":19,"key":"Lantern"},{"floor":26,"key":"Bottled Flame"},{"floor":27,"key":"Vajra"},{"floor":29,"key":"Gremlin Horn"},{"floor":43,"key":"Whetstone"},{"floor":44,"key":"Shuriken"},{"floor":47,"key":"Ninja Scroll"}],"event_choices":[{"damage_healed":0,"gold_gain":0,"player_choice":"Rummage","damage_taken":0,"relics_obtained":["WarpedTongs"],"max_hp_gain":0,"max_hp_loss":0,"event_name":"Accursed Blacksmith","floor":2,"gold_loss":0,"cards_obtained":["Pain"]},{"damage_healed":0,"gold_gain":0,"player_choice":"Leave","damage_taken":0,"max_hp_gain":0,"max_hp_loss":0,"event_name":"The Cleric","floor":5,"gold_loss":0},{"damage_healed":0,"gold_gain":0,"player_choice":"Entered Light","damage_taken":14,"max_hp_gain":0,"max_hp_loss":0,"event_name":"Shining Light","floor":13,"gold_loss":0,"cards_upgraded":["Strike_G","Defend_G"]},{"damage_healed":0,"gold_gain":0,"player_choice":"Opened","damage_taken":0,"relics_obtained":["Question Card"],"max_hp_gain":0,"max_hp_loss":0,"event_name":"The Mausoleum","floor":20,"gold_loss":0,"cards_obtained":["Writhe"]},{"damage_healed":0,"gold_gain":0,"player_choice":"Ignored","damage_taken":0,"max_hp_gain":0,"max_hp_loss":0,"event_name":"Tomb of Lord Red Mask","floor":36,"gold_loss":0}],"is_beta":false,"boss_relics":[{"not_picked":["Runic Dome","Pandora\u0027s Box"],"picked":"Busted Crown"},{"not_picked":["Cursed Key","Velvet Choker"],"picked":"Philosopher\u0027s Stone"}],"items_purged_floors":[3],"is_endless":false,"potions_floor_spawned":[11,21,22,28,29,33,38,41],"ascension_level":0}