{"path_per_floor":["M","M","M","M","M","R","M","$","T","E","M","E","M","M","R","B",null,"M","M","M","M","$","R","M","E","T"],"character_chosen":"IRONCLAD","items_purchased":["Offering","Apotheosis"],"gold_per_floor":[112,126,139,158,175,175,187,42,42,75,94,129,142,154,154,249,249,264,276,290,303,46,46,57,83,83,83],"floor_reached":27,"campfire_rested":2,"playtime":3016,"item_purchase_floors":[8,22],"current_hp_per_floor":[75,71,73,73,73,73,75,75,75,39,29,17,9,10,34,31,80,78,67,52,46,46,71,61,25,25,0],"items_purged":["Strike_R"],"gold":83,"score":291,"play_id":"052cdd6a-2059-459f-9674-2c9a3a36ed1a","local_time":"20180626122621","is_prod":false,"is_daily":false,"chose_seed":false,"is_ascension_mode":true,"campfire_upgraded":1,"win_rate":0,"timestamp":1530033981,"campfire_choices":[{"data":"Bash","floor":6,"key":"SMITH"},{"floor":15,"key":"REST"},{"floor":23,"key":"REST"}],"path_taken":["M","M","M","M","M","R","M","$","T","E","M","E","M","M","R","BOSS","M","M","M","M","$","R","M","E","T","E"],"build_version":"2018-06-21","seed_source_timestamp":601082701872162,"purchased_purges":1,"circlet_count":0,"victory":false,"master_deck":["Strike_R","Strike_R","Strike_R","Strike_R","Defend_R","Defend_R","Defend_R","Defend_R","Bash+1","Shrug It Off","Reckless Charge","Iron Wave","Burning Pact","Evolve","Offering","Spot Weakness","Rampage","Dark Embrace","Anger","Feed","Battle Trance","Second Wind+1","Shrug It Off+1","Warcry+1","Apotheosis","Corruption"],"max_hp_per_floor":[80,80,80,80,80,80,80,80,80,80,80,80,80,80,80,80,80,83,83,86,86,86,86,90,90,90,90],"relics":["Burning Blood","Letter Opener","Gambling Chip","Bag of Preparation","Fusion Hammer","Charon\u0027s Ashes","Gremlin Horn"],"card_choices":[{"not_picked":["Thunderclap","Flex"],"picked":"Shrug It Off","floor":1},{"not_picked":["Carnage","Searing Blow"],"picked":"Reckless Charge","floor":2},{"not_picked":["Dual Wield","Sword Boomerang"],"picked":"Iron Wave","floor":3},{"not_picked":["Iron Wave","Twin Strike"],"picked":"Burning Pact","floor":4},{"not_picked":["Entrench","Rupture","Twin Strike"],"picked":"SKIP","floor":5},{"not_picked":["Entrench","Rupture","Twin Strike"],"picked":"SKIP","floor":5},{"not_picked":["Wild Strike","Warcry"],"picked":"Evolve","floor":7},{"not_picked":["Twin Strike","Shrug It Off"],"picked":"Spot Weakness","floor":10},{"not_picked":["Sever Soul","Headbutt"],"picked":"Rampage","floor":11},{"not_picked":["Bloodletting","Offering"],"picked":"Dark Embrace","floor":12},{"not_picked":["Hemokinesis","Twin Strike","Headbutt"],"picked":"SKIP","floor":13},{"not_picked":["Flame Barrier","Infernal Blade"],"picked":"Anger","floor":14},{"not_picked":["Double Tap","Dark Embrace"],"picked":"Feed","floor":16},{"not_picked":["Body Slam","Perfected Strike"],"picked":"Battle Trance","floor":18},{"not_picked":["Hemokinesis+1","Body Slam"],"picked":"Second Wind+1","floor":19},{"not_picked":["Anger","Blood for Blood"],"picked":"Shrug It Off+1","floor":20},{"not_picked":["Body Slam","Bloodletting"],"picked":"Warcry+1","floor":21},{"not_picked":["Thunderclap+1","Pommel Strike"],"picked":"Corruption","floor":24},{"not_picked":["Headbutt+1","Berserk","Thunderclap"],"picked":"SKIP","floor":25}],"player_experience":79800,"potions_floor_usage":[16,21,27],"damage_taken":[{"damage":11,"enemies":"Cultist","floor":1,"turns":4},{"damage":10,"enemies":"Small Slimes","floor":2,"turns":6},{"damage":4,"enemies":"Jaw Worm","floor":3,"turns":3},{"damage":6,"enemies":"Gremlin Gang","floor":4,"turns":5},{"damage":6,"enemies":"Blue Slaver","floor":5,"turns":4},{"damage":4,"enemies":"Red Slaver","floor":7,"turns":4},{"damage":42,"enemies":"Lagavulin","floor":10,"turns":8},{"damage":16,"enemies":"Exordium Wildlife","floor":11,"turns":4},{"damage":18,"enemies":"Gremlin Nob","floor":12,"turns":3},{"damage":14,"enemies":"Exordium Thugs","floor":13,"turns":4},{"damage":5,"enemies":"Red Slaver","floor":14,"turns":2},{"damage":9,"enemies":"Hexaghost","floor":16,"turns":9},{"damage":11,"enemies":"3 Byrds","floor":18,"turns":5},{"damage":17,"enemies":"2 Thieves","floor":19,"turns":4},{"damage":24,"enemies":"Snake Plant","floor":20,"turns":3},{"damage":12,"enemies":"Cultist and Chosen","floor":21,"turns":6},{"damage":20,"enemies":"3 Cultists","floor":24,"turns":5},{"damage":42,"enemies":"Book of Stabbing","floor":25,"turns":4},{"damage":25,"enemies":"Slavers","floor":27,"turns":2}],"relics_obtained":[{"floor":9,"key":"Letter Opener"},{"floor":10,"key":"Gambling Chip"},{"floor":12,"key":"Bag of Preparation"},{"floor":25,"key":"Charon\u0027s Ashes"},{"floor":26,"key":"Gremlin Horn"}],"event_choices":[],"boss_relics":[{"not_picked":["Velvet Choker","Runic Cube"],"picked":"Fusion Hammer"}],"items_purged_floors":[22],"is_endless":false,"potions_floor_spawned":[3,5,10,11,12,13,18,19,20],"seed_played":"7342348036623592466","killed_by":"Slavers","ascension_level":3,"potions_obtained":[{"floor":3,"key":"Explosive Potion"},{"floor":5,"key":"SpeedPotion"},{"floor":10,"key":"Energy Potion"},{"floor":13,"key":"Block Potion"},{"floor":18,"key":"Explosive Potion"}],"is_trial":false}