{"gold_per_floor":[115,126,51,126,145,180,180,180,180,191,218,247,259,289,301,313],"floor_reached":16,"playtime":1070,"items_purged":["Strike_R"],"score":112,"play_id":"996c801a-77a0-4a14-80eb-5762d490af78","local_time":"20181214070020","is_ascension_mode":false,"campfire_choices":[{"floor":7.0,"key":"REST"},{"floor":13.0,"key":"REST"},{"data":"Bash","floor":15.0,"key":"SMITH"}],"neow_cost":"NONE","seed_source_timestamp":0,"circlet_count":0,"master_deck":["Strike_R","Strike_R","Strike_R","Strike_R","Defend_R","Defend_R","Defend_R","Defend_R","Bash+1","Twin Strike","Shrug It Off","Armaments","Seeing Red","Shrug It Off","Iron Wave","Cleave","Metallicize"],"special_seed":0,"relics":["Burning Blood","Oddly Smooth Stone","Dodecahedron","GremlinMask","Letter Opener","MawBank"],"potions_floor_usage":[16],"damage_taken":[{"damage":11.0,"enemies":"Jaw Worm","floor":1.0,"turns":2.0},{"damage":5.0,"enemies":"Small Slimes","floor":2.0,"turns":3.0},{"damage":6.0,"enemies":"Cultist","floor":5.0,"turns":3.0},{"damage":42.0,"enemies":"Gremlin Nob","floor":6.0,"turns":6.0},{"damage":0.0,"enemies":"Gremlin Gang","floor":10.0,"turns":5.0},{"damage":36.0,"enemies":"Lagavulin","floor":11.0,"turns":13.0},{"damage":6.0,"enemies":"3 Louse","floor":12.0,"turns":4.0},{"damage":0.0,"enemies":"Blue Slaver","floor":14.0,"turns":5.0},{"damage":83,"enemies":"The Guardian","floor":16,"turns":18}],"seed_played":"-3579706232050551505","potions_obtained":[{"floor":6.0,"key":"LiquidBronze"},{"floor":10.0,"key":"Ancient Potion"},{"floor":11.0,"key":"GamblersBrew"}],"is_trial":false,"path_per_floor":["M","M","$","?","M","E","R","?","T","M","E","M","R","M","R","B"],"character_chosen":"IRONCLAD","items_purchased":[],"campfire_rested":2,"item_purchase_floors":[],"current_hp_per_floor":[75,76,76,65,65,29,53,53,53,59,29,29,53,59,59,0],"gold":313,"neow_bonus":"RANDOM_COMMON_RELIC","is_prod":false,"is_daily":false,"chose_seed":false,"campfire_upgraded":1,"win_rate":0,"timestamp":1544788820,"path_taken":["M","M","$","?","M","E","R","?","T","M","E","?","R","?","R","BOSS"],"build_version":"2018-12-13","purchased_purges":1,"victory":false,"max_hp_per_floor":[80,80,80,80,80,80,80,80,80,80,80,80,80,80,80,80],"card_choices":[{"not_picked":["Anger","Warcry"],"picked":"Twin Strike","floor":1.0},{"not_picked":["Heavy Blade","Anger"],"picked":"Shrug It Off","floor":2.0},{"not_picked":["Warcry","Clash"],"picked":"Armaments","floor":5.0},{"not_picked":["Heavy Blade","Sever Soul"],"picked":"Seeing Red","floor":6.0},{"not_picked":["Bloodletting","Twin Strike"],"picked":"Shrug It Off","floor":10.0},{"not_picked":["Dark Embrace","True Grit"],"picked":"Iron Wave","floor":11.0},{"not_picked":["Seeing Red","Armaments"],"picked":"Cleave","floor":12.0},{"not_picked":["Twin Strike","Armaments"],"picked":"Metallicize","floor":14.0}],"player_experience":1900781,"relics_obtained":[{"floor":6.0,"key":"Dodecahedron"},{"floor":9.0,"key":"Letter Opener"},{"floor":11.0,"key":"MawBank"}],"event_choices":[{"damage_healed":0.0,"max_hp_gain":0.0,"max_hp_loss":0.0,"gold_gain":75.0,"event_name":"World of Goop","player_choice":"Gather Gold","floor":4.0,"gold_loss":0.0,"damage_taken":11.0},{"damage_healed":0.0,"max_hp_gain":0.0,"max_hp_loss":0.0,"gold_gain":0.0,"event_name":"FaceTrader","player_choice":"Trade","floor":8.0,"gold_loss":0.0,"damage_taken":0.0,"relics_obtained":["GremlinMask"]}],"is_beta":false,"boss_relics":[],"items_purged_floors":[3],"is_endless":false,"potions_floor_spawned":[6,10,11],"killed_by":"The Guardian","ascension_level":0}