{"gold_per_floor":[218,32,48,48,63,63,88,88,88,105,118,145,145],"floor_reached":13,"playtime":454,"items_purged":[],"score":190,"play_id":"8b2c2d57-32b8-4d5a-80f7-52767512035d","local_time":"20190209200954","is_ascension_mode":true,"campfire_choices":[{"data":"Zap","floor":6,"key":"SMITH"},{"floor":8,"key":"REST"}],"neow_cost":"NONE","seed_source_timestamp":539902498744622,"circlet_count":0,"master_deck":["AscendersBane","Strike_B","Strike_B+1","Strike_B","Strike_B","Defend_B","Defend_B","Defend_B","Defend_B","Zap+1","Dualcast","Barrage","Cold Snap+1","Genetic Algorithm","Decay","Compile Driver","Coolheaded","Ball Lightning+1","Redo","Heatsinks"],"relics":["Cracked Core","Whetstone","Mummified Hand","Molten Egg 2","Ginger"],"potions_floor_usage":[7,12],"damage_taken":[{"damage":7,"enemies":"Small Slimes","floor":1,"turns":3},{"damage":0,"enemies":"Cultist","floor":3,"turns":3},{"damage":4,"enemies":"2 Louse","floor":5,"turns":2},{"damage":23,"enemies":"3 Sentries","floor":7,"turns":7},{"damage":0,"enemies":"2 Fungi Beasts","floor":10,"turns":4},{"damage":8,"enemies":"3 Louse","floor":11,"turns":3},{"damage":39,"enemies":"Gremlin Nob","floor":12,"turns":4},{"damage":6,"enemies":"Exordium Wildlife","floor":13,"turns":1}],"seed_played":"3360335316018570501","potions_obtained":[{"floor":1,"key":"Strength Potion"},{"floor":11,"key":"SteroidPotion"},{"floor":12,"key":"GamblersBrew"}],"is_trial":false,"path_per_floor":["M","$","M","?","M","R","E","R","T","M","M","E","M"],"character_chosen":"DEFECT","items_purchased":["Cold Snap","Whetstone"],"campfire_rested":1,"item_purchase_floors":[2,2],"current_hp_per_floor":[57,57,57,57,53,53,30,51,51,51,43,4,0],"gold":145,"neow_bonus":"HUNDRED_GOLD","is_prod":false,"is_daily":false,"chose_seed":false,"campfire_upgraded":1,"win_rate":0,"timestamp":1549760994,"path_taken":["M","$","M","?","M","R","E","R","T","?","?","E","M"],"build_version":"2019-01-23","purchased_purges":0,"victory":false,"max_hp_per_floor":[71,71,71,71,71,71,71,71,71,71,71,71,71],"card_choices":[{"not_picked":["Scrape","FTL"],"picked":"Barrage","floor":1},{"not_picked":["Sweeping Beam","Compile Driver"],"picked":"Genetic Algorithm","floor":3},{"not_picked":["Hologram","Go for the Eyes"],"picked":"Compile Driver","floor":5},{"not_picked":["Force Field","Rainbow"],"picked":"Coolheaded","floor":7},{"not_picked":["Barrage+1","Conserve Battery"],"picked":"Ball Lightning+1","floor":10},{"not_picked":["Chaos","Streamline+1"],"picked":"Redo","floor":11},{"not_picked":["Scrape+1","Chaos"],"picked":"Heatsinks","floor":12}],"player_experience":2376164,"relics_obtained":[{"floor":7,"key":"Mummified Hand"},{"floor":9,"key":"Molten Egg 2"},{"floor":12,"key":"Ginger"}],"event_choices":[{"damage_healed":0,"gold_gain":0,"player_choice":"Cursed","damage_taken":0,"max_hp_gain":0,"max_hp_loss":0,"event_name":"Wheel of Change","floor":4,"gold_loss":0,"cards_obtained":["Decay"]}],"is_beta":false,"boss_relics":[],"items_purged_floors":[],"is_endless":false,"potions_floor_spawned":[1,11,12],"killed_by":"Exordium Wildlife","ascension_level":20}