{"gold_per_floor":[109,109,109,120,130,165,74,74,74,74,105,105,105,105,105,105],"floor_reached":16,"playtime":1410,"items_purged":[],"score":186,"play_id":"3e1af165-1b34-42a9-9b1f-702d5321c931","local_time":"20181020014932","is_ascension_mode":true,"campfire_choices":[{"floor":8.0,"key":"REST"},{"data":"Metallicize","floor":10.0,"key":"SMITH"},{"data":"True Grit","floor":13,"key":"SMITH"},{"floor":15,"key":"REST"}],"neow_cost":"NONE","seed_source_timestamp":405728059326756,"circlet_count":0,"master_deck":["Strike_R","Strike_R","Strike_R","Strike_R","Strike_R","Defend_R","Defend_R","Defend_R","Defend_R","Bash","AscendersBane","Power Through","Battle Trance","Metallicize+1","Flash of Steel","True Grit+1"],"special_seed":0,"relics":["Burning Blood","Ornamental Fan","Blood Vial","Strawberry"],"potions_floor_usage":[],"damage_taken":[{"damage":9.0,"enemies":"Jaw Worm","floor":1.0,"turns":4.0},{"damage":10.0,"enemies":"Cultist","floor":4.0,"turns":5.0},{"damage":15.0,"enemies":"Small Slimes","floor":5.0,"turns":4.0},{"damage":46.0,"enemies":"Lagavulin","floor":6.0,"turns":7.0},{"damage":34.0,"enemies":"3 Sentries","floor":11.0,"turns":14.0},{"damage":54,"enemies":"Hexaghost","floor":16,"turns":11}],"seed_played":"4986386787678073139","potions_obtained":[{"floor":4.0,"key":"FearPotion"}],"is_trial":false,"path_per_floor":["M","?","?","M","M","E","$","R","T","R","E","?","R","?","R"],"character_chosen":"IRONCLAD","items_purchased":["Flash of Steel"],"campfire_rested":2,"item_purchase_floors":[7],"current_hp_per_floor":[65,70,70,66,57,17,17,41,41,41,22,22,22,22,48,0],"gold":105,"neow_bonus":"ONE_RANDOM_RARE_CARD","is_prod":false,"is_daily":false,"chose_seed":false,"campfire_upgraded":2,"win_rate":0,"timestamp":1539992972,"path_taken":["M","?","?","M","M","E","$","R","T","R","E","?","R","?","R","BOSS"],"build_version":"2018-10-18","purchased_purges":0,"victory":false,"max_hp_per_floor":[75,80,80,80,80,80,80,80,80,80,87,87,87,87,87,87],"card_choices":[{"not_picked":["Flex","Twin Strike"],"picked":"Power Through","floor":1.0},{"not_picked":["Thunderclap","Evolve","Sever Soul"],"picked":"SKIP","floor":4.0},{"not_picked":["Armaments","Power Through"],"picked":"Battle Trance","floor":5.0},{"not_picked":["Feed","Clash"],"picked":"Metallicize","floor":6.0},{"not_picked":["Headbutt","Pommel Strike"],"picked":"True Grit","floor":11.0}],"player_experience":409019,"relics_obtained":[{"floor":6.0,"key":"Ornamental Fan"},{"floor":9.0,"key":"Blood Vial"},{"floor":11.0,"key":"Strawberry"}],"event_choices":[{"damage_healed":0.0,"max_hp_gain":5.0,"max_hp_loss":0.0,"gold_gain":0.0,"event_name":"Big Fish","player_choice":"Donut","floor":2.0,"gold_loss":0.0,"damage_taken":0.0},{"cards_removed":["Berserk"],"damage_healed":0.0,"max_hp_gain":0.0,"max_hp_loss":0.0,"gold_gain":0.0,"event_name":"Purifier","player_choice":"Purged","floor":3.0,"gold_loss":0.0,"damage_taken":0.0},{"damage_healed":0,"gold_gain":30,"player_choice":"Searched \u00271\u0027 times","damage_taken":0,"max_hp_gain":0,"max_hp_loss":0,"event_name":"Dead Adventurer","floor":12,"gold_loss":0},{"damage_healed":0,"gold_gain":0,"player_choice":"Ignored","damage_taken":0,"max_hp_gain":0,"max_hp_loss":0,"event_name":"Liars Game","floor":14,"gold_loss":0}],"is_beta":true,"boss_relics":[],"items_purged_floors":[],"is_endless":false,"potions_floor_spawned":[4],"killed_by":"Hexaghost","ascension_level":15}