{"gold_per_floor":[109,129,179,193,8,8,40,40,88,38,38,52,52,52,52,131,131,149,149,64,81,81,81,111,126,152,169,1,17,17],"floor_reached":30,"playtime":1124,"items_purged":[],"score":491,"play_id":"a7824231-02fe-434c-986b-73083ec8c666","local_time":"20190203151515","is_ascension_mode":true,"campfire_choices":[{"floor":6,"key":"REST"},{"data":"Juggernaut","floor":8,"key":"SMITH"},{"data":"Shrug It Off","floor":11,"key":"SMITH"},{"floor":13,"key":"REST"},{"data":"Shrug It Off","floor":15,"key":"SMITH"},{"data":"Limit Break","floor":23,"key":"SMITH"}],"neow_cost":"NONE","seed_source_timestamp":3201591703751,"circlet_count":0,"master_deck":["AscendersBane","Strike_R","Strike_R","Strike_R","Strike_R","Strike_R","Defend_R","Defend_R","Defend_R","Defend_R","Bash","Demon Form","Shrug It Off+1","Headbutt","Cleave","Shrug It Off+1","Juggernaut+1","Shrug It Off","Shockwave","Limit Break+1","Heavy Blade","Entrench","Armaments","Decay","Body Slam+1","Armaments","True Grit","Barricade"],"relics":["Burning Blood","Juzu Bracelet","Bag of Marbles","Ancient Tea Set","Philosopher\u0027s Stone","PreservedInsect","Lantern","Vajra"],"potions_floor_usage":[12,16,18,25,30],"damage_taken":[{"damage":19,"enemies":"Small Slimes","floor":1,"turns":6},{"damage":0,"enemies":"Cultist","floor":2,"turns":4},{"damage":10,"enemies":"2 Louse","floor":4,"turns":3},{"damage":41,"enemies":"3 Sentries","floor":7,"turns":10},{"damage":18,"enemies":"Exordium Thugs","floor":12,"turns":4},{"damage":9,"enemies":"Hexaghost","floor":16,"turns":9},{"damage":26,"enemies":"2 Thieves","floor":18,"turns":4},{"damage":9,"enemies":"Chosen","floor":21,"turns":6},{"damage":17,"enemies":"Gremlin Leader","floor":24,"turns":7},{"damage":24,"enemies":"3 Cultists","floor":25,"turns":6},{"damage":12,"enemies":"Snecko","floor":27,"turns":4},{"damage":18,"enemies":"Snake Plant","floor":29,"turns":3},{"damage":24,"enemies":"Shelled Parasite and Fungi","floor":30,"turns":1}],"seed_played":"559007883763539291","potions_obtained":[{"floor":7,"key":"Block Potion"},{"floor":12,"key":"GamblersBrew"},{"floor":16,"key":"SkillPotion"},{"floor":24,"key":"Regen Potion"},{"floor":25,"key":"SteroidPotion"},{"floor":29,"key":"SpeedPotion"}],"is_trial":false,"path_per_floor":["M","M","?","M","$","R","E","R","T","$","R","M","R","?","R","B",null,"M","?","$","M","?","R","E","M","T","M","$","M","M"],"character_chosen":"IRONCLAD","items_purchased":["Juzu Bracelet","Shrug It Off","Shrug It Off","Entrench","Vajra"],"campfire_rested":2,"item_purchase_floors":[5,5,10,20,28],"current_hp_per_floor":[55,61,61,57,57,75,40,40,40,40,40,28,50,50,50,47,68,48,48,48,45,45,45,34,31,31,25,25,13,0],"gold":17,"neow_bonus":"ONE_RANDOM_RARE_CARD","is_prod":false,"is_daily":false,"chose_seed":false,"campfire_upgraded":4,"win_rate":0,"timestamp":1549224915,"path_taken":["M","M","?","?","?","R","E","R","T","$","R","M","R","?","R","BOSS","M","?","$","M","?","R","E","M","T","M","$","M","M"],"build_version":"2019-01-23","purchased_purges":0,"victory":false,"max_hp_per_floor":[75,75,75,75,75,75,75,75,75,75,75,75,75,75,75,75,75,75,75,75,75,75,75,75,75,75,75,75,75,75],"card_choices":[{"not_picked":["Armaments","Havoc"],"picked":"Shrug It Off","floor":1},{"not_picked":["Intimidate","Armaments"],"picked":"Headbutt","floor":2},{"not_picked":["Dual Wield","Rupture"],"picked":"Cleave","floor":4},{"not_picked":["Headbutt","Warcry"],"picked":"Juggernaut","floor":7},{"not_picked":["Inflame","Clash"],"picked":"Shockwave","floor":12},{"not_picked":["Dark Embrace","Feed"],"picked":"Limit Break","floor":16},{"not_picked":["Clothesline","Bloodletting"],"picked":"Heavy Blade","floor":18},{"not_picked":["Wild Strike","Hemokinesis"],"picked":"Armaments","floor":21},{"not_picked":["Reckless Charge","Heavy Blade"],"picked":"Body Slam+1","floor":24},{"not_picked":["Warcry","Bloodletting"],"picked":"Armaments","floor":25},{"not_picked":["Warcry+1","Headbutt"],"picked":"True Grit","floor":27},{"not_picked":["Intimidate","Seeing Red"],"picked":"Barricade","floor":29}],"player_experience":2298901,"relics_obtained":[{"floor":7,"key":"Bag of Marbles"},{"floor":9,"key":"Ancient Tea Set"},{"floor":24,"key":"PreservedInsect"},{"floor":26,"key":"Lantern"}],"event_choices":[{"damage_healed":0,"gold_gain":50,"player_choice":"Pray","damage_taken":0,"max_hp_gain":0,"max_hp_loss":0,"event_name":"Golden Shrine","floor":3,"gold_loss":0},{"damage_healed":0,"gold_gain":0,"player_choice":"Ignored","damage_taken":0,"max_hp_gain":0,"max_hp_loss":0,"event_name":"Shining Light","floor":14,"gold_loss":0},{"damage_healed":0,"gold_gain":0,"player_choice":"Ignored","damage_taken":0,"max_hp_gain":0,"max_hp_loss":0,"event_name":"Ghosts","floor":19,"gold_loss":0},{"damage_healed":0,"gold_gain":0,"player_choice":"Smashed Altar","damage_taken":0,"max_hp_gain":0,"max_hp_loss":0,"event_name":"Forgotten Altar","floor":22,"gold_loss":0,"cards_obtained":["Decay"]}],"is_beta":false,"boss_relics":[{"not_picked":["Busted Crown","Fusion Hammer"],"picked":"Philosopher\u0027s Stone"}],"items_purged_floors":[],"is_endless":false,"potions_floor_spawned":[7,12,16,24,25,29],"killed_by":"Shelled Parasite and Fungi","ascension_level":16}