{"gold_per_floor":[117,12,12,24,24,24,51,71,71,98,23,23,23,36,36,107,107,122,103,120,20,20,20,20,20,20,20,52,63,78,78],"floor_reached":31,"playtime":1556,"items_purged":["Strike_G","Strike_G"],"score":434,"play_id":"911c973d-a963-4dac-9c7e-bd4af91585f5","local_time":"20181115194323","is_ascension_mode":true,"campfire_choices":[{"data":"Noxious Fumes","floor":6,"key":"SMITH"},{"floor":12,"key":"REST"},{"floor":15,"key":"REST"},{"data":"Neutralize","floor":23,"key":"SMITH"},{"data":"After Image","floor":25,"key":"SMITH"},{"data":"Terror","floor":27,"key":"SMITH"}],"neow_cost":"NONE","seed_source_timestamp":857510818215200,"circlet_count":0,"master_deck":["AscendersBane","Defend_G","Defend_G","Defend_G","Defend_G","Defend_G","Survivor","Neutralize+1","Riddle With Holes","Noxious Fumes+1","Terror+1","Poisoned Stab","Backflip","Heel Hook","Bane","Calculated Gamble","After Image+1","Dagger Spray","Poisoned Stab","Bane","Caltrops","Footwork+1"],"relics":["Eternal Feather","Peace Pipe","Du-Vu Doll","Art of War","Busted Crown","Snake Skull","Orichalcum"],"potions_floor_usage":[10,10,19,20,28,30],"damage_taken":[{"damage":4,"enemies":"Small Slimes","floor":1,"turns":6},{"damage":0,"enemies":"2 Louse","floor":4,"turns":3},{"damage":37,"enemies":"Gremlin Nob","floor":7,"turns":5},{"damage":13,"enemies":"Jaw Worm","floor":8,"turns":5},{"damage":15,"enemies":"3 Sentries","floor":10,"turns":5},{"damage":4,"enemies":"3 Louse","floor":14,"turns":3},{"damage":8,"enemies":"The Guardian","floor":16,"turns":10},{"damage":13,"enemies":"Shell Parasite","floor":18,"turns":4},{"damage":17,"enemies":"2 Thieves","floor":19,"turns":4},{"damage":20,"enemies":"Sentry and Sphere","floor":20,"turns":7},{"damage":36,"enemies":"Slavers","floor":28,"turns":6},{"damage":1,"enemies":"Cultist and Chosen","floor":29,"turns":5},{"damage":21,"enemies":"Snake Plant","floor":30,"turns":4},{"damage":18,"enemies":"3 Cultists","floor":31,"turns":4}],"seed_played":"-7241748179419343052","potions_obtained":[{"floor":4,"key":"Explosive Potion"},{"floor":7,"key":"Strength Potion"},{"floor":16,"key":"GhostInAJar"},{"floor":18,"key":"Poison Potion"},{"floor":20,"key":"Regen Potion"},{"floor":28,"key":"Energy Potion"}],"is_trial":false,"path_per_floor":["M","$","?","M","?","R","E","M","T","E","$","R","?","M","R","B",null,"M","M","M","$","?","R","?","R","T","R","E","M","M","M"],"character_chosen":"THE_SILENT","items_purchased":["Noxious Fumes","Terror"],"campfire_rested":2,"item_purchase_floors":[2,2],"current_hp_per_floor":[59,59,52,52,57,66,29,16,16,1,1,32,32,28,59,51,69,56,39,19,19,19,31,31,43,43,55,34,33,12,0],"gold":78,"neow_bonus":"BOSS_RELIC","is_prod":false,"is_daily":false,"chose_seed":false,"campfire_upgraded":4,"win_rate":0,"timestamp":1542329003,"path_taken":["M","$","?","M","?","R","E","M","T","E","?","R","?","M","R","BOSS","M","M","M","?","?","R","?","R","T","R","E","M","M","?"],"build_version":"2018-11-08","purchased_purges":2,"victory":false,"max_hp_per_floor":[70,70,70,70,75,75,75,75,75,75,75,75,75,75,75,75,75,75,75,75,75,75,75,75,75,75,75,75,75,75,75],"card_choices":[{"not_picked":["Underhanded Strike","Deflect"],"picked":"Riddle With Holes","floor":1},{"not_picked":["Acrobatics","Escape Plan"],"picked":"Poisoned Stab","floor":4},{"not_picked":["Quick Slash","Reflex"],"picked":"Backflip","floor":7},{"not_picked":["Dagger Throw","Underhanded Strike"],"picked":"Heel Hook","floor":8},{"not_picked":["Slice","Unload"],"picked":"Bane","floor":10},{"not_picked":["Masterful Stab","Infinite Blades"],"picked":"Calculated Gamble","floor":14},{"not_picked":["Glass Knife","Venomology"],"picked":"After Image","floor":16},{"not_picked":[],"picked":"Dagger Spray","floor":18},{"not_picked":[],"picked":"Poisoned Stab","floor":19},{"not_picked":[],"picked":"Bane","floor":20},{"not_picked":[],"picked":"Caltrops","floor":28},{"not_picked":[],"picked":"Footwork+1","floor":29},{"not_picked":["Tactician"],"picked":"SKIP","floor":30}],"player_experience":1688770,"relics_obtained":[{"floor":7,"key":"Peace Pipe"},{"floor":9,"key":"Du-Vu Doll"},{"floor":10,"key":"Art of War"},{"floor":26,"key":"Snake Skull"},{"floor":28,"key":"Orichalcum"}],"event_choices":[{"cards_removed":["Strike_G"],"damage_healed":0,"gold_gain":0,"player_choice":"Card Removal","damage_taken":7,"max_hp_gain":0,"max_hp_loss":0,"event_name":"Golden Wing","floor":3,"gold_loss":0},{"damage_healed":0,"gold_gain":0,"player_choice":"Donut","damage_taken":0,"max_hp_gain":5,"max_hp_loss":0,"event_name":"Big Fish","floor":5,"gold_loss":0},{"cards_removed":["Strike_G"],"damage_healed":0,"gold_gain":0,"player_choice":"Offered Basic","damage_taken":0,"max_hp_gain":0,"max_hp_loss":0,"event_name":"Bonfire Elementals","floor":13,"gold_loss":0},{"damage_healed":0,"gold_gain":0,"player_choice":"Ignored","damage_taken":0,"max_hp_gain":0,"max_hp_loss":0,"event_name":"Ghosts","floor":22,"gold_loss":0},{"cards_removed":["Strike_G"],"damage_healed":0,"gold_gain":0,"player_choice":"Purged","damage_taken":0,"max_hp_gain":0,"max_hp_loss":0,"event_name":"Purifier","floor":24,"gold_loss":0}],"is_beta":false,"boss_relics":[{"not_picked":["Black Star","WristBlade"],"picked":"Busted Crown"}],"items_purged_floors":[11,21],"is_endless":false,"potions_floor_spawned":[4,7,8,16,18,20,28],"killed_by":"3 Cultists","ascension_level":13}