{"gold_per_floor":[114,47,47,47,62,62,77,77,127,127,159,189,189,204,204,304,304,319,319,19,19,34,64,79,79,129,129,144,159,159,174,174,274,274,289,314,64,64,64,94,94,109,109,124,139,154,184,184,184,184],"floor_reached":51,"playtime":2585,"items_purged":[],"score":1100,"play_id":"d20d48b7-7185-419e-8a72-c75bd49a8e7a","local_time":"20181018145820","daily_mods":["Specialized","Hoarder","Night Terrors"],"is_ascension_mode":false,"campfire_choices":[{"floor":6.0,"key":"REST"},{"data":"True Grit","floor":8.0,"key":"SMITH"},{"data":"True Grit","floor":15.0,"key":"SMITH"},{"data":"True Grit","floor":25,"key":"SMITH"},{"data":"Feed","floor":27,"key":"SMITH"},{"data":"Bash","floor":32,"key":"SMITH"},{"data":"Barricade","floor":41,"key":"PURGE"},{"data":"Mind Blast","floor":49,"key":"SMITH"}],"neow_cost":"","seed_source_timestamp":0,"circlet_count":0,"master_deck":["Strike_R","Strike_R","Strike_R","Strike_R","Strike_R+1","Defend_R","Defend_R","Defend_R","Bash+1","Barricade","Barricade","Barricade","Barricade+1","Barricade","Barricade","Barricade","Barricade","Barricade","Barricade","Barricade","Barricade","True Grit+1","True Grit+1","True Grit+1","Shrug It Off","Shrug It Off","Shrug It Off","Pommel Strike","Pommel Strike","Pommel Strike","Flame Barrier","Flame Barrier","Flame Barrier","Headbutt","Headbutt","Headbutt","Body Slam","Body Slam","Body Slam","Carnage","Carnage","Carnage","Sentinel","Sentinel","Sentinel","Feed+1","Feed","Feed","True Grit+1","True Grit+1","True Grit+1","Second Wind","Second Wind","Second Wind","Infernal Blade+1","Infernal Blade+1","Infernal Blade+1","Entrench","Entrench","Entrench","Disarm+1","Disarm+1","Disarm+1","Metallicize","Metallicize","Metallicize","Impervious","Impervious","Impervious","Offering+1","Offering+1","Offering+1","True Grit+1","True Grit+1","True Grit+1","Armaments+1","Armaments+1","Armaments+1","Shrug It Off+1","Shrug It Off+1","Shrug It Off+1","True Grit+1","True Grit+1","True Grit+1","Mind Blast+1","Mind Blast","Mind Blast"],"special_seed":17822,"relics":["Burning Blood","Anchor","Centennial Puzzle","Tiny Chest","Happy Flower","Mercury Hourglass","Snecko Eye","Bird Faced Urn","Ornamental Fan","Bag of Marbles","Coffee Dripper","Smiling Mask","Toxic Egg 2","Peace Pipe","Dead Branch","Paper Frog"],"potions_floor_usage":[35,50],"damage_taken":[{"damage":43.0,"enemies":"Jaw Worm","floor":1.0,"turns":8.0},{"damage":0.0,"enemies":"Cultist","floor":5.0,"turns":4.0},{"damage":0.0,"enemies":"2 Louse","floor":7.0,"turns":3.0},{"damage":4.0,"enemies":"3 Sentries","floor":11.0,"turns":11.0},{"damage":0.0,"enemies":"Lagavulin","floor":12.0,"turns":8.0},{"damage":2.0,"enemies":"2 Fungi Beasts","floor":14.0,"turns":2.0},{"damage":19.0,"enemies":"Slime Boss","floor":16.0,"turns":7.0},{"damage":0.0,"enemies":"3 Byrds","floor":18.0,"turns":3.0},{"damage":10.0,"enemies":"2 Thieves","floor":22.0,"turns":4.0},{"damage":21.0,"enemies":"Slavers","floor":23.0,"turns":7.0},{"damage":1,"enemies":"Centurion and Healer","floor":24,"turns":8},{"damage":0,"enemies":"Cultist and Chosen","floor":28,"turns":9},{"damage":0,"enemies":"Shelled Parasite and Fungi","floor":29,"turns":5},{"damage":6,"enemies":"3 Cultists","floor":31,"turns":8},{"damage":0,"enemies":"Automaton","floor":33,"turns":10},{"damage":17,"enemies":"3 Darklings","floor":35,"turns":20},{"damage":0,"enemies":"2 Orb Walkers","floor":40,"turns":7},{"damage":6,"enemies":"3 Shapes","floor":42,"turns":5},{"damage":6,"enemies":"3 Darklings","floor":44,"turns":2},{"damage":6,"enemies":"Sphere and 2 Shapes","floor":45,"turns":3},{"damage":0,"enemies":"Transient","floor":46,"turns":5},{"damage":0,"enemies":"Nemesis","floor":47,"turns":5},{"damage":0,"enemies":"Time Eater","floor":50,"turns":2}],"seed_played":"-5039932605172168940","potions_obtained":[{"floor":7.0,"key":"PowerPotion"},{"floor":12.0,"key":"SkillPotion"},{"floor":16.0,"key":"EssenceOfSteel"},{"floor":21.0,"key":"Fruit Juice"},{"floor":21.0,"key":"Fire Potion"},{"floor":28,"key":"SkillPotion"},{"floor":31,"key":"Fire Potion"},{"floor":40,"key":"Regen Potion"},{"floor":42,"key":"LiquidBronze"}],"is_trial":false,"path_per_floor":["M","$","?","?","M","R","M","R","T","?","?","E","T","M","R","B",null,"M","?","$","?","M","E","M","R","T","R","M","M","$","M","R","B",null,"M","T","$","$","?","E","R","M","T","M","M","M","E","?","R","B"],"character_chosen":"IRONCLAD","items_purchased":["Shrug It Off","Pommel Strike","Bird Faced Urn","Toxic Egg 2"],"campfire_rested":1,"item_purchase_floors":[2,2,20,37],"current_hp_per_floor":[43,43,43,27,33,75,75,75,75,85,85,85,85,85,85,72,85,85,85,85,85,91,92,102,102,102,102,105,108,108,114,114,114,114,114,114,114,114,114,121,121,128,128,128,131,131,131,131,131,131],"gold":184,"neow_bonus":"","is_prod":false,"is_daily":true,"chose_seed":false,"campfire_upgraded":6,"win_rate":0,"timestamp":1539867500,"path_taken":["M","$","?","?","M","R","M","R","T","?","?","E","?","M","R","BOSS","M","?","$","?","M","E","M","R","T","R","?","M","?","M","R","BOSS","M","?","?","$","?","E","R","M","T","M","M","M","E","?","R","BOSS"],"build_version":"2018-10-11","purchased_purges":0,"victory":true,"max_hp_per_floor":[80,80,80,80,80,75,75,75,75,85,85,85,85,85,85,85,85,85,85,85,85,93,99,102,102,102,102,105,108,108,114,114,114,114,114,114,114,114,114,121,121,128,128,128,131,131,131,131,131,131],"card_choices":[{"not_picked":["Twin Strike","Cleave"],"picked":"True Grit","floor":1.0},{"not_picked":["Body Slam","Thunderclap"],"picked":"Flame Barrier","floor":5.0},{"not_picked":["Clothesline","Anger"],"picked":"Headbutt","floor":7.0},{"not_picked":["Armaments","Hemokinesis"],"picked":"Body Slam","floor":11.0},{"not_picked":["Exhume","Flex"],"picked":"Carnage","floor":12.0},{"not_picked":["Sword Boomerang","Cleave"],"picked":"Sentinel","floor":14.0},{"not_picked":["Dark Embrace","Limit Break"],"picked":"Feed","floor":16.0},{"not_picked":["Fire Breathing","Havoc"],"picked":"True Grit+1","floor":18.0},{"not_picked":["Hemokinesis","Clash"],"picked":"Second Wind","floor":22.0},{"not_picked":["Wild Strike","Havoc"],"picked":"Infernal Blade+1","floor":23.0},{"not_picked":["Body Slam","Armaments"],"picked":"Entrench","floor":24},{"not_picked":["Cleave","Uppercut"],"picked":"Disarm+1","floor":28},{"not_picked":["Armaments+1","Headbutt"],"picked":"Metallicize","floor":29},{"not_picked":["Armaments+1","Ghostly Armor+1","Clash"],"picked":"SKIP","floor":31},{"not_picked":["Bludgeon","Feed"],"picked":"Impervious","floor":33},{"not_picked":["Twin Strike+1","Flex","Thunderclap+1"],"picked":"SKIP","floor":35},{"not_picked":["Inflame","Headbutt+1"],"picked":"Offering+1","floor":40},{"not_picked":["Seeing Red+1","Dual Wield+1"],"picked":"True Grit+1","floor":42},{"not_picked":["True Grit+1","Power Through+1","Ghostly Armor+1"],"picked":"SKIP","floor":44},{"not_picked":["Wild Strike+1","Perfected Strike+1"],"picked":"Armaments+1","floor":45},{"not_picked":["Armaments+1","Headbutt+1"],"picked":"Shrug It Off+1","floor":46},{"not_picked":["Sever Soul+1","Dropkick"],"picked":"True Grit+1","floor":47},{"not_picked":["Good Instincts+1","Panacea+1"],"picked":"Mind Blast","floor":48}],"player_experience":1549174,"relics_obtained":[{"floor":3.0,"key":"Anchor"},{"floor":9.0,"key":"Centennial Puzzle"},{"floor":11.0,"key":"Tiny Chest"},{"floor":12.0,"key":"Happy Flower"},{"floor":13.0,"key":"Mercury Hourglass"},{"floor":23.0,"key":"Ornamental Fan"},{"floor":26,"key":"Bag of Marbles"},{"floor":36,"key":"Smiling Mask"},{"floor":40,"key":"Peace Pipe"},{"floor":43,"key":"Dead Branch"},{"floor":47,"key":"Paper Frog"}],"event_choices":[{"event_name":"Wheel of Change","player_choice":"Relic","floor":3.0,"damage_taken":0.0},{"event_name":"Shining Light","player_choice":"Entered Light","floor":4.0,"damage_taken":0.0},{"event_name":"Bonfire Elementals","player_choice":"RARE","floor":10.0,"damage_taken":0.0},{"event_name":"Dead Adventurer","player_choice":"Searched \u00273\u0027 times","floor":11.0,"damage_taken":0.0},{"event_name":"Purifier","player_choice":"One Purge","floor":19.0,"damage_taken":0.0},{"event_name":"The Lab","player_choice":"Got Potions","floor":21.0,"damage_taken":0.0},{"event_name":"Falling","player_choice":"Removed Skill","floor":39,"damage_taken":0},{"event_name":"SensoryStone","player_choice":"Memory 1","floor":48,"damage_taken":0}],"is_beta":false,"boss_relics":[{"not_picked":["Calling Bell","Empty Cage"],"picked":"Snecko Eye"},{"not_picked":["Runic Cube","Orrery"],"picked":"Coffee Dripper"}],"items_purged_floors":[],"is_endless":false,"potions_floor_spawned":[7,12,16,28,31,33,40,42,47],"ascension_level":0}