{"gold_per_floor":[112,125,138,138,138,138,163,180,180,240,251,281,299,315,315,315],"floor_reached":16,"playtime":553,"items_purged":[],"score":208,"play_id":"cab37c39-a183-41aa-ad2a-7ba723e9a99b","local_time":"20190215183210","is_ascension_mode":true,"campfire_choices":[{"data":"Streamline","floor":6,"key":"SMITH"},{"floor":15,"key":"REST"}],"neow_cost":"PERCENT_DAMAGE","seed_source_timestamp":2038606909357399,"circlet_count":0,"master_deck":["AscendersBane","Strike_B","Strike_B+1","Strike_B+1","Defend_B","Defend_B","Defend_B","Zap+1","Dualcast","Scrape","Genetic Algorithm","Streamline+1","Redo","Gash","Go for the Eyes","Steam"],"relics":["Cracked Core","Whetstone","Emotion Chip","Tiny Chest"],"potions_floor_usage":[8,16,16],"damage_taken":[{"damage":4,"enemies":"Jaw Worm","floor":1,"turns":3},{"damage":0,"enemies":"Small Slimes","floor":2,"turns":2},{"damage":1,"enemies":"Cultist","floor":3,"turns":3},{"damage":0,"enemies":"2 Fungi Beasts","floor":8,"turns":2},{"damage":30,"enemies":"Lagavulin","floor":10,"turns":5},{"damage":1,"enemies":"Blue Slaver","floor":11,"turns":2},{"damage":0,"enemies":"Large Slime","floor":13,"turns":4},{"damage":6,"enemies":"Looter","floor":14,"turns":2},{"damage":28,"enemies":"Slime Boss","floor":16,"turns":7}],"seed_played":"6762101172667568786","potions_obtained":[{"floor":1,"key":"Poison Potion"},{"floor":2,"key":"SpeedPotion"},{"floor":10,"key":"SpeedPotion"},{"floor":11,"key":"Weak Potion"}],"is_trial":false,"path_per_floor":["M","M","M","?","?","R","T","M","T","E","M","?","M","M","R","B"],"character_chosen":"DEFECT","items_purchased":[],"campfire_rested":1,"item_purchase_floors":[],"current_hp_per_floor":[42,42,41,41,41,41,41,41,41,11,10,10,10,4,25,0],"gold":315,"neow_bonus":"REMOVE_TWO","is_prod":false,"is_daily":false,"chose_seed":false,"campfire_upgraded":1,"win_rate":0,"timestamp":1550277130,"path_taken":["M","M","M","?","?","R","?","M","T","E","?","?","M","M","R","BOSS"],"build_version":"2019-02-06","purchased_purges":0,"victory":false,"max_hp_per_floor":[71,71,71,71,71,71,71,71,71,71,71,71,71,71,71,71],"card_choices":[{"not_picked":["Rebound","Static Discharge"],"picked":"Scrape","floor":1},{"not_picked":["Hologram","Steam Power"],"picked":"Genetic Algorithm","floor":2},{"not_picked":["Glacier","Turbo"],"picked":"Streamline","floor":3},{"not_picked":["Ball Lightning","Darkness","Stack"],"picked":"SKIP","floor":8},{"not_picked":["Sweeping Beam","Rebound"],"picked":"Redo","floor":10},{"not_picked":["Double Energy","Defragment"],"picked":"Gash","floor":11},{"not_picked":["Darkness","Redo"],"picked":"Go for the Eyes","floor":13},{"not_picked":["Chaos","Multi-Cast"],"picked":"Steam","floor":14}],"player_experience":826429,"relics_obtained":[{"floor":7,"key":"Whetstone"},{"floor":9,"key":"Emotion Chip"},{"floor":10,"key":"Tiny Chest"}],"event_choices":[{"damage_healed":0,"gold_gain":0,"player_choice":"Grow","damage_taken":0,"max_hp_gain":0,"max_hp_loss":0,"event_name":"Living Wall","floor":4,"gold_loss":0,"cards_upgraded":["Zap"]},{"damage_healed":0,"gold_gain":0,"player_choice":"Ignored","damage_taken":0,"max_hp_gain":0,"max_hp_loss":0,"event_name":"Liars Game","floor":5,"gold_loss":0},{"damage_healed":0,"gold_gain":30,"player_choice":"Searched \u00271\u0027 times","damage_taken":0,"max_hp_gain":0,"max_hp_loss":0,"event_name":"Dead Adventurer","floor":12,"gold_loss":0}],"is_beta":true,"boss_relics":[],"items_purged_floors":[],"is_endless":false,"potions_floor_spawned":[1,2,10,11],"killed_by":"Slime Boss","ascension_level":20}