{"gold_per_floor":[114,133,133,158,4,4,23,23,47,67,17,38,53,53,53,53],"floor_reached":16,"playtime":788,"items_purged":["Strike_G"],"score":118,"play_id":"b6eb4d12-601c-47ac-a725-3ebcaf25d36f","local_time":"20180714152624","is_ascension_mode":true,"campfire_choices":[{"data":"Neutralize","floor":6,"key":"SMITH"},{"floor":15,"key":"REST"}],"neow_cost":"NONE","seed_source_timestamp":60103826532780,"circlet_count":0,"master_deck":["Defend_G","Defend_G","Defend_G","Defend_G","Defend_G","Strike_G","Strike_G","Survivor","Neutralize+1","Blur","PiercingWail","Dodge and Roll","Backflip","Poisoned Stab","Terror+1","Crippling Poison","Dodge and Roll"],"relics":["Ring of the Snake","NeowsBlessing","Golden Idol","Art of War"],"potions_floor_usage":[7,7,12,16],"damage_taken":[{"damage":0,"enemies":"Small Slimes","floor":1,"turns":1},{"damage":0,"enemies":"2 Louse","floor":2,"turns":1},{"damage":0,"enemies":"Cultist","floor":4,"turns":1},{"damage":0,"enemies":"3 Louse","floor":7,"turns":2},{"damage":0,"enemies":"Blue Slaver","floor":10,"turns":5},{"damage":8,"enemies":"Exordium Thugs","floor":12,"turns":5},{"damage":0,"enemies":"Red Slaver","floor":13,"turns":7},{"damage":72,"enemies":"Slime Boss","floor":16,"turns":11}],"seed_played":"6495490895708327685","potions_obtained":[{"floor":2,"key":"Explosive Potion"},{"floor":4,"key":"Block Potion"},{"floor":7,"key":"Regen Potion"},{"floor":13,"key":"FearPotion"}],"is_trial":false,"path_per_floor":["M","M","?","M","$","R","M","?","T","M","?","M","M","?","R"],"character_chosen":"THE_SILENT","items_purchased":["Backflip","Poisoned Stab"],"campfire_rested":1,"item_purchase_floors":[5,5],"current_hp_per_floor":[70,70,53,53,53,53,53,46,46,46,46,53,53,53,70,0],"gold":53,"neow_bonus":"THREE_ENEMY_KILL","is_prod":false,"is_daily":false,"chose_seed":false,"campfire_upgraded":1,"win_rate":0,"timestamp":1531596384,"path_taken":["M","M","?","M","$","R","M","?","T","?","?","?","M","?","R","BOSS"],"build_version":"2018-07-12","purchased_purges":1,"victory":false,"max_hp_per_floor":[70,70,70,70,70,70,70,70,70,70,70,70,70,70,70,70],"card_choices":[{"not_picked":["Flying Knee","Bane"],"picked":"Blur","floor":1},{"not_picked":["Slice","Outmaneuver"],"picked":"PiercingWail","floor":2},{"not_picked":["Setup","Calculated Gamble"],"picked":"Dodge and Roll","floor":4},{"not_picked":["Backflip","Poisoned Stab"],"picked":"Terror","floor":7},{"not_picked":["Dagger Throw","Sucker Punch"],"picked":"Crippling Poison","floor":10},{"not_picked":["Concentrate","Outmaneuver","Flying Knee"],"picked":"SKIP","floor":12},{"not_picked":["Endless Agony","Choke"],"picked":"Dodge and Roll","floor":13}],"player_experience":1096243,"relics_obtained":[{"floor":9,"key":"Art of War"}],"event_choices":[{"event_name":"Golden Idol","player_choice":"Take Damage","floor":3,"damage_taken":0},{"event_name":"Golden Wing","player_choice":"Card Removal","floor":8,"damage_taken":0},{"event_name":"The Cleric","player_choice":"Card Removal","floor":11,"damage_taken":0},{"event_name":"Upgrade Shrine","player_choice":"Upgraded","floor":14,"damage_taken":0}],"boss_relics":[],"items_purged_floors":[5],"is_endless":false,"potions_floor_spawned":[2,4,7,13],"killed_by":"Slime Boss","ascension_level":5}