{"gold_per_floor":[110,110,128,144,73,73,103,103,179,179,209,174,174,18,18,97,97,115,214,226,240,240],"floor_reached":22,"playtime":1381,"items_purged":[],"score":326,"play_id":"9d890670-6328-4887-82b7-631b9c97e89d","local_time":"20190201195350","is_ascension_mode":true,"campfire_choices":[{"floor":6,"key":"REST"},{"data":"Bash","floor":8,"key":"SMITH"},{"data":"Shrug It Off","floor":10,"key":"SMITH"},{"data":"Metallicize","floor":13,"key":"SMITH"},{"floor":15,"key":"REST"}],"neow_cost":"TEN_PERCENT_HP_LOSS","seed_source_timestamp":717310718522077,"circlet_count":0,"master_deck":["AscendersBane","Strike_R","Strike_R+1","Strike_R+1","Strike_R","Strike_R","Defend_R","Defend_R","Defend_R","Defend_R","Bash+1","Twin Strike","Metallicize+1","Shrug It Off+1","Metallicize","Feel No Pain","Fiend Fire","Demon Form","Shrug It Off","Sword Boomerang","Sentinel"],"relics":["Burning Blood","StoneCalendar","Lantern","Bottled Lightning","Singing Bowl","Happy Flower","Mark of Pain"],"potions_floor_usage":[11,20],"damage_taken":[{"damage":5,"enemies":"Small Slimes","floor":1,"turns":4},{"damage":6,"enemies":"2 Louse","floor":3,"turns":2},{"damage":12,"enemies":"Jaw Worm","floor":4,"turns":3},{"damage":22,"enemies":"3 Sentries","floor":7,"turns":7},{"damage":26,"enemies":"Lagavulin","floor":11,"turns":6},{"damage":21,"enemies":"Slime Boss","floor":16,"turns":9},{"damage":28,"enemies":"Shell Parasite","floor":18,"turns":7},{"damage":1,"enemies":"Spheric Guardian","floor":20,"turns":4},{"damage":39,"enemies":"Shelled Parasite and Fungi","floor":21,"turns":6},{"damage":15,"enemies":"Masked Bandits","floor":22,"turns":2}],"seed_played":"5026970655660878070","potions_obtained":[{"floor":7,"key":"Energy Potion"},{"floor":11,"key":"SpeedPotion"},{"floor":18,"key":"SkillPotion"}],"is_trial":false,"path_per_floor":["M","?","M","M","$","R","E","R","T","R","E","?","R","$","R","B",null,"M","?","M","M","?"],"character_chosen":"IRONCLAD","items_purchased":["Metallicize","Happy Flower"],"campfire_rested":2,"item_purchase_floors":[5,14],"current_hp_per_floor":[68,54,54,48,48,68,52,52,52,52,32,49,49,49,68,53,64,42,42,47,14,0],"gold":240,"neow_bonus":"ONE_RARE_RELIC","is_prod":false,"is_daily":false,"chose_seed":false,"campfire_upgraded":3,"win_rate":0,"timestamp":1549068830,"path_taken":["M","?","M","M","$","R","E","R","T","R","E","?","R","$","R","BOSS","M","?","M","M","?"],"build_version":"2019-01-23","purchased_purges":0,"victory":false,"max_hp_per_floor":[68,68,68,68,68,68,68,68,68,68,68,68,68,68,68,68,68,68,68,68,68,68],"card_choices":[{"not_picked":["Anger","Wild Strike"],"picked":"Twin Strike","floor":1},{"not_picked":["Wild Strike","Clothesline"],"picked":"Metallicize","floor":3},{"not_picked":["Pummel","Dropkick"],"picked":"Shrug It Off","floor":4},{"not_picked":["Body Slam","Warcry"],"picked":"Feel No Pain","floor":7},{"not_picked":["Rupture","Sentinel"],"picked":"Fiend Fire","floor":11},{"not_picked":["Exhume","Immolate"],"picked":"Demon Form","floor":16},{"not_picked":["Ghostly Armor","Wild Strike"],"picked":"Shrug It Off","floor":18},{"not_picked":["Combust","Iron Wave"],"picked":"Sword Boomerang","floor":20},{"not_picked":["Carnage","Armaments"],"picked":"Sentinel","floor":21}],"player_experience":2277540,"relics_obtained":[{"floor":7,"key":"Lantern"},{"floor":9,"key":"Bottled Lightning"},{"floor":11,"key":"Singing Bowl"}],"event_choices":[{"damage_healed":0,"gold_gain":0,"player_choice":"Entered Light","damage_taken":14,"max_hp_gain":0,"max_hp_loss":0,"event_name":"Shining Light","floor":2,"gold_loss":0,"cards_upgraded":["Strike_R","Strike_R"]},{"damage_healed":17,"gold_gain":0,"player_choice":"Healed","damage_taken":0,"max_hp_gain":0,"max_hp_loss":0,"event_name":"The Cleric","floor":12,"gold_loss":35},{"damage_healed":0,"gold_gain":99,"player_choice":"Stole From Cult","damage_taken":0,"max_hp_gain":0,"max_hp_loss":0,"event_name":"Nest","floor":19,"gold_loss":0},{"damage_healed":0,"gold_gain":0,"player_choice":"Fought Bandits","damage_taken":0,"max_hp_gain":0,"max_hp_loss":0,"event_name":"Masked Bandits","floor":22,"gold_loss":0}],"is_beta":false,"boss_relics":[{"not_picked":["Coffee Dripper","Calling Bell"],"picked":"Mark of Pain"}],"items_purged_floors":[],"is_endless":false,"potions_floor_spawned":[7,11,18],"killed_by":"Masked Bandits","ascension_level":14}