{"path_per_floor":["M","M","M","$","?","E","R","$","T","M","?","?","E","M","R","B",null,"M","M","$","M","?","M","E","R","T","M","?","M","?","M","R"],"character_chosen":"THE_SILENT","items_purchased":["Cloak And Dagger","Panache","Footwork","Dramatic Entrance"],"gold_per_floor":[115,129,143,22,197,224,224,6,6,24,24,24,56,75,75,172,172,189,208,20,36,36,46,80,80,103,113,313,324,324,334,334,334],"floor_reached":33,"campfire_rested":4,"playtime":2837,"item_purchase_floors":[],"current_hp_per_floor":[69,64,64,64,64,47,72,72,72,65,58,46,28,28,53,41,84,84,84,84,74,58,33,17,43,53,53,53,46,46,43,87,0],"items_purged":["Strike_G","Strike_G"],"gold":334,"score":304,"play_id":"4708adae-7819-46d1-b224-cd272394f3c0","local_time":"20180601232842","is_prod":false,"is_daily":false,"chose_seed":false,"is_ascension_mode":false,"campfire_upgraded":0,"win_rate":0.0,"timestamp":1527910122,"campfire_choices":[{"floor":7.0,"key":"REST"},{"floor":15.0,"key":"REST"},{"floor":25,"key":"REST"},{"floor":32,"key":"REST"}],"path_taken":["M","M","M","?","?","E","R","$","T","M","?","?","E","?","R","BOSS","M","M","$","M","?","M","E","R","T","M","?","M","?","?","R","BOSS"],"build_version":"2018-05-31","seed_source_timestamp":0,"purchased_purges":2,"victory":false,"master_deck":["Defend_G","Defend_G","Defend_G","Defend_G","Defend_G","Strike_G","Strike_G","Survivor","Neutralize","Finisher","Skewer","Escape Plan","Cloak And Dagger","Doubt","Slice","Panache","Footwork","Crippling Poison","Deflect","Adrenaline","Die Die Die","Noxious Fumes","Cloak And Dagger+1","Dramatic Entrance","Deflect","Masterful Stab+1","Doubt","Distraction+1","Deflect"],"max_hp_per_floor":[70,70,70,70,70,84,84,84,84,84,84,84,84,84,84,84,84,84,84,84,84,89,89,89,89,99,99,99,99,99,99,99,99],"relics":["Ring of the Snake","Mango","Toolbox","Matryoshka","Bronze Scales","Cursed Key","Happy Flower","Pear","Bag of Marbles","Regal Pillow"],"card_choices":[{"not_picked":["Deadly Poison","PiercingWail"],"picked":"Finisher","floor":1.0},{"not_picked":["Dagger Spray","Dodge and Roll"],"picked":"Skewer","floor":2.0},{"not_picked":["Caltrops","Quick Slash"],"picked":"Escape Plan","floor":3.0},{"not_picked":["Dagger Throw","Bane"],"picked":"Slice","floor":6.0},{"not_picked":["Acrobatics","Riddle With Holes"],"picked":"Crippling Poison","floor":10.0},{"not_picked":["Terror","PiercingWail"],"picked":"Deflect","floor":13.0},{"not_picked":["Terror","Blade Dance"],"picked":"Adrenaline","floor":14.0},{"not_picked":["Wraith Form v2","Adrenaline"],"picked":"Die Die Die","floor":16.0},{"not_picked":["Reflex","Distraction"],"picked":"Noxious Fumes","floor":18.0},{"not_picked":["Footwork+1","Flechettes+1"],"picked":"Cloak And Dagger+1","floor":19.0},{"not_picked":["Underhanded Strike+1","Dagger Spray"],"picked":"Deflect","floor":21.0},{"not_picked":["Quick Slash","Malaise"],"picked":"Masterful Stab+1","floor":23},{"not_picked":["Flechettes","Cloak And Dagger","Flying Knee"],"picked":"SKIP","floor":24},{"not_picked":["Cloak And Dagger","Crippling Poison","Reflex+1"],"picked":"SKIP","floor":27},{"not_picked":["Sucker Punch+1","Grand Finale"],"picked":"Distraction+1","floor":29},{"not_picked":["Leg Sweep","Blur+1"],"picked":"Deflect","floor":31}],"player_experience":263545,"potions_floor_usage":[27,33,33],"damage_taken":[{"damage":1.0,"enemies":"Cultist","floor":1.0,"turns":5.0},{"damage":5.0,"enemies":"2 Louse","floor":2.0,"turns":2.0},{"damage":0.0,"enemies":"Small Slimes","floor":3.0,"turns":3.0},{"damage":31.0,"enemies":"Gremlin Nob","floor":6.0,"turns":5.0},{"damage":7.0,"enemies":"Blue Slaver","floor":10.0,"turns":3.0},{"damage":18.0,"enemies":"Lagavulin","floor":13.0,"turns":7.0},{"damage":0.0,"enemies":"2 Fungi Beasts","floor":14.0,"turns":2.0},{"damage":12.0,"enemies":"Hexaghost","floor":16.0,"turns":9.0},{"damage":0.0,"enemies":"Chosen","floor":18.0,"turns":5.0},{"damage":0.0,"enemies":"3 Byrds","floor":19.0,"turns":2.0},{"damage":10.0,"enemies":"Snake Plant","floor":21.0,"turns":3.0},{"damage":25,"enemies":"Chosen and Byrds","floor":23,"turns":8},{"damage":16,"enemies":"Book of Stabbing","floor":24,"turns":5},{"damage":0,"enemies":"Cultist and Chosen","floor":27,"turns":3},{"damage":7,"enemies":"Centurion and Healer","floor":29,"turns":7},{"damage":3,"enemies":"3 Cultists","floor":31,"turns":3},{"damage":99,"enemies":"Collector","floor":33,"turns":9}],"relics_obtained":[{"floor":6.0,"key":"Mango"},{"floor":9.0,"key":"Toolbox"},{"floor":13.0,"key":"Bronze Scales"},{"floor":24,"key":"Happy Flower"},{"floor":26,"key":"Pear"},{"floor":26,"key":"Bag of Marbles"}],"event_choices":[{"event_name":"Liars Game","player_choice":"agreed","floor":5.0,"damage_taken":0.0},{"event_name":"Golden Wing","player_choice":"Card Removal","floor":11.0,"damage_taken":0.0},{"event_name":"Scrap Ooze","player_choice":"success","floor":12.0,"damage_taken":12.0},{"event_name":"Forgotten Altar","player_choice":"Shed Blood","floor":22.0,"damage_taken":0.0},{"event_name":"Wheel of Change","player_choice":"Gold","floor":28,"damage_taken":0},{"event_name":"The Mausoleum","player_choice":"Yes","floor":30,"damage_taken":0}],"boss_relics":[],"items_purged_floors":[],"potions_floor_spawned":[2,6,10,13,18,24,27,31],"seed_played":"3226989285032186550","killed_by":"Collector","ascension_level":0,"potions_obtained":[{"floor":2.0,"key":"LiquidBronze"},{"floor":6.0,"key":"SkillPotion"},{"floor":10.0,"key":"FearPotion"},{"floor":13.0,"key":"Energy Potion"},{"floor":18.0,"key":"Fire Potion"},{"floor":24,"key":"FearPotion"},{"floor":27,"key":"Energy Potion"},{"floor":31,"key":"PowerPotion"}],"is_trial":false}