{"path_per_floor":["M","?","M","M","?","R","$","M","T","$","M","R","M","?","R","B",null,"M","?","M","$","M","R","E","?","T","?","?","M","M","M","R"],"character_chosen":"IRONCLAD","items_purchased":["Rampage","Lantern"],"gold_per_floor":[113,113,133,149,149,149,77,95,95,20,38,38,52,52,52,152,152,165,165,182,31,41,41,75,75,75,0,0,19,31,45,45,45],"floor_reached":33,"campfire_rested":2,"playtime":1832,"item_purchase_floors":[7,21],"current_hp_per_floor":[76,73,79,80,80,80,80,80,80,80,80,80,80,80,80,31,80,80,80,69,69,59,80,49,49,49,49,49,51,35,21,46,0],"items_purged":["Strike_R"],"gold":45,"score":259,"play_id":"fcbcf9a6-45f6-45bb-bc15-20306f65d0a1","local_time":"20180623104506","is_prod":false,"is_daily":false,"chose_seed":false,"is_ascension_mode":false,"campfire_upgraded":3,"win_rate":0,"timestamp":1529768706,"campfire_choices":[{"data":"Spot Weakness","floor":6,"key":"SMITH"},{"data":"Infernal Blade","floor":12,"key":"SMITH"},{"data":"Rampage","floor":15,"key":"SMITH"},{"floor":23,"key":"REST"},{"floor":32,"key":"REST"}],"path_taken":["M","?","?","M","?","R","$","M","T","$","M","R","M","?","R","BOSS","M","?","M","$","M","R","E","?","T","?","?","M","?","M","R","BOSS"],"build_version":"2018-06-21","seed_source_timestamp":124281160378082,"purchased_purges":1,"circlet_count":0,"victory":false,"master_deck":["Strike_R","Strike_R","Strike_R","Defend_R","Defend_R","Defend_R","Defend_R","Bash+1","Spot Weakness+1","Rampage+1","Heavy Blade","Infernal Blade+1","Wild Strike","Feed","Cleave","Seeing Red+1","Injury","Carnage+1"],"max_hp_per_floor":[80,80,80,80,80,80,80,80,80,80,80,80,80,80,80,80,80,80,80,80,80,80,80,83,83,83,83,83,86,86,86,86,86],"relics":["Black Blood","Thread and Needle","Pantograph","Lantern","Anchor","Frozen Egg 2"],"card_choices":[{"not_picked":["Warcry","Fire Breathing"],"picked":"Spot Weakness","floor":1},{"not_picked":["Twin Strike","Flame Barrier","Perfected Strike"],"picked":"SKIP","floor":3},{"not_picked":["Twin Strike","Heavy Blade","True Grit"],"picked":"SKIP","floor":4},{"not_picked":["Body Slam","Feel No Pain"],"picked":"Heavy Blade","floor":8},{"not_picked":["Rupture","Battle Trance"],"picked":"Infernal Blade","floor":11},{"not_picked":["Havoc","Battle Trance"],"picked":"Wild Strike","floor":13},{"not_picked":["Reaper","Offering"],"picked":"Feed","floor":16},{"not_picked":["Sword Boomerang+1","Infernal Blade"],"picked":"Cleave","floor":18},{"not_picked":["Metallicize","Flex","Rage"],"picked":"SKIP","floor":20},{"not_picked":["Sword Boomerang","Spot Weakness","Fire Breathing"],"picked":"SKIP","floor":22},{"not_picked":["Corruption","Rage","Bloodletting"],"picked":"SKIP","floor":24},{"not_picked":["Rupture+1","Iron Wave","Warcry"],"picked":"SKIP","floor":29},{"not_picked":["Iron Wave","Disarm+1"],"picked":"Carnage+1","floor":30},{"not_picked":["Entrench","Clash","Second Wind"],"picked":"SKIP","floor":31}],"player_experience":264671,"potions_floor_usage":[16,20,20,22,24,31,33],"damage_taken":[{"damage":10,"enemies":"Jaw Worm","floor":1,"turns":4},{"damage":0,"enemies":"Cultist","floor":3,"turns":4},{"damage":2,"enemies":"2 Louse","floor":4,"turns":2},{"damage":0,"enemies":"Looter","floor":8,"turns":3},{"damage":3,"enemies":"Lots of Slimes","floor":11,"turns":5},{"damage":0,"enemies":"Exordium Thugs","floor":13,"turns":4},{"damage":55,"enemies":"Hexaghost","floor":16,"turns":8},{"damage":21,"enemies":"2 Thieves","floor":18,"turns":4},{"damage":21,"enemies":"Spheric Guardian","floor":20,"turns":6},{"damage":32,"enemies":"Centurion and Healer","floor":22,"turns":4},{"damage":44,"enemies":"Slavers","floor":24,"turns":4},{"damage":11,"enemies":"Snecko","floor":29,"turns":4},{"damage":34,"enemies":"Cultist and Chosen","floor":30,"turns":5},{"damage":24,"enemies":"Snake Plant","floor":31,"turns":4},{"damage":73,"enemies":"Automaton","floor":33,"turns":10}],"relics_obtained":[{"floor":9,"key":"Pantograph"},{"floor":24,"key":"Anchor"},{"floor":26,"key":"Frozen Egg 2"}],"event_choices":[{"event_name":"Scrap Ooze","player_choice":"success","floor":2,"damage_taken":3},{"event_name":"Living Wall","player_choice":"Grow","floor":5,"damage_taken":0},{"event_name":"Liars Game","player_choice":"disagreed","floor":14,"damage_taken":0},{"event_name":"Match and Keep!","player_choice":"2 cards matched","floor":19,"damage_taken":0},{"event_name":"Purifier","player_choice":"One Purge","floor":25,"damage_taken":0},{"event_name":"Beggar","player_choice":"Gave Gold","floor":27,"damage_taken":0},{"event_name":"Accursed Blacksmith","player_choice":"Forge","floor":28,"damage_taken":0}],"boss_relics":[{"not_picked":["Black Star","Runic Pyramid"],"picked":"Black Blood"}],"items_purged_floors":[10],"is_endless":false,"potions_floor_spawned":[3,4,13,20,22,30,31],"seed_played":"4938647039364315492","killed_by":"Automaton","ascension_level":0,"potions_obtained":[{"floor":3,"key":"Poison Potion"},{"floor":4,"key":"GamblersBrew"},{"floor":13,"key":"Strength Potion"},{"floor":20,"key":"Regen Potion"},{"floor":22,"key":"Dexterity Potion"},{"floor":30,"key":"Poison Potion"},{"floor":31,"key":"Block Potion"}],"is_trial":false}