{"gold_per_floor":[116,129,143,158,172,172,198,198,280,280,311,58,133,150,150,223,223,239,257,257,257,257],"floor_reached":22,"playtime":883,"items_purged":["Strike_B"],"score":467,"play_id":"2ac5f927-2b0a-40fe-85df-750057823bd8","local_time":"20181231145424","is_ascension_mode":true,"campfire_choices":[{"floor":6,"key":"REST"},{"floor":8,"key":"REST"},{"floor":10,"key":"REST"},{"floor":15,"key":"REST"}],"neow_cost":"NONE","seed_source_timestamp":991208520575376,"circlet_count":0,"master_deck":["AscendersBane","Strike_B","Strike_B","Strike_B","Defend_B","Defend_B","Defend_B","Defend_B","Zap","Dualcast","Lockon","Coolheaded","Genetic Algorithm","Self Repair","Streamline","Rebound","Ball Lightning","Creative AI","Heatsinks","Echo Form","Leap"],"relics":["Velvet Choker","Calipers","Pear","Girya","Fusion Hammer","MutagenicStrength"],"potions_floor_usage":[7,7,16,22],"damage_taken":[{"damage":0,"enemies":"Cultist","floor":1,"turns":4},{"damage":4,"enemies":"Small Slimes","floor":2,"turns":3},{"damage":5,"enemies":"Jaw Worm","floor":3,"turns":3},{"damage":12,"enemies":"Large Slime","floor":4,"turns":6},{"damage":11,"enemies":"2 Fungi Beasts","floor":5,"turns":5},{"damage":57,"enemies":"Gremlin Nob","floor":7,"turns":6},{"damage":35,"enemies":"Lagavulin","floor":11,"turns":7},{"damage":7,"enemies":"Blue Slaver","floor":14,"turns":3},{"damage":0,"enemies":"Slime Boss","floor":16,"turns":11},{"damage":34,"enemies":"Chosen","floor":18,"turns":5},{"damage":38,"enemies":"Shell Parasite","floor":19,"turns":6},{"damage":18,"enemies":"Chosen and Byrds","floor":22,"turns":3}],"seed_played":"-3526560006871212784","potions_obtained":[{"floor":1,"key":"LiquidBronze"},{"floor":4,"key":"Ancient Potion"},{"floor":14,"key":"PowerPotion"},{"floor":16,"key":"Block Potion"},{"floor":18,"key":"Dexterity Potion"}],"is_trial":false,"path_per_floor":["M","M","M","M","M","R","E","R","T","R","E","$","?","M","R","B",null,"M","M","?","?","M"],"character_chosen":"DEFECT","items_purchased":["Creative AI"],"campfire_rested":4,"item_purchase_floors":[12],"current_hp_per_floor":[64,60,55,43,39,60,10,31,41,65,37,37,26,26,50,57,75,48,17,17,17,0],"gold":257,"neow_bonus":"BOSS_RELIC","is_prod":false,"is_daily":false,"chose_seed":false,"campfire_upgraded":0,"win_rate":0,"timestamp":1546286064,"path_taken":["M","?","M","M","M","R","E","R","T","R","E","$","?","M","R","BOSS","M","M","?","?","M"],"build_version":"2018-12-20","purchased_purges":1,"victory":false,"max_hp_per_floor":[71,71,71,71,71,71,71,71,81,81,81,81,81,81,81,81,81,81,81,81,81,81],"card_choices":[{"not_picked":["Skim","Stack"],"picked":"Lockon","floor":1},{"not_picked":["Redo","Barrage"],"picked":"Coolheaded","floor":2},{"not_picked":["Steam","Compile Driver"],"picked":"Genetic Algorithm","floor":3},{"not_picked":["Hologram","Reprogram"],"picked":"Self Repair","floor":4},{"not_picked":["Stack","FTL"],"picked":"Streamline","floor":5},{"not_picked":["Darkness","Hologram"],"picked":"Rebound","floor":7},{"not_picked":["Steam","Turbo"],"picked":"Ball Lightning","floor":11},{"not_picked":["Gash","FTL"],"picked":"Heatsinks","floor":14},{"not_picked":["Multi-Cast","Hyperbeam"],"picked":"Echo Form","floor":16},{"not_picked":["Compile Driver","Rebound","Cold Snap"],"picked":"SKIP","floor":18},{"not_picked":["Sweeping Beam+1","Rip and Tear"],"picked":"Leap","floor":19}],"player_experience":1970169,"relics_obtained":[{"floor":7,"key":"Calipers"},{"floor":9,"key":"Pear"},{"floor":11,"key":"Girya"}],"event_choices":[{"damage_healed":0,"gold_gain":75,"player_choice":"Gather Gold","damage_taken":11,"max_hp_gain":0,"max_hp_loss":0,"event_name":"World of Goop","floor":13,"gold_loss":0},{"damage_healed":0,"gold_gain":0,"player_choice":"Inject Mutagens","damage_taken":0,"relics_obtained":["MutagenicStrength"],"max_hp_gain":0,"max_hp_loss":0,"event_name":"Drug Dealer","floor":20,"gold_loss":0},{"damage_healed":0,"gold_gain":0,"player_choice":"Ignored","damage_taken":0,"max_hp_gain":0,"max_hp_loss":0,"event_name":"Ghosts","floor":21,"gold_loss":0}],"is_beta":false,"boss_relics":[{"not_picked":["Coffee Dripper","Runic Dome"],"picked":"Fusion Hammer"}],"items_purged_floors":[12],"is_endless":false,"potions_floor_spawned":[1,4,5,14,16,18],"killed_by":"Chosen and Byrds","ascension_level":18}