{"path_per_floor":["M","?","?","$","M","M","?","R","T","M","E","M","$","M","R","B",null,"M","?","$","?","?","R","M","R","T","R","$","M","M","M","R","B",null,"M","$","M"],"character_chosen":"DEFECT","items_purchased":["Buffer","Storm","Art of War","Capacitor"],"gold_per_floor":[114,114,114,40,56,67,67,67,67,86,111,122,8,26,26,122,152,167,167,67,67,167,167,179,179,204,204,9,21,32,47,47,149,149,162,37,50,50],"floor_reached":38,"campfire_rested":3,"playtime":2204,"item_purchase_floors":[4,13,28,28],"current_hp_per_floor":[75,75,75,75,75,73,73,73,73,65,65,65,65,45,67,66,80,67,67,67,67,67,67,53,53,53,77,77,73,53,51,75,20,80,66,66,40,0],"items_purged":["Strike_B","Strike_B","Strike_B+1"],"gold":50,"score":461,"play_id":"cefea15b-2ffc-40e7-b089-8f677ec88999","local_time":"20180614233203","is_prod":false,"is_daily":false,"chose_seed":false,"is_ascension_mode":true,"campfire_upgraded":3,"win_rate":0,"timestamp":1529033523,"campfire_choices":[{"data":"Buffer","floor":8,"key":"SMITH"},{"floor":15,"key":"REST"},{"data":"Storm","floor":23,"key":"SMITH"},{"data":"Defragment","floor":25,"key":"SMITH"},{"floor":27,"key":"REST"},{"floor":32,"key":"REST"}],"path_taken":["M","?","?","$","M","M","?","R","T","?","E","M","$","M","R","BOSS","M","?","$","?","?","R","M","R","T","R","$","M","?","M","R","BOSS","M","$","M","M"],"build_version":"2018-06-07v3","seed_source_timestamp":70675833488934,"purchased_purges":3,"victory":false,"master_deck":["Strike_B+1","Defend_B+1","Defend_B+1","Defend_B+1","Defend_B+1","Zap","Dualcast","Reinforced Body","Cold Snap","Zap","Buffer+1","Coolheaded","Defragment+1","Cold Snap","Blizzard+1","White Noise","Storm+1","Cold Snap","Creative AI","Darkness","Genetic Algorithm","Capacitor","White Noise","Multi-Cast","Core Surge","Coolheaded+1","Static Discharge"],"max_hp_per_floor":[75,75,75,75,75,75,75,75,75,75,75,75,75,75,75,75,80,80,80,80,80,80,80,80,80,80,80,80,80,80,80,80,80,80,80,80,80,80],"relics":["Cracked Core","Happy Flower","Omamori","Gremlin Horn","Tiny House","Blood Vial","Art of War","Eternal Feather"],"card_choices":[{"not_picked":["Fusion","Beam Cell"],"picked":"Reinforced Body","floor":1},{"not_picked":["BootSequence","Rebound"],"picked":"Coolheaded","floor":5},{"not_picked":["Heatsinks","Redo"],"picked":"Defragment","floor":6},{"not_picked":["Redo","Conserve Battery"],"picked":"Cold Snap","floor":10},{"not_picked":["Rip and Tear","Rebound"],"picked":"Blizzard","floor":11},{"not_picked":["Double Energy","Stack"],"picked":"White Noise","floor":12},{"not_picked":["Beam Cell","Conserve Battery"],"picked":"Cold Snap","floor":14},{"not_picked":["All For One","Buffer"],"picked":"Creative AI","floor":16},{"not_picked":["FTL","Chaos"],"picked":"Darkness","floor":17},{"not_picked":["Stack","Barrage","Ball Lightning"],"picked":"SKIP","floor":18},{"not_picked":["Force Field","Hologram"],"picked":"Genetic Algorithm","floor":24},{"not_picked":["Hologram","Beam Cell","Turbo"],"picked":"SKIP","floor":29},{"not_picked":["Ball Lightning","BootSequence"],"picked":"White Noise","floor":30},{"not_picked":["Turbo","Stack"],"picked":"Multi-Cast","floor":31},{"not_picked":["Creative AI","All For One"],"picked":"Core Surge","floor":33},{"not_picked":["Stack","White Noise+1"],"picked":"Coolheaded+1","floor":35},{"not_picked":["Skim+1","Hologram"],"picked":"Static Discharge","floor":37}],"player_experience":555260,"potions_floor_usage":[10,11,11,16,16,18,18],"damage_taken":[{"damage":0,"enemies":"Cultist","floor":1,"turns":3},{"damage":0,"enemies":"Jaw Worm","floor":5,"turns":3},{"damage":2,"enemies":"2 Louse","floor":6,"turns":3},{"damage":8,"enemies":"Exordium Thugs","floor":10,"turns":6},{"damage":0,"enemies":"Lagavulin","floor":11,"turns":7},{"damage":0,"enemies":"3 Louse","floor":12,"turns":4},{"damage":20,"enemies":"Lots of Slimes","floor":14,"turns":3},{"damage":9,"enemies":"Slime Boss","floor":16,"turns":9},{"damage":13,"enemies":"Spheric Guardian","floor":18,"turns":5},{"damage":14,"enemies":"Shell Parasite","floor":24,"turns":8},{"damage":13,"enemies":"Centurion and Healer","floor":29,"turns":10},{"damage":22,"enemies":"Snake Plant","floor":30,"turns":5},{"damage":4,"enemies":"Snecko","floor":31,"turns":4},{"damage":57,"enemies":"Automaton","floor":33,"turns":12},{"damage":14,"enemies":"Orb Walker","floor":35,"turns":5},{"damage":28,"enemies":"3 Shapes","floor":37,"turns":4},{"damage":47,"enemies":"3 Darklings","floor":38,"turns":5}],"relics_obtained":[{"floor":9,"key":"Omamori"},{"floor":11,"key":"Gremlin Horn"},{"floor":26,"key":"Blood Vial"}],"event_choices":[{"event_name":"Match and Keep!","player_choice":"2 cards matched","floor":2,"damage_taken":0},{"event_name":"Liars Game","player_choice":"disagreed","floor":3,"damage_taken":0},{"event_name":"The Lab","player_choice":"Got Potions","floor":7,"damage_taken":0},{"event_name":"Ghosts","player_choice":"Ignored","floor":19,"damage_taken":0},{"event_name":"Back to Basics","player_choice":"Simplicity","floor":21,"damage_taken":0},{"event_name":"Golden Shrine","player_choice":"Pray","floor":22,"damage_taken":0}],"boss_relics":[{"not_picked":["Runic Dome","Calling Bell"],"picked":"Tiny House"},{"not_picked":["Orrery","Nuclear Battery"],"picked":"Eternal Feather"}],"items_purged_floors":[13,20,36],"potions_floor_spawned":[1,5,12,37],"seed_played":"-4000307832193236701","killed_by":"3 Darklings","ascension_level":3,"potions_obtained":[{"floor":1,"key":"EssenceOfSteel"},{"floor":5,"key":"EssenceOfSteel"},{"floor":7,"key":"EntropicBrew"},{"floor":12,"key":"Regen Potion"},{"floor":17,"key":"LiquidBronze"},{"floor":37,"key":"AttackPotion"}],"is_trial":false}