{"gold_per_floor":[110,126,126,139,139,139,173,201,201,75,86,102,76,76,76,177,177,177,77,77,77,77,77],"floor_reached":23,"playtime":971,"items_purged":["Defend_B","Defend_B"],"score":220,"play_id":"7f6ad0e1-ad7c-464d-a186-a1bf158a9463","local_time":"20190212210740","is_ascension_mode":true,"campfire_choices":[{"data":"Zap","floor":6,"key":"SMITH"},{"floor":15,"key":"REST"}],"neow_cost":"NONE","seed_source_timestamp":28627231724069,"circlet_count":0,"master_deck":["Strike_B","Strike_B","Strike_B","Strike_B+1","Defend_B","Defend_B","Zap+1","Dualcast","Conserve Battery","Reinforced Body","White Noise+1","Genetic Algorithm","Chill","Gash","Sweeping Beam","Creative AI","FTL","Stack","Go for the Eyes+1"],"relics":["Cracked Core","Bag of Marbles","Odd Mushroom","Symbiotic Virus","Orichalcum","Ectoplasm"],"potions_floor_usage":[16,16,18,23],"damage_taken":[{"damage":3,"enemies":"2 Louse","floor":1,"turns":2},{"damage":2,"enemies":"Jaw Worm","floor":2,"turns":3},{"damage":0,"enemies":"Cultist","floor":4,"turns":3},{"damage":15,"enemies":"3 Sentries","floor":7,"turns":10},{"damage":9,"enemies":"The Mushroom Lair","floor":8,"turns":4},{"damage":2,"enemies":"2 Fungi Beasts","floor":11,"turns":3},{"damage":1,"enemies":"Blue Slaver","floor":12,"turns":3},{"damage":33,"enemies":"Hexaghost","floor":16,"turns":11},{"damage":4,"enemies":"3 Byrds","floor":18,"turns":4},{"damage":0,"enemies":"Spheric Guardian","floor":20,"turns":4},{"damage":5,"enemies":"Snecko","floor":22,"turns":5},{"damage":71,"enemies":"Gremlin Leader","floor":23,"turns":8}],"seed_played":"-2128132148332250812","potions_obtained":[{"floor":1,"key":"LiquidBronze"},{"floor":7,"key":"Swift Potion"},{"floor":8,"key":"AttackPotion"},{"floor":12,"key":"Explosive Potion"},{"floor":22,"key":"AttackPotion"}],"is_trial":false,"path_per_floor":["M","M","?","M","?","R","E","?","T","$","M","M","$","?","R","B",null,"M","$","M","?","M","E"],"character_chosen":"DEFECT","items_purchased":["Gash","Sweeping Beam"],"campfire_rested":1,"item_purchase_floors":[10,13],"current_hp_per_floor":[72,70,55,55,55,55,40,31,31,31,29,28,28,25,47,14,75,71,71,71,71,66,0],"gold":77,"neow_bonus":"THREE_CARDS","is_prod":false,"is_daily":false,"chose_seed":false,"campfire_upgraded":1,"win_rate":0,"timestamp":1550002060,"path_taken":["M","M","?","M","?","R","E","?","T","?","M","?","$","?","R","BOSS","M","$","M","?","M","E"],"build_version":"2019-01-23","purchased_purges":2,"victory":false,"max_hp_per_floor":[75,75,75,75,75,75,75,75,75,75,75,75,75,75,75,75,75,75,75,75,75,75,75],"card_choices":[{"not_picked":["Leap","Beam Cell"],"picked":"Conserve Battery","floor":0},{"not_picked":["Consume","Hologram"],"picked":"Reinforced Body","floor":1},{"not_picked":["Sweeping Beam","Defragment"],"picked":"White Noise","floor":2},{"not_picked":["Barrage","Streamline","Steam"],"picked":"SKIP","floor":4},{"not_picked":["BootSequence","Leap"],"picked":"Genetic Algorithm","floor":7},{"not_picked":["Hologram","Steam"],"picked":"Chill","floor":8},{"not_picked":["Streamline","Doom and Gloom","Ball Lightning"],"picked":"SKIP","floor":11},{"not_picked":["Hologram","Barrage","Core Surge"],"picked":"SKIP","floor":12},{"not_picked":["All For One","Meteor Strike"],"picked":"Creative AI","floor":16},{"not_picked":["Barrage+1","Compile Driver"],"picked":"FTL","floor":18},{"not_picked":["Leap+1","Streamline"],"picked":"Stack","floor":20},{"not_picked":["Melter","Heatsinks+1"],"picked":"Go for the Eyes+1","floor":22}],"player_experience":75112,"relics_obtained":[{"floor":7,"key":"Bag of Marbles"},{"floor":8,"key":"Odd Mushroom"},{"floor":9,"key":"Symbiotic Virus"}],"event_choices":[{"damage_healed":0,"gold_gain":0,"player_choice":"Entered Light","damage_taken":15,"max_hp_gain":0,"max_hp_loss":0,"event_name":"Shining Light","floor":3,"gold_loss":0,"cards_upgraded":["Strike_B","White Noise"]},{"damage_healed":0,"gold_gain":0,"player_choice":"Ignored","damage_taken":0,"max_hp_gain":0,"max_hp_loss":0,"event_name":"Liars Game","floor":5,"gold_loss":0},{"damage_healed":0,"gold_gain":0,"player_choice":"Fought Mushrooms","damage_taken":0,"max_hp_gain":0,"max_hp_loss":0,"event_name":"Mushrooms","floor":8,"gold_loss":0},{"damage_healed":0,"gold_gain":0,"player_choice":"Success","damage_taken":3,"relics_obtained":["Orichalcum"],"max_hp_gain":0,"max_hp_loss":0,"event_name":"Scrap Ooze","floor":14,"gold_loss":0},{"damage_healed":0,"gold_gain":99,"player_choice":"Stole From Cult","damage_taken":0,"max_hp_gain":0,"max_hp_loss":0,"event_name":"Nest","floor":21,"gold_loss":0}],"is_beta":false,"boss_relics":[{"not_picked":["Eternal Feather","Runic Pyramid"],"picked":"Ectoplasm"}],"items_purged_floors":[10,19],"is_endless":false,"potions_floor_spawned":[1,7,8,12,22],"killed_by":"Gremlin Leader","ascension_level":3}