{"gold_per_floor":[116,3,3,3,3,3,3,3,3,3,3,23,23,43,43,144,144,160,173,173,191,191,191,202,234,269,281,34,49,12,12,12,114,114,126,126,26,52,101,101],"floor_reached":40,"playtime":2247,"items_purged":["Defend_B","Strike_B"],"score":462,"play_id":"d227e721-4e8d-4a3b-878e-d63acf9eb0b0","local_time":"20180812143603","is_ascension_mode":false,"campfire_choices":[{"data":"Defragment","floor":6,"key":"SMITH"},{"data":"Coolheaded","floor":8,"key":"SMITH"},{"data":"Redo","floor":13,"key":"SMITH"},{"data":"Consume","floor":15,"key":"SMITH"},{"data":"Recycle","floor":23,"key":"SMITH"},{"floor":27,"key":"REST"},{"floor":32,"key":"REST"}],"neow_cost":"NONE","seed_source_timestamp":135595646425344,"circlet_count":0,"master_deck":["Strike_B","Strike_B","Defend_B","Defend_B","Defend_B","Zap+1","Dualcast","Coolheaded+1","Defragment+1","Redo+1","Consume+1","Electrodynamics","Recycle+1","Heatsinks","Defragment+1","Creative AI","Cold Snap","Chill","Defragment","Apotheosis","Defragment+1","Loop","Electrodynamics","Creative AI","Recycle+1","Storm"],"relics":["Cracked Core","Boot","Spirit Poop","Question Card","Dodecahedron","Nloth\u0027s Gift","MawBank","Dream Catcher","Sozu","Unceasing Top","Potion Belt","Bird Faced Urn"],"potions_floor_usage":[24,29,33,33],"damage_taken":[{"damage":6,"enemies":"Cultist","floor":1,"turns":4},{"damage":2,"enemies":"Jaw Worm","floor":12,"turns":2},{"damage":0,"enemies":"2 Louse","floor":14,"turns":1},{"damage":6,"enemies":"Slime Boss","floor":16,"turns":8},{"damage":17,"enemies":"Shell Parasite","floor":18,"turns":6},{"damage":17,"enemies":"2 Thieves","floor":19,"turns":2},{"damage":10,"enemies":"Cultist and Chosen","floor":21,"turns":5},{"damage":0,"enemies":"Chosen and Byrds","floor":24,"turns":5},{"damage":28,"enemies":"Gremlin Leader","floor":25,"turns":7},{"damage":0,"enemies":"Snake Plant","floor":29,"turns":4},{"damage":0,"enemies":"Collector","floor":33,"turns":24},{"damage":25,"enemies":"3 Shapes","floor":35,"turns":2},{"damage":0,"floor":36,"turns":4},{"damage":33,"floor":39,"turns":5},{"damage":34,"enemies":"2 Orb Walkers","floor":40,"turns":2}],"seed_played":"-1072478587933492535","potions_obtained":[{"floor":14,"key":"FearPotion"},{"floor":18,"key":"SteroidPotion"},{"floor":21,"key":"Block Potion"},{"floor":24,"key":"Swift Potion"},{"floor":29,"key":"EssenceOfSteel"}],"is_trial":false,"path_per_floor":["M","$","?","?","$","R","$","R","T","?","T","M","R","M","R","B",null,"M","M","?","M","?","R","M","E","T","R","$","M","$","?","R","B",null,"M","?","$","T","?"],"character_chosen":"DEFECT","items_purchased":["Defragment","Defragment","Apotheosis","Loop"],"campfire_rested":2,"item_purchase_floors":[2,28,28,30],"current_hp_per_floor":[69,69,69,69,69,69,69,69,69,69,69,67,67,67,67,61,75,58,41,41,31,31,31,31,3,3,25,25,25,25,25,47,47,75,50,50,50,50,17,0],"gold":101,"neow_bonus":"REMOVE_CARD","is_prod":false,"is_daily":false,"chose_seed":false,"campfire_upgraded":5,"win_rate":0,"timestamp":1534050363,"path_taken":["M","?","?","?","?","R","$","R","T","?","?","M","R","M","R","BOSS","M","M","?","M","?","R","M","E","T","R","$","?","$","?","R","BOSS","M","?","?","?","?","E"],"build_version":"2018-08-09","purchased_purges":2,"victory":false,"max_hp_per_floor":[75,75,75,75,75,75,75,75,75,75,75,75,75,75,75,75,75,75,75,75,75,75,75,75,75,75,75,75,75,75,75,75,75,75,75,75,75,75,75,75],"card_choices":[{"not_picked":["Barrage","Sweeping Beam"],"picked":"Coolheaded","floor":1},{"not_picked":["Scrape","Streamline","Reinforced Body"],"picked":"Redo","floor":12},{"not_picked":["Cold Snap","Go for the Eyes","Rebound"],"picked":"Consume","floor":14},{"not_picked":["Meteor Strike","Thunder Strike","Core Surge"],"picked":"Electrodynamics","floor":16},{"not_picked":["Force Field","Double Energy+1","Sweeping Beam"],"picked":"Recycle","floor":18},{"not_picked":["Barrage","Conserve Battery","Darkness"],"picked":"Heatsinks","floor":19},{"not_picked":["Gash","Ball Lightning","Turbo","Beam Cell"],"picked":"SKIP","floor":21},{"not_picked":["Hologram+1","Reprogram","Barrage"],"picked":"Creative AI","floor":24},{"not_picked":["Compile Driver+1","Rainbow","Multi-Cast"],"picked":"Cold Snap","floor":25},{"not_picked":["Streamline+1","Beam Cell","Darkness"],"picked":"Chill","floor":27},{"not_picked":["Conserve Battery+1","Storm+1","Beam Cell+1"],"picked":"Defragment+1","floor":29},{"not_picked":["Thunder Strike","All For One","Amplify"],"picked":"Creative AI","floor":33},{"not_picked":["Sweeping Beam","Hello World+1","Genetic Algorithm","Reinforced Body+1"],"picked":"SKIP","floor":35},{"not_picked":["Turbo+1","Capacitor","Steam+1"],"picked":"Recycle+1","floor":36},{"not_picked":["Steam+1","Capacitor+1","Genetic Algorithm"],"picked":"Storm","floor":39}],"player_experience":318760,"relics_obtained":[{"floor":9,"key":"Question Card"},{"floor":11,"key":"Dodecahedron"},{"floor":25,"key":"MawBank"},{"floor":26,"key":"Dream Catcher"},{"floor":36,"key":"Unceasing Top"},{"floor":38,"key":"Potion Belt"},{"floor":39,"key":"Bird Faced Urn"}],"event_choices":[{"event_name":"Big Fish","player_choice":"Box","floor":3,"damage_taken":0},{"event_name":"Bonfire Elementals","player_choice":"CURSE","floor":4,"damage_taken":0},{"event_name":"Upgrade Shrine","player_choice":"Upgraded","floor":10,"damage_taken":0},{"event_name":"N\u0027loth","player_choice":"Traded a Philosopher\u0027s Stone","floor":20,"damage_taken":0},{"event_name":"Duplicator","player_choice":"One dupe","floor":22,"damage_taken":0},{"event_name":"Match and Keep!","player_choice":"1 cards matched","floor":31,"damage_taken":0},{"event_name":"MindBloom","player_choice":"Fight","floor":36,"damage_taken":0},{"event_name":"Mysterious Sphere","player_choice":"Fight","floor":39,"damage_taken":0}],"is_beta":false,"boss_relics":[{"not_picked":["Lizard Tail","Snecko Eye"],"picked":"Philosopher\u0027s Stone"},{"not_picked":["Eternal Feather","Empty Cage"],"picked":"Sozu"}],"items_purged_floors":[2,37],"is_endless":false,"potions_floor_spawned":[14,18,21,24,29,39],"killed_by":"2 Orb Walkers","ascension_level":0}