{"gold_per_floor":[114,133,98,111,111,111,186,213,263,263,278,294,46,46],"floor_reached":14,"playtime":566,"items_purged":["Strike_B"],"score":176,"play_id":"3e728b15-e649-4f85-ad78-f68975e061cc","local_time":"20190201112913","is_ascension_mode":true,"campfire_choices":[{"floor":6,"key":"REST"},{"data":"Zap","floor":10,"key":"SMITH"}],"neow_cost":"NONE","seed_source_timestamp":687853367283829,"circlet_count":0,"master_deck":["AscendersBane","Strike_B","Strike_B","Defend_B","Defend_B","Defend_B","Defend_B","Zap+1","Dualcast","Reboot","Ball Lightning","Go for the Eyes","Streamline","Heatsinks","Steam","Cold Snap","Glacier","Loop"],"relics":["Cracked Core","Smiling Mask","Boot","Bag of Preparation"],"potions_floor_usage":[8,8],"damage_taken":[{"damage":7,"enemies":"2 Louse","floor":1,"turns":2},{"damage":26,"enemies":"Small Slimes","floor":2,"turns":3},{"damage":12,"enemies":"Jaw Worm","floor":4,"turns":2},{"damage":10,"enemies":"Gremlin Nob","floor":8,"turns":3},{"damage":9,"enemies":"Large Slime","floor":11,"turns":4},{"damage":3,"enemies":"Looter","floor":12,"turns":3},{"damage":25,"enemies":"The Mushroom Lair","floor":14,"turns":2}],"seed_played":"-549543493007129061","potions_obtained":[{"floor":2,"key":"FocusPotion"},{"floor":4,"key":"AttackPotion"}],"is_trial":false,"path_per_floor":["M","M","?","M","?","R","?","E","T","R","M","M","$","?"],"character_chosen":"DEFECT","items_purchased":["Bag of Preparation","Loop"],"campfire_rested":1,"item_purchase_floors":[13,13],"current_hp_per_floor":[57,31,48,36,36,57,46,36,36,36,27,24,24,0],"gold":46,"neow_bonus":"ONE_RANDOM_RARE_CARD","is_prod":false,"is_daily":false,"chose_seed":false,"campfire_upgraded":1,"win_rate":0,"timestamp":1549038553,"path_taken":["M","M","?","M","?","R","?","E","T","R","M","M","$","?"],"build_version":"2019-01-23","purchased_purges":1,"victory":false,"max_hp_per_floor":[71,71,71,71,71,71,71,71,71,71,71,71,71,71],"card_choices":[{"not_picked":["Streamline","Sweeping Beam"],"picked":"Ball Lightning","floor":1},{"not_picked":["Rebound","Barrage"],"picked":"Go for the Eyes","floor":2},{"not_picked":["Hello World","Reprogram"],"picked":"Streamline","floor":4},{"not_picked":["Undo","Rebound"],"picked":"Steam","floor":8},{"not_picked":["Streamline","Steam Power"],"picked":"Cold Snap","floor":11},{"not_picked":["White Noise","Steam"],"picked":"Glacier","floor":12}],"player_experience":2266499,"relics_obtained":[{"floor":8,"key":"Smiling Mask"},{"floor":9,"key":"Boot"}],"event_choices":[{"damage_healed":17,"gold_gain":0,"player_choice":"Healed","damage_taken":0,"max_hp_gain":0,"max_hp_loss":0,"event_name":"The Cleric","floor":3,"gold_loss":35},{"damage_healed":0,"gold_gain":0,"cards_transformed":["Strike_B"],"player_choice":"Change","damage_taken":0,"max_hp_gain":0,"max_hp_loss":0,"event_name":"Living Wall","floor":5,"gold_loss":0,"cards_obtained":["Heatsinks"]},{"damage_healed":0,"gold_gain":75,"player_choice":"Gather Gold","damage_taken":11,"max_hp_gain":0,"max_hp_loss":0,"event_name":"World of Goop","floor":7,"gold_loss":0},{"damage_healed":0,"gold_gain":0,"player_choice":"Fought Mushrooms","damage_taken":0,"max_hp_gain":0,"max_hp_loss":0,"event_name":"Mushrooms","floor":14,"gold_loss":0}],"is_beta":false,"boss_relics":[],"items_purged_floors":[13],"is_endless":false,"potions_floor_spawned":[2,4],"killed_by":"The Mushroom Lair","ascension_level":19}