{"gold_per_floor":[13,13,13,29,49,49,63,63,90,90,102,119,119,139,139,244,244,263,45,45,63,16,35,35,35,89,107,107,119,134,134,134,134],"floor_reached":33,"playtime":845,"items_purged":[],"score":241,"play_id":"65c17edc-1e6b-4e15-b7da-0f65912e0a2c","local_time":"20180731230447","is_ascension_mode":false,"campfire_choices":[{"data":"Skewer","floor":6,"key":"SMITH"},{"data":"Neutralize","floor":8,"key":"SMITH"},{"data":"Deadly Poison","floor":10,"key":"SMITH"},{"data":"Bouncing Flask","floor":15,"key":"SMITH"},{"data":"A Thousand Cuts","floor":25,"key":"SMITH"},{"floor":32,"key":"REST"}],"neow_cost":"NO_GOLD","seed_source_timestamp":6583584714294,"circlet_count":0,"master_deck":["Defend_G","Defend_G","Defend_G","Strike_G+1","Strike_G+1","Strike_G","Survivor","Neutralize+1","Skewer+1","Deadly Poison+1","PiercingWail","Blade Dance","All Out Attack","Bouncing Flask+1","Adrenaline+1","Flying Knee+1","Footwork","Cloak And Dagger","Cloak And Dagger","Choke","A Thousand Cuts+1","Injury","Die Die Die","Slice"],"relics":["Ring of the Snake","Whetstone","CultistMask","Cursed Key","Vajra","Bronze Scales"],"potions_floor_usage":[16,16,23,27,27,30,33],"damage_taken":[{"damage":0,"enemies":"Small Slimes","floor":1,"turns":5},{"damage":5,"enemies":"Jaw Worm","floor":4,"turns":4},{"damage":0,"enemies":"Cultist","floor":5,"turns":3},{"damage":5,"enemies":"Gremlin Gang","floor":7,"turns":4},{"damage":0,"enemies":"Looter","floor":11,"turns":2},{"damage":21,"enemies":"Lots of Slimes","floor":12,"turns":4},{"damage":1,"enemies":"Blue Slaver","floor":14,"turns":3},{"damage":18,"enemies":"Hexaghost","floor":16,"turns":7},{"damage":4,"enemies":"Spheric Guardian","floor":18,"turns":3},{"damage":0,"enemies":"Shell Parasite","floor":21,"turns":3},{"damage":6,"enemies":"Snecko","floor":23,"turns":3},{"damage":6,"enemies":"Cultist and Chosen","floor":27,"turns":4},{"damage":20,"enemies":"Sentry and Sphere","floor":29,"turns":4},{"damage":0,"enemies":"Snake Plant","floor":30,"turns":3},{"damage":35,"enemies":"Champ","floor":33,"turns":7}],"seed_played":"2498023086425288291","potions_obtained":[{"floor":5,"key":"Swift Potion"},{"floor":11,"key":"Regen Potion"},{"floor":14,"key":"Weak Potion"},{"floor":18,"key":"Fire Potion"},{"floor":23,"key":"AttackPotion"},{"floor":27,"key":"Strength Potion"},{"floor":29,"key":"SkillPotion"}],"is_trial":false,"path_per_floor":["M","?","?","M","M","R","M","R","T","R","M","M","?","M","R","B",null,"M","$","?","M","$","M","?","R","T","M","?","M","M","?","R"],"character_chosen":"THE_SILENT","items_purchased":["Footwork","Vajra","Cloak And Dagger"],"campfire_rested":1,"item_purchase_floors":[19,19,22],"current_hp_per_floor":[70,70,63,58,58,58,53,53,53,53,53,32,32,31,31,28,70,66,66,53,53,53,47,47,47,47,41,32,12,12,12,34,0],"gold":134,"neow_bonus":"REMOVE_TWO","is_prod":false,"is_daily":false,"chose_seed":false,"campfire_upgraded":5,"win_rate":0,"timestamp":1533044087,"path_taken":["M","?","?","?","?","R","?","R","T","R","M","M","?","M","R","BOSS","M","$","?","M","$","M","?","R","T","M","?","M","M","?","R","BOSS"],"build_version":"2018-07-26","purchased_purges":0,"victory":false,"max_hp_per_floor":[70,70,70,70,70,70,70,70,70,70,70,70,70,70,70,70,70,70,70,75,75,75,75,75,75,75,75,75,75,75,75,75,75],"card_choices":[{"not_picked":["Flying Knee","Dagger Throw"],"picked":"Skewer","floor":1},{"not_picked":["Acrobatics","Quick Slash"],"picked":"Deadly Poison","floor":4},{"not_picked":["Underhanded Strike","Predator","Deflect"],"picked":"SKIP","floor":5},{"not_picked":["Tactician","Backflip"],"picked":"PiercingWail","floor":7},{"not_picked":["Finisher","Slice"],"picked":"Blade Dance","floor":11},{"not_picked":["Deflect","Quick Slash"],"picked":"All Out Attack","floor":12},{"not_picked":["Venomology","Well Laid Plans"],"picked":"Bouncing Flask","floor":14},{"not_picked":["Wraith Form v2","Doppelganger"],"picked":"Adrenaline","floor":16},{"not_picked":["Flechettes","Sucker Punch"],"picked":"Flying Knee+1","floor":18},{"not_picked":["Underhanded Strike","Outmaneuver"],"picked":"Cloak And Dagger","floor":21},{"not_picked":["Quick Slash","Blur"],"picked":"Choke","floor":23},{"not_picked":["Underhanded Strike","Bane","Acrobatics"],"picked":"SKIP","floor":27},{"not_picked":["Prepared+1","Concentrate"],"picked":"Die Die Die","floor":29},{"not_picked":["PiercingWail","Setup"],"picked":"Slice","floor":30}],"player_experience":282009,"relics_obtained":[{"floor":9,"key":"Whetstone"},{"floor":26,"key":"Bronze Scales"}],"event_choices":[{"event_name":"The Cleric","player_choice":"Leave","floor":2,"damage_taken":0},{"event_name":"Golden Wing","player_choice":"Card Removal","floor":3,"damage_taken":0},{"event_name":"FaceTrader","player_choice":"Trade","floor":13,"damage_taken":0},{"event_name":"Forgotten Altar","player_choice":"Shed Blood","floor":20,"damage_taken":0},{"event_name":"Transmorgrifier","player_choice":"Transform","floor":24,"damage_taken":0},{"event_name":"Cursed Tome","player_choice":"Stopped","floor":28,"damage_taken":0},{"event_name":"Accursed Blacksmith","player_choice":"Forge","floor":31,"damage_taken":0}],"is_beta":false,"boss_relics":[{"not_picked":["Empty Cage","Runic Dome"],"picked":"Cursed Key"}],"items_purged_floors":[],"is_endless":false,"potions_floor_spawned":[5,11,14,18,23,27,29],"killed_by":"Champ","ascension_level":0}