{"gold_per_floor":[114,64,79,94,109,109,139,139,189,189,204,219,249,249,249,349,349,334,334,249,249,249,249,249,249,249,249,249,249,249,249,249,249,249,249,151,151,151,151,151,151,151,151,151,151,151,151,151,151,151],"floor_reached":51,"playtime":1771,"items_purged":[],"score":983,"play_id":"9e16cbae-1e73-4978-97a2-567979840e1e","local_time":"20180921164111","daily_mods":["Diverse","Time Dilation","Hoarder"],"is_ascension_mode":false,"campfire_choices":[{"data":"Beam Cell","floor":6,"key":"SMITH"},{"data":"Dagger Spray","floor":8,"key":"SMITH"},{"data":"Dagger Spray","floor":10,"key":"SMITH"},{"data":"Catalyst","floor":15,"key":"SMITH"},{"data":"Backstab","floor":24,"key":"SMITH"},{"floor":32,"key":"REST"},{"data":"Catalyst","floor":40,"key":"SMITH"},{"data":"Backstab","floor":49,"key":"SMITH"}],"neow_cost":"","seed_source_timestamp":0,"circlet_count":0,"master_deck":["Defend_G","Defend_G","Defend_G","Defend_G","Defend_G","Strike_G","Strike_G","Survivor","Neutralize","Hello World","Hello World","Beam Cell+1","Beam Cell","Beam Cell","Dagger Spray+1","Dagger Spray+1","Dagger Spray","Catalyst+1","Catalyst+1","Catalyst+1","Cold Snap","Cold Snap","Cold Snap","Backstab+1","Backstab+1","Backstab","Deadly Poison","Deadly Poison","Deadly Poison","Burst","Burst","Burst","Cold Snap","Cold Snap","Cold Snap","Blade Dance+1","Blade Dance+1","Blade Dance+1","FTL+1","FTL+1","FTL+1","Cleave+1","Cleave+1","Cleave+1","Cloak And Dagger","Cloak And Dagger","Cloak And Dagger","Uppercut+1","Uppercut+1","Uppercut+1","BootSequence","BootSequence","BootSequence","Leap","Leap","Leap","Limit Break","Limit Break","Limit Break","Aggregate+1","Aggregate+1","Aggregate+1","Malaise+1","Malaise+1","Malaise+1","Inflame+1","Inflame+1","Inflame+1","Discovery","Discovery","Discovery","Madness","Madness","Madness","Madness","Madness","Madness","Blade Dance+1","Blade Dance+1","Blade Dance+1","Adrenaline","Adrenaline","Adrenaline","Hologram+1","Hologram+1","Hologram+1","True Grit+1","True Grit+1","True Grit+1","Backstab+1","Backstab+1","Backstab+1","Wraith Form v2","Wraith Form v2","Wraith Form v2","Noxious Fumes","Noxious Fumes","Noxious Fumes"],"special_seed":17795,"relics":["Ring of the Snake","Bag of Marbles","Ancient Tea Set","Paper Crane","Ectoplasm","Dream Catcher","Molten Egg 2","Orichalcum","Enchiridion","Tingsha","Astrolabe","Omamori","Art of War"],"potions_floor_usage":[7,7,16,23,30,33,41,48,48,50],"damage_taken":[{"damage":0,"enemies":"2 Louse","floor":1,"turns":2},{"damage":1,"enemies":"Jaw Worm","floor":3,"turns":5},{"damage":0,"enemies":"Cultist","floor":4,"turns":2},{"damage":0,"enemies":"Red Slaver","floor":5,"turns":3},{"damage":1,"enemies":"Lagavulin","floor":7,"turns":4},{"damage":0,"enemies":"2 Fungi Beasts","floor":11,"turns":1},{"damage":0,"enemies":"Exordium Thugs","floor":12,"turns":2},{"damage":7,"enemies":"3 Sentries","floor":13,"turns":2},{"damage":0,"enemies":"Slime Boss","floor":16,"turns":6},{"damage":1,"enemies":"2 Thieves","floor":18,"turns":2},{"damage":0,"enemies":"Shell Parasite","floor":22,"turns":2},{"damage":16,"enemies":"Slavers","floor":23,"turns":5},{"damage":3,"enemies":"Shelled Parasite and Fungi","floor":25,"turns":2},{"damage":0,"enemies":"Sentry and Sphere","floor":28,"turns":2},{"damage":0,"enemies":"Snake Plant","floor":29,"turns":1},{"damage":0,"enemies":"Book of Stabbing","floor":30,"turns":1},{"damage":36,"enemies":"Automaton","floor":33,"turns":8},{"damage":0,"enemies":"Orb Walker","floor":35,"turns":1},{"damage":0,"enemies":"3 Shapes","floor":38,"turns":1},{"damage":0,"enemies":"Sphere and 2 Shapes","floor":41,"turns":3},{"damage":5,"enemies":"4 Shapes","floor":42,"turns":6},{"damage":0,"enemies":"Nemesis","floor":44,"turns":3},{"damage":0,"enemies":"Reptomancer","floor":45,"turns":2},{"damage":0,"enemies":"Spire Growth","floor":46,"turns":1},{"damage":0,"enemies":"4 Shapes","floor":47,"turns":1},{"damage":1,"enemies":"Transient","floor":48,"turns":5},{"damage":34,"enemies":"Time Eater","floor":50,"turns":11}],"seed_played":"-8895511355168584513","potions_obtained":[{"floor":3,"key":"Poison Potion"},{"floor":5,"key":"Block Potion"},{"floor":7,"key":"Block Potion"},{"floor":13,"key":"Energy Potion"},{"floor":23,"key":"Swift Potion"},{"floor":29,"key":"Poison Potion"},{"floor":30,"key":"Fire Potion"},{"floor":38,"key":"PowerPotion"},{"floor":42,"key":"Fire Potion"},{"floor":45,"key":"Fire Potion"},{"floor":48,"key":"Energy Potion"}],"is_trial":false,"path_per_floor":["M","?","M","M","M","R","E","R","T","R","M","M","E","?","R","B",null,"M","?","?","$","M","E","R","M","T","?","M","M","E","?","R","B",null,"M","$","?","M","?","R","M","M","T","E","M","M","M","M","R","B"],"character_chosen":"THE_SILENT","items_purchased":["Discovery"],"campfire_rested":1,"item_purchase_floors":[36],"current_hp_per_floor":[70,70,69,69,69,69,68,68,68,68,68,68,61,61,61,61,70,69,69,69,69,69,53,53,50,50,34,34,34,34,34,55,26,70,70,70,61,61,61,61,61,56,56,56,56,56,56,59,59,25],"gold":151,"neow_bonus":"","is_prod":false,"is_daily":true,"chose_seed":false,"campfire_upgraded":7,"win_rate":0,"timestamp":1537540871,"path_taken":["M","?","M","M","?","R","E","R","T","R","M","M","E","?","R","BOSS","M","?","?","$","?","E","R","M","T","?","M","M","E","?","R","BOSS","M","$","?","M","?","R","M","M","T","E","?","M","M","?","R","BOSS"],"build_version":"2018-09-20","purchased_purges":0,"victory":true,"max_hp_per_floor":[70,70,70,70,70,70,70,70,70,70,70,70,70,70,70,70,70,70,70,70,70,70,70,70,70,70,70,70,70,70,70,70,70,70,70,70,70,70,70,70,70,70,70,70,70,70,70,70,70,70],"card_choices":[{"not_picked":["Wild Strike","Rebound"],"picked":"Hello World","floor":1},{"not_picked":["Recycle","Auto Shields"],"picked":"Beam Cell","floor":3},{"not_picked":["Flying Knee","Slice"],"picked":"Dagger Spray","floor":4},{"not_picked":["Bane","Shockwave"],"picked":"Catalyst","floor":5},{"not_picked":["Consume","Rainbow"],"picked":"Cold Snap","floor":7},{"not_picked":["Expertise","Dodge and Roll"],"picked":"Backstab","floor":11},{"not_picked":["Compile Driver","Clothesline","Dagger Throw"],"picked":"SKIP","floor":12},{"not_picked":["Calculated Gamble","Electrodynamics"],"picked":"Deadly Poison","floor":13},{"not_picked":["Fiend Fire","Amplify"],"picked":"Burst","floor":16},{"not_picked":["Streamline","Rage"],"picked":"Cold Snap","floor":18},{"not_picked":["Quick Slash","Setup+1"],"picked":"Blade Dance+1","floor":22},{"not_picked":["True Grit","Power Through"],"picked":"FTL+1","floor":23},{"not_picked":["Cold Snap+1","Clash+1"],"picked":"Cleave+1","floor":25},{"not_picked":["Barrage+1","Shockwave"],"picked":"Cloak And Dagger","floor":28},{"not_picked":["Redo+1","Backflip"],"picked":"Uppercut+1","floor":29},{"not_picked":["Terror","Defragment"],"picked":"BootSequence","floor":30},{"not_picked":["Acrobatics+1","Outmaneuver"],"picked":"Leap","floor":32},{"not_picked":["Reboot","Reaper+1"],"picked":"Limit Break","floor":33},{"not_picked":["Outmaneuver","Reckless Charge+1","True Grit"],"picked":"SKIP","floor":35},{"not_picked":["Redo","Iron Wave+1"],"picked":"Blade Dance+1","floor":38},{"not_picked":["Power Through+1","Outmaneuver"],"picked":"Adrenaline","floor":41},{"not_picked":["Barrage+1","Dagger Spray+1"],"picked":"Hologram+1","floor":42},{"not_picked":["Beam Cell+1","Cloak And Dagger"],"picked":"True Grit+1","floor":44},{"not_picked":["Ball Lightning+1","Compile Driver+1"],"picked":"Backstab+1","floor":45},{"not_picked":["Anger+1","Entrench+1","Perfected Strike+1"],"picked":"SKIP","floor":46},{"not_picked":["Beam Cell+1","Seeing Red"],"picked":"Wraith Form v2","floor":47},{"not_picked":["Deflect+1","Second Wind"],"picked":"Noxious Fumes","floor":48}],"player_experience":1459139,"relics_obtained":[{"floor":7,"key":"Bag of Marbles"},{"floor":9,"key":"Ancient Tea Set"},{"floor":13,"key":"Paper Crane"},{"floor":23,"key":"Molten Egg 2"},{"floor":26,"key":"Orichalcum"},{"floor":27,"key":"Enchiridion"},{"floor":30,"key":"Tingsha"},{"floor":43,"key":"Omamori"},{"floor":44,"key":"Art of War"}],"event_choices":[{"event_name":"The Cleric","player_choice":"Card Removal","floor":2,"damage_taken":0},{"event_name":"Upgrade Shrine","player_choice":"Upgraded","floor":14,"damage_taken":0},{"event_name":"Vampires","player_choice":"Ignored","floor":19,"damage_taken":0},{"event_name":"Addict","player_choice":"Obtained Relic","floor":20,"damage_taken":0},{"event_name":"Cursed Tome","player_choice":"Obtained Book","floor":27,"damage_taken":0},{"event_name":"The Mausoleum","player_choice":"No","floor":31,"damage_taken":0},{"event_name":"Winding Halls","player_choice":"Embrace Madness","floor":37,"damage_taken":0},{"event_name":"Tomb of Lord Red Mask","player_choice":"Ignored","floor":39,"damage_taken":0}],"is_beta":false,"boss_relics":[{"not_picked":["Lizard Tail","White Beast Statue"],"picked":"Ectoplasm"},{"not_picked":["Eternal Feather","HoveringKite"],"picked":"Astrolabe"}],"items_purged_floors":[],"is_endless":false,"potions_floor_spawned":[3,5,7,13,23,29,30,38,42,45,48],"ascension_level":0}