{"gold_per_floor":[114,0,15,30,30,30,60,75,100,130,130,105,135,62,62,162,162,177,137,137,152,152,212,212,242,317,347,362,392,407,32,32,132,132,147,147,147,151,166,196,196,226,226,226,241,93,93,123,123,123],"floor_reached":51,"playtime":2718,"items_purged":[],"score":1252,"play_id":"d1768610-cbc2-4435-bf34-bbe68885587e","local_time":"20181229181116","daily_mods":["SealedDeck","Blue Cards","Elite Swarm"],"is_ascension_mode":false,"campfire_choices":[{"data":"Corruption","floor":6,"key":"SMITH"},{"data":"Disarm","floor":11,"key":"SMITH"},{"data":"Juggernaut","floor":15,"key":"SMITH"},{"data":"Coolheaded","floor":24,"key":"SMITH"},{"data":"Dark Embrace","floor":32,"key":"SMITH"},{"data":"Juggernaut","floor":41,"key":"SMITH"},{"data":"Fiend Fire","floor":44,"key":"SMITH"},{"data":"Impervious","floor":47,"key":"SMITH"},{"data":"Disarm","floor":49,"key":"SMITH"}],"neow_cost":"","seed_source_timestamp":0,"circlet_count":0,"master_deck":["Undo+1","Hologram","Hologram","Corruption+1","Ball Lightning","Hologram","Feel No Pain","Conserve Battery","Clothesline","Disarm+1","Scrape","Leap","Conserve Battery","Sentinel","Juggernaut+1","Disarm+1","Limit Break","Armaments+1","Dark Embrace+1","Headbutt","Shrug It Off","Impervious+1","Doom and Gloom","Coolheaded+1","Havoc","Rebound","Fiend Fire+1","Hyperbeam","Undo+1","Inflame","Double Energy","Conserve Battery","Juggernaut+1","Fusion","Madness","Madness","Pommel Strike+1","Exhume","Dual Wield+1","Inflame","Entrench"],"special_seed":17894,"relics":["Burning Blood","Kunai","Mercury Hourglass","Juzu Bracelet","StoneCalendar","Smiling Mask","Busted Crown","Tiny Chest","Lantern","Gremlin Horn","Art of War","Bag of Preparation","Shuriken","Snecko Eye","Pear","Champion Belt","Vajra","FossilizedHelix","Paper Frog","Prayer Wheel"],"potions_floor_usage":[7,16,16,25,27,33,42],"damage_taken":[{"damage":0,"enemies":"2 Louse","floor":1,"turns":3},{"damage":0,"enemies":"Cultist","floor":3,"turns":4},{"damage":4,"enemies":"Small Slimes","floor":4,"turns":4},{"damage":20,"enemies":"Gremlin Nob","floor":7,"turns":5},{"damage":0,"enemies":"Looter","floor":8,"turns":3},{"damage":0,"enemies":"Lagavulin","floor":10,"turns":5},{"damage":5,"enemies":"Gremlin Nob","floor":13,"turns":5},{"damage":0,"enemies":"Slime Boss","floor":16,"turns":5},{"damage":0,"enemies":"Shell Parasite","floor":18,"turns":5},{"damage":0,"enemies":"2 Thieves","floor":21,"turns":3},{"damage":0,"enemies":"Book of Stabbing","floor":23,"turns":5},{"damage":9,"enemies":"Slavers","floor":25,"turns":4},{"damage":0,"enemies":"Gremlin Leader","floor":27,"turns":4},{"damage":0,"enemies":"Sentry and Sphere","floor":28,"turns":3},{"damage":0,"enemies":"Book of Stabbing","floor":29,"turns":5},{"damage":0,"enemies":"Chosen and Byrds","floor":30,"turns":4},{"damage":0,"enemies":"Collector","floor":33,"turns":5},{"damage":2,"enemies":"Orb Walker","floor":35,"turns":2},{"damage":2,"enemies":"2 Orb Walkers","floor":38,"turns":3},{"damage":1,"enemies":"3 Darklings","floor":39,"turns":3},{"damage":0,"enemies":"Giant Head","floor":40,"turns":3},{"damage":0,"enemies":"Nemesis","floor":42,"turns":5},{"damage":0,"enemies":"Jaw Worm Horde","floor":45,"turns":4},{"damage":0,"enemies":"Reptomancer","floor":48,"turns":4},{"damage":0,"enemies":"Awakened One","floor":50,"turns":6}],"seed_played":"-4967362321938783181","potions_obtained":[{"floor":1,"key":"FearPotion"},{"floor":4,"key":"EssenceOfSteel"},{"floor":7,"key":"Block Potion"},{"floor":10,"key":"Weak Potion"},{"floor":21,"key":"Fruit Juice"},{"floor":23,"key":"PowerPotion"},{"floor":25,"key":"Explosive Potion"},{"floor":30,"key":"SteroidPotion"},{"floor":39,"key":"Swift Potion"},{"floor":40,"key":"Poison Potion"},{"floor":42,"key":"Strength Potion"}],"is_trial":false,"path_per_floor":["M","$","M","M","?","R","E","M","T","E","R","$","E","$","R","B",null,"M","?","?","M","?","E","R","E","T","E","M","E","M","$","R","B",null,"M","T","?","?","M","E","R","E","T","R","M","$","R","E","R","B",null],"character_chosen":"IRONCLAD","items_purchased":["Leap","Loop","Armaments","Headbutt","Shrug It Off","Shuriken","Double Energy","Conserve Battery","Inflame","Entrench"],"campfire_rested":0,"item_purchase_floors":[2,2,12,14,14,31,31,31,46,46],"current_hp_per_floor":[80,80,80,80,80,80,66,72,72,78,78,78,79,79,79,80,80,80,80,80,80,80,80,80,82,82,85,85,85,85,85,85,85,85,85,95,83,87,92,95,95,95,95,95,95,95,95,95,95,95],"gold":123,"neow_bonus":"","is_prod":false,"is_daily":true,"chose_seed":false,"campfire_upgraded":9,"win_rate":0,"timestamp":1546103476,"path_taken":["M","$","M","M","?","R","E","?","T","E","R","$","E","?","R","BOSS","M","?","?","M","?","E","R","E","T","E","M","E","M","$","R","BOSS","M","?","?","?","M","E","R","E","T","R","M","$","R","E","R","BOSS"],"build_version":"2018-12-20","purchased_purges":0,"victory":true,"max_hp_per_floor":[80,80,80,80,80,80,80,80,80,80,80,80,80,80,80,80,80,80,80,80,80,80,80,80,85,85,85,85,85,85,85,85,85,85,85,95,95,95,95,95,95,95,95,95,95,95,95,95,95,95],"card_choices":[{"not_picked":["Storm","Go for the Eyes"],"picked":"Scrape","floor":1},{"not_picked":["Clothesline","Chill"],"picked":"Conserve Battery","floor":3},{"not_picked":["Blood for Blood","Ghostly Armor"],"picked":"Sentinel","floor":4},{"not_picked":["Berserk","Multi-Cast"],"picked":"Juggernaut","floor":7},{"not_picked":["Streamline","Hologram"],"picked":"Disarm","floor":8},{"not_picked":["All For One","Demon Form"],"picked":"Limit Break","floor":10},{"not_picked":["Fission","Impervious"],"picked":"Dark Embrace","floor":13},{"not_picked":["Limit Break","Rainbow"],"picked":"Impervious","floor":16},{"not_picked":[],"picked":"Doom and Gloom","floor":18},{"not_picked":[],"picked":"Havoc","floor":21},{"not_picked":["Hyperbeam"],"picked":"SKIP","floor":23},{"not_picked":[],"picked":"Fiend Fire","floor":25},{"not_picked":[],"picked":"Hyperbeam","floor":27},{"not_picked":[],"picked":"Undo+1","floor":28},{"not_picked":["Bludgeon"],"picked":"SKIP","floor":29},{"not_picked":[],"picked":"Inflame","floor":30},{"not_picked":[],"picked":"Juggernaut","floor":33},{"not_picked":[],"picked":"Fusion","floor":35},{"not_picked":[],"picked":"Pommel Strike+1","floor":39},{"not_picked":[],"picked":"Exhume","floor":40},{"not_picked":["Hyperbeam"],"picked":"SKIP","floor":42},{"not_picked":[],"picked":"Dual Wield+1","floor":45},{"not_picked":["Demon Form"],"picked":"SKIP","floor":48}],"player_experience":1821742,"relics_obtained":[{"floor":7,"key":"Mercury Hourglass"},{"floor":9,"key":"Juzu Bracelet"},{"floor":10,"key":"StoneCalendar"},{"floor":13,"key":"Smiling Mask"},{"floor":23,"key":"Tiny Chest"},{"floor":25,"key":"Lantern"},{"floor":26,"key":"Gremlin Horn"},{"floor":27,"key":"Art of War"},{"floor":29,"key":"Bag of Preparation"},{"floor":36,"key":"Pear"},{"floor":38,"key":"Champion Belt"},{"floor":40,"key":"Vajra"},{"floor":42,"key":"FossilizedHelix"},{"floor":43,"key":"Paper Frog"},{"floor":48,"key":"Prayer Wheel"}],"event_choices":[{"damage_healed":0,"gold_gain":0,"player_choice":"Gave Potion","damage_taken":0,"relics_obtained":["Kunai"],"max_hp_gain":0,"max_hp_loss":0,"event_name":"WeMeetAgain","floor":5,"gold_loss":0},{"damage_healed":0,"gold_gain":0,"player_choice":"Upgraded Two","damage_taken":0,"max_hp_gain":0,"max_hp_loss":0,"event_name":"Designer","floor":19,"gold_loss":40,"cards_upgraded":["Undo","Armaments"]},{"damage_healed":0,"gold_gain":0,"player_choice":"Read","damage_taken":0,"max_hp_gain":0,"max_hp_loss":0,"event_name":"The Library","floor":20,"gold_loss":0,"cards_obtained":["Coolheaded"]},{"damage_healed":0,"gold_gain":0,"cards_transformed":["Loop"],"player_choice":"Transformed","damage_taken":0,"max_hp_gain":0,"max_hp_loss":0,"event_name":"Transmorgrifier","floor":22,"gold_loss":0,"cards_obtained":["Rebound"]},{"damage_healed":0,"gold_gain":0,"player_choice":"Embrace Madness","damage_taken":12,"max_hp_gain":0,"max_hp_loss":0,"event_name":"Winding Halls","floor":37,"gold_loss":0,"cards_obtained":["Madness","Madness"]},{"damage_healed":0,"gold_gain":0,"player_choice":"Fight","damage_taken":0,"max_hp_gain":0,"max_hp_loss":0,"event_name":"Mysterious Sphere","floor":38,"gold_loss":0}],"is_beta":false,"boss_relics":[{"not_picked":["Cursed Key","Calling Bell"],"picked":"Busted Crown"},{"not_picked":["Fusion Hammer","Mark of Pain"],"picked":"Snecko Eye"}],"items_purged_floors":[],"is_endless":false,"potions_floor_spawned":[1,4,7,10,21,23,25,30,39,40,42],"ascension_level":0}