{"gold_per_floor":[117,117,132,152,162,162,162,162,230,260,260,260,6,19,19,116,116,136,43,55,55,69,69],"floor_reached":23,"playtime":1639,"items_purged":["Strike_R"],"score":292,"play_id":"87cef49a-2dc7-4d1a-adb7-48909c889367","local_time":"20180727225233","is_ascension_mode":true,"campfire_choices":[{"data":"Bash","floor":6,"key":"SMITH"},{"floor":8,"key":"REST"},{"data":"Whirlwind","floor":11,"key":"SMITH"},{"data":"Metallicize","floor":15,"key":"SMITH"}],"neow_cost":"NONE","seed_source_timestamp":190982096968365,"circlet_count":0,"master_deck":["Strike_R","Strike_R","Strike_R","Strike_R","Defend_R","Defend_R","Defend_R","Defend_R","Bash+1","Reaper","Shrug It Off","Whirlwind+1","Shrug It Off","Power Through","Shrug It Off","Shrug It Off","Metallicize+1","Reaper","Shockwave","Metallicize","True Grit","Seeing Red"],"relics":["Burning Blood","Pear","Paper Frog","Ornamental Fan","Sundial","Pen Nib","Philosopher\u0027s Stone"],"potions_floor_usage":[5,18,18,23,23],"damage_taken":[{"damage":11,"enemies":"Cultist","floor":1,"turns":4},{"damage":5,"enemies":"2 Louse","floor":3,"turns":3},{"damage":14,"enemies":"Small Slimes","floor":4,"turns":4},{"damage":45,"enemies":"Exordium Thugs","floor":5,"turns":8},{"damage":32,"enemies":"3 Sentries","floor":10,"turns":6},{"damage":0,"enemies":"Large Slime","floor":14,"turns":7},{"damage":18,"enemies":"Slime Boss","floor":16,"turns":8},{"damage":10,"enemies":"2 Thieves","floor":18,"turns":5},{"damage":48,"enemies":"3 Byrds","floor":20,"turns":4},{"damage":30,"enemies":"Cultist and Chosen","floor":22,"turns":11},{"damage":68,"enemies":"Gremlin Leader","floor":23,"turns":6}],"seed_played":"94733212677450550","potions_obtained":[{"floor":1,"key":"BloodPotion"},{"floor":14,"key":"Block Potion"},{"floor":16,"key":"Energy Potion"},{"floor":18,"key":"EssenceOfSteel"},{"floor":22,"key":"SkillPotion"}],"is_trial":false,"path_per_floor":["M","?","M","M","M","R","T","R","T","E","R","?","$","M","R","B",null,"M","$","M","?","M"],"character_chosen":"IRONCLAD","items_purchased":["Pen Nib","Shrug It Off","Metallicize","True Grit"],"campfire_rested":1,"item_purchase_floors":[13,13,19,19],"current_hp_per_floor":[73,73,80,72,49,49,59,86,86,69,69,66,66,76,76,78,87,83,83,47,47,42,0],"gold":69,"neow_bonus":"ONE_RANDOM_RARE_CARD","is_prod":false,"is_daily":false,"chose_seed":false,"campfire_upgraded":3,"win_rate":0,"timestamp":1532746353,"path_taken":["M","?","M","?","M","R","?","R","T","E","R","?","$","M","R","BOSS","M","$","?","?","M","E"],"build_version":"2018-07-26","purchased_purges":1,"victory":false,"max_hp_per_floor":[80,80,80,80,80,80,90,90,90,90,90,90,90,90,90,90,90,90,90,90,90,90,90],"card_choices":[{"not_picked":["Metallicize","Wild Strike"],"picked":"Shrug It Off","floor":1},{"not_picked":["Havoc","Pummel"],"picked":"Whirlwind","floor":3},{"not_picked":["Power Through","Iron Wave"],"picked":"Shrug It Off","floor":4},{"not_picked":["Carnage","Cleave"],"picked":"Power Through","floor":5},{"not_picked":["Sword Boomerang","Cleave"],"picked":"Shrug It Off","floor":10},{"not_picked":["Clash","True Grit"],"picked":"Metallicize","floor":14},{"not_picked":["Berserk","Dark Embrace"],"picked":"Reaper","floor":16},{"not_picked":["Fire Breathing","Armaments+1"],"picked":"Shockwave","floor":18},{"not_picked":["Feel No Pain","Combust","Dual Wield+1"],"picked":"SKIP","floor":20},{"not_picked":["Heavy Blade+1","Combust"],"picked":"Seeing Red","floor":22}],"player_experience":1347209,"relics_obtained":[{"floor":7,"key":"Pear"},{"floor":9,"key":"Paper Frog"},{"floor":10,"key":"Ornamental Fan"}],"event_choices":[{"event_name":"Liars Game","player_choice":"disagreed","floor":2,"damage_taken":0},{"event_name":"Scrap Ooze","player_choice":"success","floor":12,"damage_taken":3},{"event_name":"Addict","player_choice":"Ignored","floor":21,"damage_taken":0}],"is_beta":false,"boss_relics":[{"not_picked":["Runic Pyramid","Busted Crown"],"picked":"Philosopher\u0027s Stone"}],"items_purged_floors":[13],"is_endless":false,"potions_floor_spawned":[1,14,16,18,22],"killed_by":"Gremlin Leader","ascension_level":8}