{"gold_per_floor":[117,134,134,145,3,3,21,21,47,62,119,157,177,191,191,286,286,304,323,49,74,74,74,74,74,101,101,122,122,146,177,177,270,270,283,303,29,47,47,47,85,106,129,129,29,29,52,76,76,76],"floor_reached":51,"playtime":3140,"items_purged":["Strike_G","Defend_G","Infinite Blades"],"score":1099,"play_id":"9ff5b304-73c1-490b-a2a8-b4f5fbd3059f","local_time":"20190116214715","is_ascension_mode":true,"campfire_choices":[{"data":"Die Die Die","floor":6.0,"key":"SMITH"},{"data":"Noxious Fumes","floor":15.0,"key":"SMITH"},{"data":"Malaise","floor":23.0,"key":"SMITH"},{"data":"Footwork","floor":25,"key":"SMITH"},{"data":"Well Laid Plans","floor":27,"key":"SMITH"},{"data":"Dagger Spray","floor":32,"key":"SMITH"},{"data":"Predator","floor":40,"key":"SMITH"},{"data":"Glass Knife","floor":44,"key":"SMITH"},{"data":"Backflip","floor":49,"key":"SMITH"}],"neow_cost":"NONE","seed_source_timestamp":1023398320467665,"circlet_count":0,"master_deck":["AscendersBane","Defend_G","Defend_G","Defend_G","Defend_G","Strike_G","Strike_G","Strike_G","Survivor+1","Neutralize+1","Die Die Die+1","Poisoned Stab","Masterful Stab","Well Laid Plans+1","Noxious Fumes+1","Backflip+1","Footwork+1","Backstab","Malaise+1","Cloak And Dagger+1","Dagger Spray+1","PiercingWail","Predator+1","Blur+1","Glass Knife+1","Footwork+1","Crippling Poison+1"],"special_seed":0,"relics":["Ring of the Snake","Golden Idol","Pen Nib","Art of War","Eternal Feather","Anchor","Dream Catcher","Strawberry","Coffee Dripper","Snake Skull","The Courier","Potion Belt"],"potions_floor_usage":[33,35,47,48,50,50],"damage_taken":[{"damage":2.0,"enemies":"Small Slimes","floor":1.0,"turns":4.0},{"damage":2.0,"enemies":"Jaw Worm","floor":2.0,"turns":4.0},{"damage":0.0,"enemies":"2 Louse","floor":4.0,"turns":2.0},{"damage":4.0,"enemies":"Exordium Wildlife","floor":7.0,"turns":6.0},{"damage":5.0,"enemies":"Gremlin Gang","floor":10.0,"turns":3.0},{"damage":12.0,"enemies":"Gremlin Nob","floor":12.0,"turns":4.0},{"damage":11.0,"enemies":"Exordium Thugs","floor":13.0,"turns":4.0},{"damage":0.0,"enemies":"Large Slime","floor":14.0,"turns":5.0},{"damage":14.0,"enemies":"Slime Boss","floor":16.0,"turns":9.0},{"damage":3.0,"enemies":"Chosen","floor":18.0,"turns":4.0},{"damage":7.0,"enemies":"Shell Parasite","floor":19.0,"turns":7.0},{"damage":1.0,"enemies":"Chosen and Byrds","floor":21.0,"turns":7.0},{"damage":1,"enemies":"Snecko","floor":28,"turns":8},{"damage":1,"enemies":"Centurion and Healer","floor":30,"turns":7},{"damage":18,"enemies":"Book of Stabbing","floor":31,"turns":7},{"damage":25,"enemies":"Champ","floor":33,"turns":13},{"damage":8,"enemies":"3 Darklings","floor":35,"turns":3},{"damage":0,"enemies":"3 Shapes","floor":36,"turns":6},{"damage":12,"enemies":"Writhing Mass","floor":38,"turns":8},{"damage":21,"enemies":"Nemesis","floor":41,"turns":7},{"damage":15,"enemies":"Sphere and 2 Shapes","floor":42,"turns":5},{"damage":0,"enemies":"Jaw Worm Horde","floor":47,"turns":3},{"damage":21,"enemies":"Maw","floor":48,"turns":9},{"damage":31,"enemies":"Time Eater","floor":50,"turns":18}],"seed_played":"5978344417738296226","potions_obtained":[{"floor":4.0,"key":"Strength Potion"},{"floor":7.0,"key":"Weak Potion"},{"floor":12.0,"key":"PowerPotion"},{"floor":14.0,"key":"PowerPotion"},{"floor":18.0,"key":"Explosive Potion"},{"floor":19.0,"key":"EssenceOfSteel"},{"floor":21.0,"key":"Strength Potion"},{"floor":36,"key":"GamblersBrew"},{"floor":42,"key":"Explosive Potion"},{"floor":47,"key":"Swift Potion"},{"floor":48,"key":"Weak Potion"}],"is_trial":false,"path_per_floor":["M","M","?","M","$","R","M","?","T","M","?","E","M","M","R","B",null,"M","M","$","M","?","R","?","R","T","R","M","?","M","E","R","B",null,"M","M","$","M","?","R","E","M","T","R","$","?","M","M","R","B",null],"character_chosen":"THE_SILENT","items_purchased":["Well Laid Plans","Anchor","Dagger Spray","Snake Skull","Regen Potion","PowerPotion"],"campfire_rested":0,"item_purchase_floors":[5,20,20,37,45,45],"current_hp_per_floor":[61,59,59,59,59,59,55,55,55,50,50,38,27,27,27,13,52,49,42,42,41,62,65,65,65,65,65,64,64,63,52,67,42,65,57,57,57,45,45,60,39,24,24,39,39,39,39,33,48,17],"gold":76,"neow_bonus":"TRANSFORM_CARD","is_prod":false,"is_daily":false,"chose_seed":false,"campfire_upgraded":9,"win_rate":0,"timestamp":1547642835,"path_taken":["M","M","?","M","$","R","M","?","T","M","?","E","?","?","R","BOSS","M","M","$","M","?","R","?","R","T","R","M","?","?","E","R","BOSS","M","?","?","M","?","R","E","?","T","R","$","?","M","M","R","BOSS"],"build_version":"2019-01-10","purchased_purges":3,"victory":true,"max_hp_per_floor":[70,70,70,70,70,70,70,65,65,65,65,65,65,65,65,65,65,65,65,65,65,65,65,65,65,65,65,65,65,65,72,72,72,72,72,72,72,72,68,68,68,68,68,68,68,68,68,68,68,68],"card_choices":[{"not_picked":["Distraction","Choke"],"picked":"Poisoned Stab","floor":1.0},{"not_picked":["Backflip","Dagger Throw"],"picked":"Masterful Stab","floor":2.0},{"not_picked":["Acrobatics","Heel Hook","Masterful Stab"],"picked":"SKIP","floor":4.0},{"not_picked":["Heel Hook","Flying Knee"],"picked":"Infinite Blades","floor":7.0},{"not_picked":["Concentrate","Deflect"],"picked":"Noxious Fumes","floor":10.0},{"not_picked":["Outmaneuver","Acrobatics"],"picked":"Backflip","floor":12.0},{"not_picked":["Deadly Poison","Endless Agony"],"picked":"Footwork","floor":13.0},{"not_picked":["Bane","Noxious Fumes"],"picked":"Backstab","floor":14.0},{"not_picked":["Grand Finale","Bullet Time"],"picked":"Malaise","floor":16.0},{"not_picked":["Poisoned Stab","PiercingWail"],"picked":"Cloak And Dagger","floor":18.0},{"not_picked":["Calculated Gamble","Choke","Dagger Throw"],"picked":"SKIP","floor":19.0},{"not_picked":["Tactician","Sucker Punch"],"picked":"PiercingWail","floor":21.0},{"not_picked":["Dagger Throw","Reflex","Tactician"],"picked":"SKIP","floor":28},{"not_picked":["Bane","Crippling Poison"],"picked":"Predator","floor":30},{"not_picked":["Backflip","Choke+1"],"picked":"Blur+1","floor":31},{"not_picked":["Envenom","Night Terror"],"picked":"Glass Knife","floor":33},{"not_picked":["Flying Knee","Masterful Stab","Dagger Spray"],"picked":"SKIP","floor":35},{"not_picked":["Noxious Fumes","Backflip+1","Outmaneuver"],"picked":"SKIP","floor":36},{"not_picked":["Reflex","Well Laid Plans"],"picked":"Footwork+1","floor":38},{"not_picked":["Dodge and Roll","Phantasmal Killer","Backflip+1"],"picked":"SKIP","floor":41},{"not_picked":["Bane+1","Heel Hook+1","Riddle With Holes"],"picked":"SKIP","floor":42},{"not_picked":["Underhanded Strike+1","PiercingWail"],"picked":"Crippling Poison+1","floor":47},{"not_picked":["Choke","Dagger Spray","Blur"],"picked":"SKIP","floor":48}],"player_experience":389171,"relics_obtained":[{"floor":9.0,"key":"Pen Nib"},{"floor":12.0,"key":"Art of War"},{"floor":26,"key":"Dream Catcher"},{"floor":31,"key":"Strawberry"},{"floor":41,"key":"The Courier"},{"floor":43,"key":"Potion Belt"}],"event_choices":[{"damage_healed":0.0,"max_hp_gain":0.0,"max_hp_loss":0.0,"gold_gain":0.0,"event_name":"Living Wall","player_choice":"Grow","floor":3.0,"gold_loss":0.0,"damage_taken":0.0,"cards_upgraded":["Neutralize"]},{"damage_healed":0.0,"max_hp_gain":0.0,"max_hp_loss":5.0,"gold_gain":0.0,"event_name":"Golden Idol","player_choice":"Lose Max HP","floor":8.0,"gold_loss":0.0,"damage_taken":0.0,"relics_obtained":["Golden Idol"]},{"damage_healed":0.0,"max_hp_gain":0.0,"max_hp_loss":0.0,"gold_gain":57.0,"event_name":"Golden Wing","player_choice":"Gained Gold","floor":11.0,"gold_loss":0.0,"damage_taken":0.0},{"damage_healed":21.0,"max_hp_gain":0.0,"max_hp_loss":0.0,"gold_gain":0.0,"event_name":"The Library","player_choice":"Heal","floor":22.0,"gold_loss":0.0,"damage_taken":0.0},{"damage_healed":0,"gold_gain":0,"player_choice":"Ignored","damage_taken":0,"max_hp_gain":0,"max_hp_loss":0,"event_name":"The Mausoleum","floor":24,"gold_loss":0},{"damage_healed":0,"gold_gain":0,"player_choice":"Upgraded","damage_taken":0,"max_hp_gain":0,"max_hp_loss":0,"event_name":"Upgrade Shrine","floor":29,"gold_loss":0,"cards_upgraded":["Cloak And Dagger"]},{"damage_healed":0,"gold_gain":0,"player_choice":"Max HP","damage_taken":0,"max_hp_gain":0,"max_hp_loss":4,"event_name":"Winding Halls","floor":39,"gold_loss":0},{"damage_healed":0,"gold_gain":0,"player_choice":"Upgraded","damage_taken":0,"max_hp_gain":0,"max_hp_loss":0,"event_name":"Upgrade Shrine","floor":46,"gold_loss":0,"cards_upgraded":["Survivor"]}],"is_beta":false,"boss_relics":[{"not_picked":["Astrolabe","Ring of the Serpent"],"picked":"Eternal Feather"},{"not_picked":["Runic Pyramid","Orrery"],"picked":"Coffee Dripper"}],"items_purged_floors":[5,20,37],"is_endless":false,"potions_floor_spawned":[4,7,12,14,18,19,21,36,42,47,48],"ascension_level":13}