{"path_per_floor":["M","?","M","M","$","R","E","M","T","M","?","R","T","M","R","B",null,"M","?","?","M","M"],"character_chosen":"THE_SILENT","items_purchased":["Pear"],"gold_per_floor":[110,285,298,316,3,3,30,43,91,106,106,106,106,120,120,223,223,239,239,239,255,271,271],"floor_reached":23,"campfire_rested":2,"playtime":1130,"item_purchase_floors":[5],"current_hp_per_floor":[61,61,56,51,61,80,32,26,26,26,52,52,52,45,69,28,80,42,42,42,36,8,0],"items_purged":["Doubt"],"gold":271,"score":232,"play_id":"0a98ba0d-0884-4b97-a0c9-8d15334f5d35","local_time":"20180622121125","is_prod":false,"is_daily":false,"chose_seed":false,"is_ascension_mode":true,"campfire_upgraded":1,"win_rate":0,"timestamp":1529683885,"campfire_choices":[{"floor":6,"key":"REST"},{"data":"Blade Dance","floor":12,"key":"SMITH"},{"floor":15,"key":"REST"}],"path_taken":["M","?","M","M","$","R","E","M","T","M","?","R","?","?","R","BOSS","M","?","?","M","?","E"],"build_version":"2018-06-21","seed_source_timestamp":722037843771168,"purchased_purges":1,"circlet_count":0,"victory":false,"master_deck":["Defend_G","Defend_G","Defend_G","Defend_G","Defend_G","Strike_G","Strike_G","Strike_G","Strike_G","Strike_G","Survivor","Neutralize","Footwork","PiercingWail","Quick Slash","Blade Dance+1","Choke","Dodge and Roll","Terror","Phantasmal Killer","Backflip","Accuracy","Deflect+1","Dodge and Roll"],"max_hp_per_floor":[70,70,70,70,80,80,80,80,80,80,80,80,80,80,80,80,80,80,80,80,80,80,80],"relics":["Black Star","Pear","Ninja Scroll","Bottled Tornado","Pen Nib","Mercury Hourglass","Lizard Tail"],"card_choices":[{"not_picked":["Bane","PiercingWail"],"picked":"Footwork","floor":1},{"not_picked":["Dagger Spray","Eviscerate"],"picked":"PiercingWail","floor":3},{"not_picked":["Deflect","Dodge and Roll"],"picked":"Quick Slash","floor":4},{"not_picked":["Outmaneuver","Caltrops"],"picked":"Blade Dance","floor":7},{"not_picked":["Bane","Underhanded Strike"],"picked":"Choke","floor":8},{"not_picked":["Sucker Punch","Bane"],"picked":"Dodge and Roll","floor":10},{"not_picked":["Tools of the Trade","Reflex"],"picked":"Terror","floor":14},{"not_picked":["Tools of the Trade","Venomology"],"picked":"Phantasmal Killer","floor":16},{"not_picked":["Deadly Poison+1","Dagger Throw"],"picked":"Backflip","floor":18},{"not_picked":["Reflex","Outmaneuver"],"picked":"Deflect+1","floor":21},{"not_picked":["Slice+1","Poisoned Stab"],"picked":"Dodge and Roll","floor":22}],"player_experience":709989,"potions_floor_usage":[4,16,21],"damage_taken":[{"damage":9,"enemies":"2 Louse","floor":1,"turns":5},{"damage":5,"enemies":"Small Slimes","floor":3,"turns":5},{"damage":20,"enemies":"Jaw Worm","floor":4,"turns":9},{"damage":48,"enemies":"Gremlin Nob","floor":7,"turns":6},{"damage":6,"enemies":"Blue Slaver","floor":8,"turns":4},{"damage":0,"enemies":"Exordium Wildlife","floor":10,"turns":3},{"damage":7,"enemies":"Exordium Thugs","floor":14,"turns":3},{"damage":41,"enemies":"Hexaghost","floor":16,"turns":10},{"damage":38,"enemies":"2 Thieves","floor":18,"turns":4},{"damage":6,"enemies":"Chosen","floor":21,"turns":5},{"damage":68,"enemies":"3 Cultists","floor":22,"turns":7},{"damage":11,"enemies":"Gremlin Leader","floor":23,"turns":4}],"relics_obtained":[{"floor":7,"key":"Ninja Scroll"},{"floor":7,"key":"Bottled Tornado"},{"floor":9,"key":"Pen Nib"},{"floor":13,"key":"Mercury Hourglass"}],"event_choices":[{"event_name":"Liars Game","player_choice":"agreed","floor":2,"damage_taken":0},{"event_name":"Big Fish","player_choice":"Banana","floor":11,"damage_taken":0},{"event_name":"The Library","player_choice":"Read","floor":19,"damage_taken":0},{"event_name":"Ghosts","player_choice":"Ignored","floor":20,"damage_taken":0}],"boss_relics":[{"not_picked":["Velvet Choker","Empty Cage"],"picked":"Lizard Tail"}],"items_purged_floors":[5],"is_endless":false,"potions_floor_spawned":[1,10,16,18],"seed_played":"2996964007900196279","killed_by":"Gremlin Leader","ascension_level":4,"potions_obtained":[{"floor":1,"key":"Regen Potion"},{"floor":10,"key":"SkillPotion"},{"floor":16,"key":"Strength Potion"},{"floor":18,"key":"Strength Potion"}],"is_trial":false}