{"gold_per_floor":[119,137,34,34,51,84,84,84,84,84,115,135,135,152,152,248,248,222,237,237,114,114],"floor_reached":22,"playtime":1364,"items_purged":["Strike_G"],"score":272,"play_id":"14bd6567-4824-4bca-8ec9-9fbdf1849ea4","local_time":"20180731155926","is_ascension_mode":true,"campfire_choices":[{"data":"Neutralize","floor":8,"key":"SMITH"},{"data":"Footwork","floor":10,"key":"SMITH"},{"data":"Infinite Blades","floor":13,"key":"SMITH"},{"data":"Footwork","floor":15,"key":"SMITH"}],"neow_cost":"NONE","seed_source_timestamp":394402013417121,"circlet_count":0,"master_deck":["Defend_G","Defend_G","Defend_G","Defend_G","Defend_G","Strike_G","Strike_G","Strike_G","Strike_G","Survivor","Neutralize+1","Footwork+1","Dash","Infinite Blades+1","Sucker Punch","Crippling Poison","Blur","Footwork+1","Envenom","Caltrops","Blur","Well Laid Plans+1","Noxious Fumes"],"relics":["Ring of the Snake","Strawberry","Shuriken","Calipers","Smiling Mask","Orrery"],"potions_floor_usage":[16,16,22,22],"damage_taken":[{"damage":1,"enemies":"Cultist","floor":1,"turns":4},{"damage":0,"enemies":"Jaw Worm","floor":2,"turns":8},{"damage":0,"enemies":"2 Louse","floor":5,"turns":4},{"damage":6,"enemies":"3 Sentries","floor":6,"turns":9},{"damage":11,"enemies":"Lagavulin","floor":11,"turns":8},{"damage":6,"enemies":"Looter","floor":12,"turns":4},{"damage":7,"enemies":"Exordium Wildlife","floor":14,"turns":7},{"damage":20,"enemies":"Slime Boss","floor":16,"turns":9},{"damage":43,"enemies":"2 Thieves","floor":18,"turns":5},{"damage":8,"enemies":"Chosen","floor":19,"turns":8},{"damage":21,"enemies":"Slaver and Parasite","floor":22,"turns":2}],"seed_played":"5551620088424550994","potions_obtained":[{"floor":1,"key":"Fire Potion"},{"floor":5,"key":"Explosive Potion"},{"floor":6,"key":"Strength Potion"},{"floor":16,"key":"Dexterity Potion"},{"floor":18,"key":"Ancient Potion"}],"is_trial":false,"path_per_floor":["M","M","$","$","M","E","T","R","T","R","E","M","R","M","R","B",null,"M","M","?","$"],"character_chosen":"THE_SILENT","items_purchased":["Dash","Infinite Blades","Noxious Fumes"],"campfire_rested":0,"item_purchase_floors":[3,3,21],"current_hp_per_floor":[69,69,69,69,69,70,70,70,70,70,59,53,53,46,46,26,70,27,19,19,19,0],"gold":114,"neow_bonus":"TEN_PERCENT_HP_BONUS","is_prod":false,"is_daily":false,"chose_seed":false,"campfire_upgraded":4,"win_rate":0,"timestamp":1533070766,"path_taken":["M","M","?","$","M","E","?","R","T","R","E","M","R","M","R","BOSS","M","M","?","?","M"],"build_version":"2018-07-30","purchased_purges":1,"victory":false,"max_hp_per_floor":[77,77,77,77,77,84,84,84,84,84,84,84,84,84,84,84,84,84,84,84,84,84],"card_choices":[{"not_picked":["Setup","Blade Dance","Underhanded Strike"],"picked":"SKIP","floor":1},{"not_picked":["Quick Slash","Bane"],"picked":"Footwork","floor":2},{"not_picked":["Dagger Throw","Calculated Gamble"],"picked":"Sucker Punch","floor":5},{"not_picked":["Deadly Poison","Outmaneuver"],"picked":"Crippling Poison","floor":6},{"not_picked":["Choke","Calculated Gamble"],"picked":"Blur","floor":11},{"not_picked":["Deflect","Burst"],"picked":"Footwork","floor":12},{"not_picked":["Poisoned Stab","Sucker Punch","Deadly Poison"],"picked":"SKIP","floor":14},{"not_picked":["Venomology","Doppelganger"],"picked":"Envenom","floor":16},{"not_picked":["Dagger Spray","Flying Knee"],"picked":"Caltrops","floor":17},{"not_picked":["Bouncing Flask","Sucker Punch"],"picked":"Blur","floor":18},{"not_picked":["Finisher+1","Night Terror"],"picked":"Well Laid Plans+1","floor":19}],"player_experience":313048,"relics_obtained":[{"floor":6,"key":"Strawberry"},{"floor":7,"key":"Shuriken"},{"floor":9,"key":"Calipers"},{"floor":11,"key":"Smiling Mask"}],"event_choices":[{"event_name":"The Woman in Blue","player_choice":"Bought 0 Potions","floor":20,"damage_taken":0}],"is_beta":true,"boss_relics":[{"not_picked":["Cursed Key","Empty Cage"],"picked":"Orrery"}],"items_purged_floors":[21],"is_endless":false,"potions_floor_spawned":[1,5,6,14,16,18],"killed_by":"Slaver and Parasite","ascension_level":8}