{"gold_per_floor":[115,190,203,223,241,241,273,273,324,342,362,381,396,407,407,506,506,521,521,436,453,453,453,378,406,487,487,503,10,10,10,10,108,108,128,146,146,146,199,199,217,217,244,259,274,47,47,65,65,65],"floor_reached":50,"playtime":1730,"items_purged":["Decay"],"score":491,"play_id":"3ffa7a32-9b0f-4b8b-9b2b-08e2b2199045","local_time":"20181116114229","is_ascension_mode":false,"campfire_choices":[{"data":"Bash","floor":6.0,"key":"SMITH"},{"data":"Flame Barrier","floor":8.0,"key":"SMITH"},{"data":"Perfected Strike","floor":15.0,"key":"SMITH"},{"floor":23.0,"key":"REST"},{"data":"Limit Break","floor":27.0,"key":"SMITH"},{"data":"Armaments","floor":30.0,"key":"SMITH"},{"data":"Metallicize","floor":32.0,"key":"SMITH"},{"data":"Demon Form","floor":40.0,"key":"SMITH"},{"data":"Feed","floor":42.0,"key":"SMITH"},{"floor":49.0,"key":"REST"}],"neow_cost":"NONE","seed_source_timestamp":28112794357629,"circlet_count":0,"master_deck":["Strike_R","Strike_R","Strike_R","Strike_R","Strike_R","Defend_R","Defend_R","Defend_R","Defend_R","Bash+1","Fiend Fire","Flame Barrier+1","Pommel Strike","Feed+1","Flex","Disarm","Thunderclap","Perfected Strike+1","Pommel Strike","Armaments+1","Pommel Strike","Limit Break+1","Metallicize+1","Flame Barrier","Disarm","Perfected Strike+1","Demon Form+1","Headbutt+1","Dual Wield+1","Spot Weakness","Madness","Thunderclap"],"special_seed":0,"relics":["Burning Blood","Bottled Lightning","Bag of Marbles","Philosopher\u0027s Stone","Orichalcum","Anchor","Vajra","Meat on the Bone","DollysMirror","Mercury Hourglass","MutagenicStrength","Sozu","Red Skull","Oddly Smooth Stone","Strawberry"],"potions_floor_usage":[],"damage_taken":[{"damage":5.0,"enemies":"2 Louse","floor":1.0,"turns":3.0},{"damage":7.0,"enemies":"Small Slimes","floor":3.0,"turns":4.0},{"damage":0.0,"enemies":"Jaw Worm","floor":4.0,"turns":3.0},{"damage":9.0,"enemies":"Exordium Wildlife","floor":5.0,"turns":4.0},{"damage":20.0,"enemies":"Gremlin Nob","floor":7.0,"turns":4.0},{"damage":0.0,"enemies":"Looter","floor":10.0,"turns":2.0},{"damage":0.0,"enemies":"2 Fungi Beasts","floor":11.0,"turns":2.0},{"damage":7.0,"enemies":"Blue Slaver","floor":12.0,"turns":4.0},{"damage":0.0,"enemies":"Large Slime","floor":13.0,"turns":4.0},{"damage":17.0,"enemies":"Exordium Thugs","floor":14.0,"turns":3.0},{"damage":23.0,"enemies":"Hexaghost","floor":16.0,"turns":8.0},{"damage":33.0,"enemies":"Spheric Guardian","floor":18.0,"turns":4.0},{"damage":9.0,"enemies":"2 Thieves","floor":21.0,"turns":3.0},{"damage":10.0,"enemies":"Book of Stabbing","floor":25.0,"turns":3.0},{"damage":15.0,"enemies":"Snake Plant","floor":28.0,"turns":4.0},{"damage":43.0,"enemies":"Champ","floor":33.0,"turns":14.0},{"damage":1.0,"enemies":"3 Darklings","floor":35.0,"turns":4.0},{"damage":0.0,"enemies":"3 Shapes","floor":36.0,"turns":3.0},{"damage":20.0,"enemies":"3 Darklings","floor":41.0,"turns":3.0},{"damage":7.0,"enemies":"4 Shapes","floor":44.0,"turns":4.0},{"damage":46.0,"enemies":"Transient","floor":45.0,"turns":5.0},{"damage":0.0,"enemies":"Maw","floor":48.0,"turns":3.0},{"damage":105,"enemies":"Donu and Deca","floor":50,"turns":7}],"seed_played":"8286932812068693984","potions_obtained":[{"floor":3.0,"key":"Poison Potion"},{"floor":5.0,"key":"Dexterity Potion"},{"floor":7.0,"key":"Explosive Potion"},{"floor":12.0,"key":"PowerPotion"},{"floor":13.0,"key":"Energy Potion"},{"floor":16.0,"key":"Strength Potion"},{"floor":18.0,"key":"SteroidPotion"},{"floor":21.0,"key":"AttackPotion"}],"is_trial":false,"path_per_floor":["M","?","M","M","M","R","E","R","T","M","M","M","M","M","R","B",null,"M","?","?","M","T","R","$","E","T","R","M","$","R","?","R","B",null,"M","M","?","?","T","R","M","R","T","M","M","$","?","M","R","B"],"character_chosen":"IRONCLAD","items_purchased":["DollysMirror","Mercury Hourglass","Cleave","Spot Weakness","Strawberry"],"campfire_rested":2,"item_purchase_floors":[29,29,29,46,46],"current_hp_per_floor":[80,69,68,74,71,71,57,57,57,66,75,74,83,72,72,55,89,62,62,62,59,59,85,85,81,81,81,72,72,72,72,72,47,89,89,93,93,93,93,93,79,79,79,82,54,61,61,67,98,0],"gold":65,"neow_bonus":"ONE_RANDOM_RARE_CARD","is_prod":false,"is_daily":false,"chose_seed":false,"campfire_upgraded":8,"win_rate":0,"timestamp":1542386549,"path_taken":["M","?","M","M","M","R","E","R","T","M","M","M","M","M","R","BOSS","M","?","?","?","?","R","$","E","T","R","M","$","R","?","R","BOSS","M","M","?","?","?","R","M","R","T","M","M","$","?","M","R","BOSS"],"build_version":"2018-11-15","purchased_purges":1,"victory":false,"max_hp_per_floor":[80,80,80,80,80,80,80,80,80,83,86,86,89,89,89,89,89,89,89,89,89,89,89,89,89,89,89,89,89,89,89,89,89,89,89,93,93,93,93,93,93,93,93,97,97,104,104,104,104,104],"card_choices":[{"not_picked":["Headbutt","Cleave"],"picked":"Flame Barrier","floor":1.0},{"not_picked":["Twin Strike","Clothesline"],"picked":"Pommel Strike","floor":3.0},{"not_picked":["Thunderclap","Twin Strike"],"picked":"Feed","floor":4.0},{"not_picked":["Dual Wield","Twin Strike"],"picked":"Flex","floor":5.0},{"not_picked":["Warcry","Combust"],"picked":"Disarm","floor":7.0},{"not_picked":["Flex","Carnage"],"picked":"Thunderclap","floor":10.0},{"not_picked":["Clash","Headbutt"],"picked":"Perfected Strike","floor":11.0},{"not_picked":["Havoc","True Grit"],"picked":"Pommel Strike","floor":12.0},{"not_picked":["Twin Strike","Power Through"],"picked":"Armaments","floor":13.0},{"not_picked":["Intimidate","Body Slam"],"picked":"Pommel Strike","floor":14.0},{"not_picked":["Berserk","Offering"],"picked":"Limit Break","floor":16.0},{"not_picked":["Wild Strike+1","Clash"],"picked":"Metallicize","floor":18.0},{"not_picked":["Feel No Pain","Rampage+1"],"picked":"Flame Barrier","floor":21.0},{"not_picked":["Double Tap","Bloodletting"],"picked":"Disarm","floor":25.0},{"not_picked":["Clash","Flex+1","Wild Strike+1"],"picked":"SKIP","floor":28.0},{"not_picked":["Feed","Berserk"],"picked":"Demon Form","floor":33.0},{"not_picked":["Bloodletting","Havoc+1"],"picked":"Headbutt+1","floor":35.0},{"not_picked":["Rupture","Seeing Red","Body Slam"],"picked":"SKIP","floor":36.0},{"not_picked":["Rupture","Flex"],"picked":"Dual Wield+1","floor":41.0},{"not_picked":["Uppercut","Havoc","Seeing Red"],"picked":"SKIP","floor":44.0},{"not_picked":["Warcry+1","Clothesline+1","Clash"],"picked":"SKIP","floor":45.0},{"not_picked":["Enlightenment","Forethought"],"picked":"Madness","floor":47.0},{"not_picked":["Carnage","Wild Strike+1"],"picked":"Thunderclap","floor":48.0}],"player_experience":1708552,"relics_obtained":[{"floor":7.0,"key":"Bottled Lightning"},{"floor":9.0,"key":"Bag of Marbles"},{"floor":22.0,"key":"Anchor"},{"floor":25.0,"key":"Vajra"},{"floor":26.0,"key":"Meat on the Bone"},{"floor":39.0,"key":"Red Skull"},{"floor":43.0,"key":"Oddly Smooth Stone"}],"event_choices":[{"damage_healed":0.0,"max_hp_gain":0.0,"max_hp_loss":0.0,"gold_gain":75.0,"event_name":"World of Goop","player_choice":"Gather Gold","floor":2.0,"gold_loss":0.0,"damage_taken":11.0},{"damage_healed":0.0,"max_hp_gain":0.0,"max_hp_loss":0.0,"gold_gain":0.0,"event_name":"Forgotten Altar","player_choice":"Smashed Altar","floor":19.0,"gold_loss":0.0,"damage_taken":0.0,"cards_obtained":["Decay"]},{"damage_healed":0.0,"max_hp_gain":0.0,"max_hp_loss":0.0,"gold_gain":0.0,"event_name":"Addict","player_choice":"Obtained Relic","floor":20.0,"gold_loss":85.0,"damage_taken":0.0,"relics_obtained":["Orichalcum"]},{"damage_healed":0.0,"max_hp_gain":0.0,"max_hp_loss":0.0,"gold_gain":0.0,"event_name":"Drug Dealer","player_choice":"Inject Mutagens","floor":31.0,"gold_loss":0.0,"damage_taken":0.0,"relics_obtained":["MutagenicStrength"]},{"cards_removed":["Cleave"],"damage_healed":0.0,"max_hp_gain":0.0,"max_hp_loss":0.0,"gold_gain":0.0,"event_name":"Falling","player_choice":"Removed Attack","floor":37.0,"gold_loss":0.0,"damage_taken":0.0},{"damage_healed":0.0,"max_hp_gain":0.0,"max_hp_loss":0.0,"gold_gain":0.0,"event_name":"Tomb of Lord Red Mask","player_choice":"Ignored","floor":38.0,"gold_loss":0.0,"damage_taken":0.0},{"damage_healed":0.0,"max_hp_gain":0.0,"max_hp_loss":0.0,"gold_gain":0.0,"event_name":"SensoryStone","player_choice":"Memory 1","floor":47.0,"gold_loss":0.0,"damage_taken":0.0}],"is_beta":false,"boss_relics":[{"not_picked":["Fusion Hammer","Runic Cube"],"picked":"Philosopher\u0027s Stone"},{"not_picked":["Empty Cage","White Beast Statue"],"picked":"Sozu"}],"items_purged_floors":[24],"is_endless":false,"potions_floor_spawned":[3,5,7,12,13,16,18,21,44,48],"killed_by":"Donu and Deca","ascension_level":0}