{"gold_per_floor":[112,123,198,209,221,221,249,249,297,313,39,39,64,64,64,138,138,154,168,168],"floor_reached":20,"playtime":1211,"items_purged":[],"score":368,"play_id":"554edefd-f4b5-418b-9724-2ab6933d2c2a","local_time":"20190211154130","is_ascension_mode":true,"campfire_choices":[{"data":"Burst","floor":6.0,"key":"SMITH"},{"data":"Neutralize","floor":8.0,"key":"SMITH"},{"floor":12.0,"key":"REST"},{"floor":15.0,"key":"REST"}],"neow_cost":"NONE","seed_source_timestamp":229888463828437,"circlet_count":0,"master_deck":["AscendersBane","Defend_G","Defend_G","Defend_G","Defend_G","Defend_G","Strike_G","Strike_G","Strike_G","Strike_G","Strike_G","Survivor","Neutralize+1","Deadly Poison","Burst+1","Flechettes","Terror","Calculated Gamble","Backflip","Cloak And Dagger","A Thousand Cuts","Backflip","Leg Sweep"],"special_seed":0,"relics":["Ring of the Snake","Kunai","Bag of Preparation","Pear","Centennial Puzzle","Philosopher\u0027s Stone"],"potions_floor_usage":[],"damage_taken":[{"damage":4.0,"enemies":"Small Slimes","floor":1.0,"turns":5.0},{"damage":0.0,"enemies":"2 Louse","floor":2.0,"turns":3.0},{"damage":3.0,"enemies":"Cultist","floor":4.0,"turns":5.0},{"damage":6.0,"enemies":"Looter","floor":5.0,"turns":3.0},{"damage":4.0,"enemies":"3 Sentries","floor":7.0,"turns":9.0},{"damage":6.0,"enemies":"2 Fungi Beasts","floor":10.0,"turns":4.0},{"damage":34.0,"enemies":"Gremlin Nob","floor":13.0,"turns":4.0},{"damage":23.0,"enemies":"Hexaghost","floor":16.0,"turns":11.0},{"damage":24.0,"enemies":"Spheric Guardian","floor":18.0,"turns":4.0},{"damage":9.0,"enemies":"Shell Parasite","floor":19.0,"turns":6.0},{"damage":29,"enemies":"Shelled Parasite and Fungi","floor":20,"turns":4}],"seed_played":"-2712279116687038987","potions_obtained":[{"floor":0.0,"key":"AttackPotion"},{"floor":0.0,"key":"GamblersBrew"},{"floor":7.0,"key":"Fire Potion"},{"floor":13.0,"key":"AttackPotion"},{"floor":18.0,"key":"GhostInAJar"}],"is_trial":false,"path_per_floor":["M","M","?","M","M","R","E","R","T","M","$","R","E","?","R","B",null,"M","M","M"],"character_chosen":"THE_SILENT","items_purchased":["Pear"],"campfire_rested":2,"item_purchase_floors":[11],"current_hp_per_floor":[55,55,44,41,35,35,31,31,31,25,35,57,23,12,34,11,60,36,27,0],"gold":168,"neow_bonus":"THREE_SMALL_POTIONS","is_prod":false,"is_daily":false,"chose_seed":false,"campfire_upgraded":2,"win_rate":0,"timestamp":1549896090,"path_taken":["M","M","?","M","M","R","E","R","T","M","$","R","E","?","R","BOSS","M","M","M"],"build_version":"2019-01-23","purchased_purges":0,"victory":false,"max_hp_per_floor":[66,66,66,66,66,66,66,66,66,66,76,76,76,76,76,76,76,76,76,76],"card_choices":[{"not_picked":["Bane","Underhanded Strike"],"picked":"Deadly Poison","floor":1.0},{"not_picked":["Poisoned Stab","Prepared"],"picked":"Burst","floor":2.0},{"not_picked":["Eviscerate","PiercingWail"],"picked":"Flechettes","floor":4.0},{"not_picked":["Dagger Spray","Deflect"],"picked":"Terror","floor":5.0},{"not_picked":["Quick Slash","Heel Hook"],"picked":"Calculated Gamble","floor":7.0},{"not_picked":["Outmaneuver","Sucker Punch"],"picked":"Backflip","floor":10.0},{"not_picked":["Choke","Deflect"],"picked":"Cloak And Dagger","floor":13.0},{"not_picked":["Night Terror","Envenom"],"picked":"A Thousand Cuts","floor":16.0},{"not_picked":["Sucker Punch","Dagger Spray"],"picked":"Backflip","floor":18.0},{"not_picked":["Concentrate","Deflect+1"],"picked":"Leg Sweep","floor":19.0}],"player_experience":1398065,"relics_obtained":[{"floor":7.0,"key":"Kunai"},{"floor":9.0,"key":"Bag of Preparation"},{"floor":13.0,"key":"Centennial Puzzle"}],"event_choices":[{"damage_healed":0.0,"max_hp_gain":0.0,"max_hp_loss":0.0,"gold_gain":75.0,"event_name":"World of Goop","player_choice":"Gather Gold","floor":3.0,"gold_loss":0.0,"damage_taken":11.0},{"damage_healed":0.0,"max_hp_gain":0.0,"max_hp_loss":0.0,"gold_gain":0.0,"event_name":"Wheel of Change","player_choice":"Damaged","floor":14.0,"gold_loss":0.0,"damage_taken":11.0}],"is_beta":false,"boss_relics":[{"not_picked":["WristBlade","Black Star"],"picked":"Philosopher\u0027s Stone"}],"items_purged_floors":[],"is_endless":false,"potions_floor_spawned":[2,7,13,18],"killed_by":"Shelled Parasite and Fungi","ascension_level":20}