{"gold_per_floor":[119,139,38,38,53,53,83,83,83,11,36,56,90,90,90,193,193,206,206,106,181,194,194,222,222,222,222,222,241,10,10,10,10],"floor_reached":33,"playtime":773,"items_purged":["Strike_G","Regret"],"score":294,"play_id":"68096574-a3e0-47d7-9726-38b1a2e6be6d","local_time":"20180724004733","is_ascension_mode":false,"campfire_choices":[{"data":"Neutralize","floor":6,"key":"SMITH"},{"data":"Terror","floor":8,"key":"SMITH"},{"data":"Dash","floor":15,"key":"SMITH"},{"floor":23,"key":"REST"},{"floor":25,"key":"REST"},{"data":"Unload","floor":27,"key":"SMITH"},{"data":"Backstab","floor":32,"key":"SMITH"}],"neow_cost":"NONE","seed_source_timestamp":371134105177017,"circlet_count":0,"master_deck":["Defend_G","Defend_G","Defend_G","Defend_G","Defend_G","Strike_G","Strike_G","Strike_G","Survivor","Neutralize+1","Terror+1","Heel Hook","Poisoned Stab","Poisoned Stab","Backstab+1","Dash+1","PiercingWail","Poisoned Stab","After Image","Backflip+1","PiercingWail","Unload+1","Footwork+1","Terror"],"relics":["Ring of the Snake","Pen Nib","Tiny Chest","Bronze Scales","Gremlin Horn","Letter Opener","Runic Pyramid","Frozen Egg 2","Pear","Ancient Tea Set","Strange Spoon"],"potions_floor_usage":[11,16,24,24,24],"damage_taken":[{"damage":6,"enemies":"Small Slimes","floor":1,"turns":3},{"damage":0,"enemies":"Cultist","floor":2,"turns":2},{"damage":3,"enemies":"2 Louse","floor":5,"turns":2},{"damage":11,"enemies":"Lagavulin","floor":11,"turns":5},{"damage":8,"enemies":"Exordium Wildlife","floor":12,"turns":2},{"damage":12,"enemies":"3 Sentries","floor":13,"turns":7},{"damage":9,"enemies":"Slime Boss","floor":16,"turns":7},{"damage":18,"enemies":"Spheric Guardian","floor":18,"turns":4},{"damage":24,"enemies":"2 Thieves","floor":22,"turns":4},{"damage":4,"enemies":"Book of Stabbing","floor":24,"turns":5},{"damage":3,"enemies":"Snake Plant","floor":29,"turns":3},{"damage":59,"enemies":"Champ","floor":33,"turns":9}],"seed_played":"-2308296018717717387","potions_obtained":[{"floor":5,"key":"Fire Potion"},{"floor":11,"key":"EssenceOfSteel"},{"floor":13,"key":"GhostInAJar"},{"floor":18,"key":"PowerPotion"},{"floor":22,"key":"AttackPotion"}],"is_trial":false,"path_per_floor":["M","M","$","?","M","R","?","R","T","$","E","M","E","?","R","B",null,"M","?","$","?","M","R","E","R","T","R","T","M","$","?","R"],"character_chosen":"THE_SILENT","items_purchased":["Poisoned Stab","Backstab","Strange Spoon","Terror"],"campfire_rested":2,"item_purchase_floors":[3,10,30,30],"current_hp_per_floor":[64,64,64,70,67,67,67,67,67,67,56,48,36,36,36,27,70,52,39,39,32,8,30,26,48,58,58,58,55,55,55,55,0],"gold":10,"neow_bonus":"RANDOM_COMMON_RELIC","is_prod":false,"is_daily":false,"chose_seed":false,"campfire_upgraded":5,"win_rate":0,"timestamp":1532359053,"path_taken":["M","M","$","?","M","R","?","R","T","?","E","?","E","?","R","BOSS","M","?","?","?","M","R","E","R","T","R","?","?","$","?","R","BOSS"],"build_version":"2018-07-19v2","purchased_purges":2,"victory":false,"max_hp_per_floor":[70,70,70,70,70,70,70,70,70,70,70,70,70,70,70,70,70,70,75,75,75,75,75,75,75,85,85,85,85,85,85,85,85],"card_choices":[{"not_picked":["Sucker Punch","Quick Slash"],"picked":"Terror","floor":1},{"not_picked":["Reflex","Accuracy"],"picked":"Heel Hook","floor":2},{"not_picked":["Acrobatics","Deadly Poison"],"picked":"Poisoned Stab","floor":5},{"not_picked":["PiercingWail","Calculated Gamble"],"picked":"Dash","floor":11},{"not_picked":["Heel Hook","Cloak And Dagger"],"picked":"PiercingWail","floor":12},{"not_picked":["Sucker Punch","Dodge and Roll"],"picked":"Poisoned Stab","floor":13},{"not_picked":["Glass Knife","Storm of Steel"],"picked":"After Image","floor":16},{"not_picked":["Dodge and Roll+1","Endless Agony"],"picked":"Backflip+1","floor":18},{"not_picked":["Flying Knee","Backflip"],"picked":"PiercingWail","floor":22},{"not_picked":["Blur","Escape Plan"],"picked":"Unload","floor":24},{"not_picked":["Riddle With Holes","Deadly Poison"],"picked":"Footwork+1","floor":29}],"player_experience":246959,"relics_obtained":[{"floor":9,"key":"Bronze Scales"},{"floor":11,"key":"Gremlin Horn"},{"floor":13,"key":"Letter Opener"},{"floor":24,"key":"Frozen Egg 2"},{"floor":26,"key":"Pear"},{"floor":28,"key":"Ancient Tea Set"}],"event_choices":[{"event_name":"Wheel of Change","player_choice":"Full Heal","floor":4,"damage_taken":0},{"event_name":"Big Fish","player_choice":"Box","floor":7,"damage_taken":0},{"event_name":"Purifier","player_choice":"One Purge","floor":14,"damage_taken":0},{"event_name":"Forgotten Altar","player_choice":"Shed Blood","floor":19,"damage_taken":0},{"event_name":"FaceTrader","player_choice":"Touch","floor":21,"damage_taken":0},{"event_name":"Vampires","player_choice":"Ignored","floor":31,"damage_taken":0}],"is_beta":false,"boss_relics":[{"not_picked":["Sozu","Calling Bell"],"picked":"Runic Pyramid"}],"items_purged_floors":[3,20],"is_endless":false,"potions_floor_spawned":[5,11,13,18,22],"killed_by":"Champ","ascension_level":0}