{"gold_per_floor":[118,43,318,14,14,14,27,58,58,58,58,58,2,40,40,130,130,153,173,173,173,197,197,222,237,237,253,22,22,22,100,100,194,194,217,217,237,28,28,28,41,41,68,68,193,212,212,225,225,225],"floor_reached":51,"playtime":3832,"items_purged":["Regret","Strike_B"],"score":1227,"play_id":"c8a38015-49bc-4312-b65b-b28e4b3ec2a8","local_time":"20190207203839","is_ascension_mode":true,"campfire_choices":[{"data":"Defragment","floor":6,"key":"SMITH"},{"floor":10,"key":"REST"},{"data":"Zap","floor":12,"key":"SMITH"},{"floor":15,"key":"REST"},{"floor":23,"key":"REST"},{"floor":30,"key":"REST"},{"floor":32,"key":"REST"},{"floor":40,"key":"REST"},{"floor":44,"key":"REST"},{"floor":49,"key":"REST"}],"neow_cost":"NONE","seed_source_timestamp":365447886822547,"circlet_count":0,"master_deck":["AscendersBane","Strike_B","Strike_B","Defend_B","Defend_B","Defend_B","Defend_B","Zap+1","Dualcast","Consume","Defragment+1","Conserve Battery","Gash","Cold Snap","Compile Driver","Coolheaded","Sweeping Beam","Coolheaded","Seek","Gash","Glacier+1","Defragment","Hologram","Go for the Eyes","Seek","FTL","Auto Shields","All For One","Defragment","Gash","Gash","Capacitor","Glacier","Coolheaded+1","Creative AI","Beam Cell+1"],"relics":["FrozenCore","Juzu Bracelet","Golden Idol","Odd Mushroom","Thread and Needle","Shuriken","Fusion Hammer","Singing Bowl","Darkstone Periapt","Oddly Smooth Stone","Ginger"],"potions_floor_usage":[33,33,50],"damage_taken":[{"damage":3,"enemies":"Small Slimes","floor":1,"turns":4},{"damage":0,"enemies":"Cultist","floor":7,"turns":4},{"damage":28,"enemies":"The Mushroom Lair","floor":8,"turns":5},{"damage":19,"enemies":"Lagavulin","floor":14,"turns":6},{"damage":24,"enemies":"The Guardian","floor":16,"turns":15},{"damage":0,"enemies":"Spheric Guardian","floor":18,"turns":8},{"damage":0,"enemies":"Chosen","floor":19,"turns":6},{"damage":9,"enemies":"Colosseum Slavers","floor":21,"turns":7},{"damage":17,"enemies":"Shelled Parasite and Fungi","floor":22,"turns":8},{"damage":3,"enemies":"Centurion and Healer","floor":24,"turns":8},{"damage":0,"enemies":"Cultist and Chosen","floor":25,"turns":8},{"damage":18,"enemies":"Snake Plant","floor":27,"turns":7},{"damage":15,"enemies":"Collector","floor":33,"turns":18},{"damage":8,"enemies":"Orb Walker","floor":35,"turns":4},{"damage":13,"enemies":"3 Shapes","floor":37,"turns":13},{"damage":43,"enemies":"Jaw Worm Horde","floor":41,"turns":7},{"damage":0,"enemies":"Mind Bloom Boss Battle","floor":45,"turns":7},{"damage":2,"enemies":"4 Shapes","floor":46,"turns":6},{"damage":27,"enemies":"Spire Growth","floor":48,"turns":7},{"damage":48,"enemies":"Time Eater","floor":50,"turns":22}],"seed_played":"-5707881320075483274","potions_obtained":[{"floor":16,"key":"FocusPotion"},{"floor":25,"key":"Explosive Potion"},{"floor":46,"key":"FairyPotion"},{"floor":48,"key":"Swift Potion"}],"is_trial":false,"path_per_floor":["M","?","?","$","?","R","M","?","T","R","?","R","$","E","R","B",null,"M","M","?","?","M","R","M","M","T","M","$","?","R","T","R","B",null,"M","?","M","$","?","R","M","?","T","R","?","M","?","M","R","B",null],"character_chosen":"DEFECT","items_purchased":["Defragment","Conserve Battery","Gash","Cold Snap","Sweeping Beam","FTL","Auto Shields","Gash","Capacitor","Glacier"],"campfire_rested":8,"item_purchase_floors":[4,4,4,4,13,28,28,38,38,38],"current_hp_per_floor":[61,61,61,61,61,61,61,33,33,52,52,52,52,33,52,28,55,55,55,55,46,29,48,45,45,45,27,27,27,46,46,64,49,60,52,52,39,39,39,57,16,16,16,34,34,32,52,25,40,5],"gold":225,"neow_bonus":"RANDOM_COMMON_RELIC","is_prod":false,"is_daily":false,"chose_seed":false,"campfire_upgraded":2,"win_rate":0,"timestamp":1549589919,"path_taken":["M","?","?","$","?","R","M","?","T","R","?","R","$","E","R","BOSS","M","M","?","?","M","R","M","M","T","M","$","?","R","?","R","BOSS","M","?","M","$","?","R","M","?","T","R","?","M","?","M","R","BOSS"],"build_version":"2019-01-23","purchased_purges":2,"victory":true,"max_hp_per_floor":[71,71,71,71,64,64,64,64,64,64,64,64,64,64,64,64,64,64,64,64,64,64,64,64,64,64,64,64,64,64,64,64,64,64,64,64,64,64,61,61,63,63,63,63,63,63,52,52,52,52],"card_choices":[{"not_picked":["Redo","Streamline"],"picked":"Consume","floor":1},{"not_picked":["Steam","Stack"],"picked":"Compile Driver","floor":7},{"not_picked":["Redo","Beam Cell"],"picked":"Coolheaded","floor":8},{"not_picked":["Melter","Stack"],"picked":"Coolheaded","floor":14},{"not_picked":["Multi-Cast","Amplify"],"picked":"Seek","floor":16},{"not_picked":["Hello World","Redo+1"],"picked":"Gash","floor":18},{"not_picked":["Hello World+1","Skim+1"],"picked":"Glacier+1","floor":19},{"not_picked":["Rebound","Blizzard"],"picked":"Hologram","floor":22},{"not_picked":["Stack","Turbo+1"],"picked":"Go for the Eyes","floor":24},{"not_picked":["Barrage","Double Energy","Rebound+1"],"picked":"SKIP","floor":25},{"not_picked":["Doom and Gloom","Cold Snap"],"picked":"Seek","floor":27},{"not_picked":["Echo Form","Amplify"],"picked":"All For One","floor":33},{"not_picked":["Scrape","Sweeping Beam+1"],"picked":"Defragment","floor":35},{"not_picked":["Aggregate+1","Force Field+1"],"picked":"Gash","floor":37},{"not_picked":["Ball Lightning","Barrage+1","Auto Shields"],"picked":"Singing Bowl","floor":41},{"not_picked":["Tempest","Stack"],"picked":"Coolheaded+1","floor":45},{"not_picked":["Redo","Turbo"],"picked":"Creative AI","floor":46},{"not_picked":["Steam Power","Ball Lightning+1"],"picked":"Beam Cell+1","floor":48}],"player_experience":2342535,"relics_obtained":[{"floor":8,"key":"Odd Mushroom"},{"floor":9,"key":"Thread and Needle"},{"floor":14,"key":"Shuriken"},{"floor":26,"key":"Singing Bowl"},{"floor":31,"key":"Darkstone Periapt"},{"floor":43,"key":"Oddly Smooth Stone"},{"floor":45,"key":"Ginger"}],"event_choices":[{"cards_removed":["Strike_B"],"damage_healed":0,"gold_gain":0,"player_choice":"Card Removal","damage_taken":0,"max_hp_gain":0,"max_hp_loss":0,"event_name":"The Cleric","floor":2,"gold_loss":75},{"damage_healed":0,"gold_gain":275,"player_choice":"Desecrate","damage_taken":0,"max_hp_gain":0,"max_hp_loss":0,"event_name":"Golden Shrine","floor":3,"gold_loss":0,"cards_obtained":["Regret"]},{"damage_healed":0,"gold_gain":0,"player_choice":"Lose Max HP","damage_taken":0,"relics_obtained":["Golden Idol"],"max_hp_gain":0,"max_hp_loss":7,"event_name":"Golden Idol","floor":5,"gold_loss":0},{"damage_healed":0,"gold_gain":0,"player_choice":"Fought Mushrooms","damage_taken":0,"max_hp_gain":0,"max_hp_loss":0,"event_name":"Mushrooms","floor":8,"gold_loss":0},{"damage_healed":0,"gold_gain":0,"player_choice":"Ignored","damage_taken":0,"max_hp_gain":0,"max_hp_loss":0,"event_name":"Shining Light","floor":11,"gold_loss":0},{"damage_healed":0,"gold_gain":0,"player_choice":"Read","damage_taken":0,"max_hp_gain":0,"max_hp_loss":0,"event_name":"The Library","floor":20,"gold_loss":0,"cards_obtained":["Defragment"]},{"damage_healed":0,"gold_gain":0,"player_choice":"Fight","damage_taken":0,"max_hp_gain":0,"max_hp_loss":0,"event_name":"Colosseum","floor":21,"gold_loss":0},{"damage_healed":0,"gold_gain":0,"player_choice":"Fled From Nobs","damage_taken":0,"max_hp_gain":0,"max_hp_loss":0,"event_name":"Colosseum","floor":21,"gold_loss":0},{"damage_healed":0,"gold_gain":0,"player_choice":"Ignored","damage_taken":0,"max_hp_gain":0,"max_hp_loss":0,"event_name":"Beggar","floor":29,"gold_loss":0},{"damage_healed":0,"gold_gain":0,"player_choice":"Ignored","damage_taken":0,"max_hp_gain":0,"max_hp_loss":0,"event_name":"Mysterious Sphere","floor":36,"gold_loss":0},{"damage_healed":0,"gold_gain":0,"player_choice":"Max HP","damage_taken":0,"max_hp_gain":0,"max_hp_loss":3,"event_name":"Winding Halls","floor":39,"gold_loss":0},{"damage_healed":0,"gold_gain":0,"player_choice":"Leave","damage_taken":0,"max_hp_gain":0,"max_hp_loss":0,"event_name":"FaceTrader","floor":42,"gold_loss":0},{"damage_healed":0,"gold_gain":0,"player_choice":"Fight","damage_taken":0,"max_hp_gain":0,"max_hp_loss":0,"event_name":"MindBloom","floor":45,"gold_loss":0},{"damage_healed":52,"gold_gain":0,"player_choice":"Heal","damage_taken":0,"max_hp_gain":0,"max_hp_loss":11,"event_name":"The Moai Head","floor":47,"gold_loss":0}],"is_beta":false,"boss_relics":[{"not_picked":["Coffee Dripper","Snecko Eye"],"picked":"Fusion Hammer"},{"not_picked":["Astrolabe","Calling Bell"],"picked":"FrozenCore"}],"items_purged_floors":[4,28],"is_endless":false,"potions_floor_spawned":[16,21,25,27,46,48],"ascension_level":19}