{"gold_per_floor":[109,123,123,298,31,60,35,35,35,54,54,66,78,78,78,176,176,163,182,31,31,47,47,57,57,81,81,91,91],"floor_reached":29,"playtime":1428,"items_purged":["Pain"],"score":225,"play_id":"25d916c9-a7ea-4f40-bc97-44f3e79f9c75","local_time":"20190120113553","is_ascension_mode":false,"campfire_choices":[{"floor":8,"key":"REST"},{"data":"Static Discharge","floor":11,"key":"SMITH"},{"floor":15,"key":"REST"},{"data":"Storm","floor":23,"key":"SMITH"},{"data":"Venomology","floor":25,"key":"SMITH"}],"neow_cost":"NONE","seed_source_timestamp":47383631795118,"circlet_count":0,"master_deck":["Strike_B","Strike_B","Strike_B+1","Strike_B","Defend_B+1","Defend_B","Defend_B","Defend_B+1","Zap","Dualcast","Coolheaded+1","Static Discharge+1","Barrage","Venomology+1","Mayhem","Conserve Battery","Conserve Battery","Storm+1","Shrug It Off","Creative AI"],"relics":["Inserter","PrismaticShard","DataDisk","WarpedTongs","Eternal Feather","War Paint","Symbiotic Virus"],"potions_floor_usage":[16,16,16,16,19,19,22,22,22,24,24,29],"damage_taken":[{"damage":5,"enemies":"Jaw Worm","floor":1,"turns":6},{"damage":5,"enemies":"2 Louse","floor":2,"turns":4},{"damage":36,"enemies":"3 Sentries","floor":6,"turns":8},{"damage":1,"enemies":"Cultist","floor":10,"turns":4},{"damage":7,"enemies":"Blue Slaver","floor":12,"turns":4},{"damage":17,"enemies":"Exordium Wildlife","floor":13,"turns":4},{"damage":20,"enemies":"The Guardian","floor":16,"turns":9},{"damage":40,"enemies":"2 Thieves","floor":18,"turns":4},{"damage":12,"enemies":"Chosen","floor":19,"turns":6},{"damage":12,"enemies":"Snake Plant","floor":22,"turns":4},{"damage":4,"enemies":"Cultist and Chosen","floor":24,"turns":7},{"damage":15,"enemies":"Snecko","floor":28,"turns":5},{"damage":10,"enemies":"Centurion and Healer","floor":29,"turns":2}],"seed_played":"1639654390265850235","potions_obtained":[{"floor":1,"key":"PowerPotion"},{"floor":10,"key":"Weak Potion"},{"floor":16,"key":"LiquidBronze"},{"floor":18,"key":"Block Potion"},{"floor":19,"key":"LiquidBronze"},{"floor":22,"key":"GamblersBrew"}],"is_trial":false,"path_per_floor":["M","M","?","?","$","E","$","R","T","M","R","M","M","?","R","B",null,"M","M","$","?","M","R","M","R","T","T","M","M"],"character_chosen":"DEFECT","items_purchased":["PrismaticShard","Static Discharge","Barrage","Storm"],"campfire_rested":2,"item_purchase_floors":[5,5,7,20],"current_hp_per_floor":[70,65,50,50,50,14,14,36,36,35,35,28,11,11,33,13,75,35,23,23,23,11,20,16,25,25,25,10,0],"gold":91,"neow_bonus":"BOSS_RELIC","is_prod":false,"is_daily":false,"chose_seed":false,"campfire_upgraded":3,"win_rate":0,"timestamp":1547946353,"path_taken":["M","M","?","?","$","E","$","R","T","M","R","M","M","?","R","BOSS","M","?","$","?","M","R","M","R","T","?","M","M"],"build_version":"2019-01-17v2","purchased_purges":1,"victory":false,"max_hp_per_floor":[75,75,75,75,75,75,75,75,75,75,75,75,75,75,75,75,75,75,75,75,75,75,75,75,75,75,75,75,75],"card_choices":[{"not_picked":["Undo","Rebound"],"picked":"Coolheaded","floor":1},{"not_picked":["Melter","Sweeping Beam","Force Field"],"picked":"SKIP","floor":2},{"not_picked":["Eviscerate","Bane","Rage"],"picked":"SKIP","floor":6},{"not_picked":["Rebound","Heatsinks","Pommel Strike"],"picked":"SKIP","floor":10},{"not_picked":["Clothesline","Havoc"],"picked":"Venomology","floor":12},{"not_picked":["Calculated Gamble","Go for the Eyes","Clash"],"picked":"SKIP","floor":13},{"not_picked":["Phantasmal Killer","Sadistic Nature"],"picked":"Mayhem","floor":16},{"not_picked":["Deadly Poison","Outmaneuver"],"picked":"Conserve Battery","floor":18},{"not_picked":["Compile Driver","Armaments"],"picked":"Conserve Battery","floor":19},{"not_picked":["Wild Strike","Rip and Tear+1","Rage+1"],"picked":"SKIP","floor":22},{"not_picked":["Cloak And Dagger","Auto Shields+1"],"picked":"Shrug It Off","floor":24},{"not_picked":["Sucker Punch","Slice"],"picked":"Creative AI","floor":28}],"player_experience":471660,"relics_obtained":[{"floor":6,"key":"DataDisk"},{"floor":26,"key":"War Paint"},{"floor":27,"key":"Symbiotic Virus"}],"event_choices":[{"damage_healed":0,"gold_gain":0,"player_choice":"Entered Light","damage_taken":15,"max_hp_gain":0,"max_hp_loss":0,"event_name":"Shining Light","floor":3,"gold_loss":0,"cards_upgraded":["Strike_B","Coolheaded"]},{"damage_healed":0,"gold_gain":175,"player_choice":"AGREE","damage_taken":0,"max_hp_gain":0,"max_hp_loss":0,"event_name":"Liars Game","floor":4,"gold_loss":0,"cards_obtained":["Doubt"]},{"damage_healed":0,"gold_gain":0,"player_choice":"Rummage","damage_taken":0,"relics_obtained":["WarpedTongs"],"max_hp_gain":0,"max_hp_loss":0,"event_name":"Accursed Blacksmith","floor":14,"gold_loss":0,"cards_obtained":["Pain"]},{"cards_removed":["Doubt"],"damage_healed":0,"gold_gain":0,"player_choice":"Elegance","damage_taken":0,"max_hp_gain":0,"max_hp_loss":0,"event_name":"Back to Basics","floor":21,"gold_loss":0}],"is_beta":false,"boss_relics":[{"not_picked":["Coffee Dripper","Philosopher\u0027s Stone"],"picked":"Eternal Feather"}],"items_purged_floors":[20],"is_endless":false,"potions_floor_spawned":[1,10,16,18,19,22],"killed_by":"Centurion and Healer","ascension_level":0}