{"gold_per_floor":[115,131,148,148,223,223,257,278,278,322,322,287,158,158,158,249,249,223,236,38,53,67,67,67],"floor_reached":24,"playtime":1046,"items_purged":["Strike_G","Strike_G"],"score":412,"play_id":"3a332223-8c72-4013-a4cd-0dfda1933d40","local_time":"20190129144335","is_ascension_mode":true,"campfire_choices":[{"data":"Neutralize","floor":6,"key":"SMITH"},{"floor":11,"key":"REST"},{"data":"Bouncing Flask","floor":15,"key":"SMITH"},{"floor":23,"key":"REST"}],"neow_cost":"NONE","seed_source_timestamp":103387452956660,"circlet_count":0,"master_deck":["AscendersBane","Defend_G","Defend_G","Defend_G","Defend_G","Defend_G","Strike_G","Strike_G","Strike_G","Survivor","Neutralize+1","Well Laid Plans","Terror","Bouncing Flask+1","Flechettes","Noxious Fumes+1","Envenom+1","Dodge and Roll+1","Noxious Fumes+1","Night Terror","PiercingWail"],"relics":["Ring of the Snake","Golden Idol","Bottled Tornado","Frozen Egg 2","Fusion Hammer"],"potions_floor_usage":[7,10,10,18,22,24],"damage_taken":[{"damage":8,"enemies":"Cultist","floor":1,"turns":6},{"damage":5,"enemies":"Small Slimes","floor":2,"turns":6},{"damage":0,"enemies":"Jaw Worm","floor":3,"turns":8},{"damage":32,"enemies":"3 Sentries","floor":7,"turns":14},{"damage":0,"enemies":"Looter","floor":8,"turns":4},{"damage":1,"enemies":"Gremlin Nob","floor":10,"turns":3},{"damage":10,"enemies":"The Guardian","floor":16,"turns":8},{"damage":9,"enemies":"2 Thieves","floor":18,"turns":4},{"damage":8,"enemies":"Spheric Guardian","floor":19,"turns":5},{"damage":14,"enemies":"Snake Plant","floor":21,"turns":5},{"damage":16,"enemies":"Snecko","floor":22,"turns":6},{"damage":26,"enemies":"Cultist and Chosen","floor":24,"turns":4}],"seed_played":"2778203011621248738","potions_obtained":[{"floor":0,"key":"Swift Potion"},{"floor":0,"key":"LiquidBronze"},{"floor":2,"key":"GhostInAJar"},{"floor":8,"key":"Strength Potion"},{"floor":21,"key":"Dexterity Potion"}],"is_trial":false,"path_per_floor":["M","M","M","?","?","R","E","M","T","E","R","?","$","?","R","B",null,"M","M","$","M","M","R","M"],"character_chosen":"THE_SILENT","items_purchased":["Block Potion","Noxious Fumes+1","SkillPotion"],"campfire_rested":2,"item_purchase_floors":[13,20,20],"current_hp_per_floor":[51,46,46,46,35,35,3,3,3,2,20,35,35,35,35,25,51,42,34,34,20,4,22,0],"gold":67,"neow_bonus":"THREE_SMALL_POTIONS","is_prod":false,"is_daily":false,"chose_seed":false,"campfire_upgraded":2,"win_rate":0,"timestamp":1548769415,"path_taken":["M","?","M","?","?","R","E","M","T","E","R","?","$","?","R","BOSS","M","M","$","M","M","R","M"],"build_version":"2019-01-23","purchased_purges":2,"victory":false,"max_hp_per_floor":[66,66,66,60,60,60,60,60,60,60,60,60,60,60,60,60,60,60,60,60,60,60,60,60],"card_choices":[{"not_picked":["Outmaneuver","Tactician","Slice"],"picked":"SKIP","floor":1},{"not_picked":["Deflect","Blade Dance"],"picked":"Well Laid Plans","floor":2},{"not_picked":["Setup","Choke"],"picked":"Terror","floor":3},{"not_picked":["All Out Attack","Tools of the Trade"],"picked":"Bouncing Flask","floor":7},{"not_picked":["Bane","Dodge and Roll"],"picked":"Flechettes","floor":8},{"not_picked":["Dodge and Roll","Bullet Time"],"picked":"Noxious Fumes","floor":10},{"not_picked":["Burst","Die Die Die"],"picked":"Envenom+1","floor":16},{"not_picked":["Terror","Dagger Throw","Prepared"],"picked":"SKIP","floor":18},{"not_picked":["Masterful Stab","Dagger Spray"],"picked":"Dodge and Roll+1","floor":19},{"not_picked":["Noxious Fumes+1","Bane+1"],"picked":"Night Terror","floor":21},{"not_picked":["Dagger Spray","Cloak And Dagger+1"],"picked":"PiercingWail","floor":22}],"player_experience":1941754,"relics_obtained":[{"floor":7,"key":"Bottled Tornado"},{"floor":10,"key":"Frozen Egg 2"}],"event_choices":[{"damage_healed":0,"gold_gain":0,"player_choice":"Lose Max HP","damage_taken":0,"relics_obtained":["Golden Idol"],"max_hp_gain":0,"max_hp_loss":6,"event_name":"Golden Idol","floor":4,"gold_loss":0},{"damage_healed":0,"gold_gain":75,"player_choice":"Gather Gold","damage_taken":11,"max_hp_gain":0,"max_hp_loss":0,"event_name":"World of Goop","floor":5,"gold_loss":0},{"damage_healed":15,"gold_gain":0,"player_choice":"Healed","damage_taken":0,"max_hp_gain":0,"max_hp_loss":0,"event_name":"The Cleric","floor":12,"gold_loss":35},{"damage_healed":0,"gold_gain":0,"player_choice":"Ignored","damage_taken":0,"max_hp_gain":0,"max_hp_loss":0,"event_name":"Golden Wing","floor":14,"gold_loss":0}],"is_beta":false,"boss_relics":[{"not_picked":["Philosopher\u0027s Stone","Ring of the Serpent"],"picked":"Fusion Hammer"}],"items_purged_floors":[13,20],"is_endless":false,"potions_floor_spawned":[2,8,21],"killed_by":"Cultist and Chosen","ascension_level":20}