{"gold_per_floor":[19,33,48,48,48,48,83,83,83,115,169,169,195,209,209,310,310,327,327,341,441,441,441],"floor_reached":23,"playtime":923,"items_purged":[],"score":336,"play_id":"e004290b-4780-4a41-a360-b2412ea0ce2d","local_time":"20181216173208","is_ascension_mode":true,"campfire_choices":[{"data":"Apotheosis","floor":6.0,"key":"SMITH"},{"data":"Neutralize","floor":8.0,"key":"SMITH"},{"data":"Trip","floor":12.0,"key":"SMITH"},{"data":"Acrobatics","floor":15.0,"key":"SMITH"}],"neow_cost":"NO_GOLD","seed_source_timestamp":276407934053432,"circlet_count":0,"master_deck":["AscendersBane","Defend_G","Defend_G","Defend_G","Defend_G","Defend_G","Strike_G","Strike_G","Strike_G","Strike_G","Strike_G","Survivor","Neutralize+1","Apotheosis+1","Trip+1","Acrobatics+1","Dash","Dagger Spray","Backstab","Malaise","Dodge and Roll","Envenom","Terror+1","Ghostly","Ghostly","Ghostly","Ghostly","Ghostly","Deflect","Crippling Poison"],"special_seed":0,"relics":["Ring of the Snake","Mango","Ginger","Matryoshka","Orichalcum","Runic Pyramid","Torii","Bottled Flame","Bag of Marbles","StoneCalendar"],"potions_floor_usage":[21,21],"damage_taken":[{"damage":0.0,"enemies":"Cultist","floor":1.0,"turns":4.0},{"damage":4.0,"enemies":"Small Slimes","floor":2.0,"turns":4.0},{"damage":4.0,"enemies":"Jaw Worm","floor":3.0,"turns":3.0},{"damage":20.0,"enemies":"Gremlin Nob","floor":7.0,"turns":4.0},{"damage":13.0,"enemies":"Lagavulin","floor":10.0,"turns":6.0},{"damage":4.0,"enemies":"3 Sentries","floor":13.0,"turns":7.0},{"damage":0.0,"enemies":"Looter","floor":14.0,"turns":3.0},{"damage":17,"enemies":"Slime Boss","floor":16,"turns":9},{"damage":15,"enemies":"Spheric Guardian","floor":18,"turns":6},{"damage":2,"enemies":"Shell Parasite","floor":20,"turns":5},{"damage":9,"enemies":"Colosseum Slavers","floor":21,"turns":5},{"damage":30,"enemies":"Colosseum Nobs","floor":21,"turns":8},{"damage":11,"enemies":"Slavers","floor":23,"turns":1}],"seed_played":"-3109419504415284630","potions_obtained":[{"floor":2.0,"key":"LiquidBronze"},{"floor":7.0,"key":"GhostInAJar"},{"floor":14.0,"key":"Ancient Potion"},{"floor":16,"key":"Strength Potion"},{"floor":20,"key":"LiquidBronze"}],"is_trial":false,"path_per_floor":["M","M","M","?","$","R","E","R","T","E","?","R","E","M","R","B",null,"M","?","M","?","T","E"],"character_chosen":"THE_SILENT","items_purchased":[],"campfire_rested":0,"item_purchase_floors":[],"current_hp_per_floor":[63,59,55,60,60,60,54,54,54,41,41,41,37,37,37,20,72,57,44,42,3,3,0],"gold":441,"neow_bonus":"RANDOM_COLORLESS_2","is_prod":false,"is_daily":false,"chose_seed":false,"campfire_upgraded":4,"win_rate":0,"timestamp":1544977928,"path_taken":["M","M","?","?","?","R","E","R","T","E","?","R","E","M","R","BOSS","M","?","M","?","?","E"],"build_version":"2018-12-13","purchased_purges":0,"victory":false,"max_hp_per_floor":[70,70,70,75,75,75,89,89,89,89,89,89,89,89,89,89,89,89,44,44,44,44,44],"card_choices":[{"not_picked":["Deflect","Blade Dance"],"picked":"Acrobatics","floor":1.0},{"not_picked":["Flying Knee","Expertise"],"picked":"Dash","floor":2.0},{"not_picked":["Masterful Stab","Outmaneuver"],"picked":"Dagger Spray","floor":3.0},{"not_picked":["Slice","Quick Slash"],"picked":"Backstab","floor":7.0},{"not_picked":["Dagger Throw","Finisher","Flying Knee"],"picked":"SKIP","floor":10.0},{"not_picked":["Envenom","Bane"],"picked":"Malaise","floor":13.0},{"not_picked":["Poisoned Stab","Deflect"],"picked":"Dodge and Roll","floor":14.0},{"not_picked":["Doppelganger","Unload"],"picked":"Envenom","floor":16},{"not_picked":["Bane","Sucker Punch+1"],"picked":"Terror+1","floor":18},{"not_picked":["Quick Slash","Flying Knee"],"picked":"Deflect","floor":20},{"not_picked":["Dagger Spray","Flying Knee"],"picked":"Crippling Poison","floor":21}],"player_experience":1148281,"relics_obtained":[{"floor":7.0,"key":"Mango"},{"floor":9.0,"key":"Ginger"},{"floor":10.0,"key":"Matryoshka"},{"floor":13.0,"key":"Orichalcum"},{"floor":21,"key":"Torii"},{"floor":21,"key":"Bottled Flame"},{"floor":22,"key":"Bag of Marbles"},{"floor":22,"key":"StoneCalendar"}],"event_choices":[{"damage_healed":0.0,"max_hp_gain":5.0,"max_hp_loss":0.0,"gold_gain":0.0,"event_name":"Big Fish","player_choice":"Donut","floor":4.0,"gold_loss":0.0,"damage_taken":0.0},{"damage_healed":0.0,"max_hp_gain":0.0,"max_hp_loss":0.0,"gold_gain":54.0,"event_name":"Golden Wing","player_choice":"Gained Gold","floor":11.0,"gold_loss":0.0,"damage_taken":0.0},{"damage_healed":0,"gold_gain":0,"player_choice":"Became a Ghost","damage_taken":0,"max_hp_gain":0,"max_hp_loss":45,"event_name":"Ghosts","floor":19,"gold_loss":0,"cards_obtained":["Ghostly","Ghostly","Ghostly","Ghostly","Ghostly"]},{"damage_healed":0,"gold_gain":0,"player_choice":"Fight","damage_taken":0,"max_hp_gain":0,"max_hp_loss":0,"event_name":"Colosseum","floor":21,"gold_loss":0},{"damage_healed":0,"gold_gain":0,"player_choice":"Fought Nobs","damage_taken":0,"max_hp_gain":0,"max_hp_loss":0,"event_name":"Colosseum","floor":21,"gold_loss":0}],"is_beta":false,"boss_relics":[{"not_picked":["Lizard Tail","HoveringKite"],"picked":"Runic Pyramid"}],"items_purged_floors":[],"is_endless":false,"potions_floor_spawned":[2,7,14,16,20],"killed_by":"Slavers","ascension_level":10}