{"gold_per_floor":[113,113,133,147,163,163,189,8,8,8,40,58,158,174,174,250,250,261,275,374,390,64,94,94,125,148,148,159,175,175,175,175,254,254,265,365,390,390,407,407,432,442,442,442,470,484,173,193,193,193],"floor_reached":51,"playtime":3246,"items_purged":["Strike_G","Strike_G"],"score":1252,"play_id":"a673fa06-9c42-450e-b967-db2e592ce66b","local_time":"20190117004946","is_ascension_mode":true,"campfire_choices":[{"data":"Neutralize","floor":6,"key":"SMITH"},{"data":"Envenom","floor":10,"key":"SMITH"},{"data":"Dash","floor":15,"key":"SMITH"},{"floor":24,"key":"REST"},{"floor":30,"key":"REST"},{"floor":32,"key":"REST"},{"floor":40,"key":"REST"},{"floor":44,"key":"REST"},{"floor":49,"key":"REST"}],"neow_cost":"NONE","seed_source_timestamp":1034252053933355,"circlet_count":0,"master_deck":["AscendersBane","Defend_G","Defend_G","Defend_G","Defend_G","Defend_G","Strike_G","Strike_G","Strike_G","Survivor","Neutralize+1","Dramatic Entrance","Dagger Spray","Blur","Masterful Stab","Poisoned Stab","Envenom+1","Noxious Fumes","Dash+1","Leg Sweep","After Image","Terror","Masterful Stab+1","Enlightenment","Wraith Form v2","Leg Sweep+1","Venomology","Burst","Footwork+1","Noxious Fumes","Footwork+1"],"relics":["Ring of the Serpent","Nunchaku","Pocketwatch","Potion Belt","Peace Pipe","Darkstone Periapt","Membership Card","Singing Bowl","Pear","Bronze Scales","Runic Dome","Tingsha","Blood Vial","Vajra","Gambling Chip","Art of War","DollysMirror"],"potions_floor_usage":[7,11,16,16,18,21,21,23,23,25,29,33,42,42,45,45,46,46,50,50,50],"damage_taken":[{"damage":0,"enemies":"Small Slimes","floor":1,"turns":4},{"damage":0,"enemies":"Cultist","floor":3,"turns":3},{"damage":8,"enemies":"Jaw Worm","floor":4,"turns":4},{"damage":0,"enemies":"Gremlin Gang","floor":5,"turns":2},{"damage":9,"enemies":"Gremlin Nob","floor":7,"turns":4},{"damage":9,"enemies":"3 Sentries","floor":11,"turns":6},{"damage":3,"enemies":"Blue Slaver","floor":12,"turns":3},{"damage":0,"enemies":"3 Louse","floor":14,"turns":2},{"damage":12,"enemies":"Slime Boss","floor":16,"turns":10},{"damage":3,"enemies":"Shell Parasite","floor":18,"turns":7},{"damage":0,"enemies":"3 Byrds","floor":19,"turns":4},{"damage":0,"enemies":"Snecko","floor":21,"turns":5},{"damage":33,"enemies":"Book of Stabbing","floor":23,"turns":7},{"damage":6,"enemies":"Gremlin Leader","floor":25,"turns":7},{"damage":10,"enemies":"Centurion and Healer","floor":28,"turns":5},{"damage":34,"enemies":"Chosen and Byrds","floor":29,"turns":5},{"damage":7,"enemies":"Automaton","floor":33,"turns":13},{"damage":35,"enemies":"3 Darklings","floor":35,"turns":5},{"damage":0,"enemies":"Mind Bloom Boss Battle","floor":36,"turns":8},{"damage":6,"enemies":"Orb Walker","floor":39,"turns":3},{"damage":16,"enemies":"Nemesis","floor":41,"turns":11},{"damage":0,"enemies":"4 Shapes","floor":42,"turns":7},{"damage":52,"enemies":"Reptomancer","floor":45,"turns":7},{"damage":19,"enemies":"Jaw Worm Horde","floor":46,"turns":4},{"damage":0,"enemies":"Maw","floor":48,"turns":8},{"damage":27,"enemies":"Time Eater","floor":50,"turns":15}],"seed_played":"4284362127393053561","potions_obtained":[{"floor":1,"key":"Energy Potion"},{"floor":3,"key":"Ancient Potion"},{"floor":5,"key":"Poison Potion"},{"floor":7,"key":"SpeedPotion"},{"floor":12,"key":"SteroidPotion"},{"floor":16,"key":"Poison Potion"},{"floor":18,"key":"Energy Potion"},{"floor":19,"key":"EssenceOfSteel"},{"floor":23,"key":"Swift Potion"},{"floor":28,"key":"AttackPotion"},{"floor":29,"key":"Dexterity Potion"},{"floor":41,"key":"SkillPotion"},{"floor":42,"key":"PowerPotion"},{"floor":45,"key":"Regen Potion"},{"floor":46,"key":"Explosive Potion"}],"is_trial":false,"path_per_floor":["M","?","M","M","M","R","E","$","T","R","E","M","?","M","R","B",null,"M","M","?","M","$","E","R","E","T","?","M","M","R","?","R","B",null,"M","?","T","?","M","R","E","M","T","R","E","M","$","M","R","B",null],"character_chosen":"THE_SILENT","items_purchased":["Noxious Fumes","Potion Belt","Membership Card","Enlightenment","SteroidPotion","Weak Potion","Art of War","Noxious Fumes","DollysMirror","AttackPotion","SkillPotion"],"campfire_rested":6,"item_purchase_floors":[8,8,22,22,22,22,47,47,47,47,47],"current_hp_per_floor":[59,59,59,51,51,51,42,42,42,42,33,30,30,30,30,18,54,51,51,51,51,51,20,40,44,44,44,36,2,26,52,76,69,77,44,46,46,46,44,69,57,61,61,88,38,35,35,39,66,41],"gold":193,"neow_bonus":"RANDOM_COLORLESS","is_prod":false,"is_daily":false,"chose_seed":false,"campfire_upgraded":3,"win_rate":0,"timestamp":1547653786,"path_taken":["M","?","M","?","M","R","E","$","T","R","E","M","?","M","R","BOSS","M","?","?","M","$","E","R","E","T","?","M","M","R","?","R","BOSS","M","?","?","?","M","R","E","?","T","R","E","M","$","M","R","BOSS"],"build_version":"2019-01-10","purchased_purges":2,"victory":true,"max_hp_per_floor":[66,66,66,66,66,66,66,66,66,66,66,66,66,66,66,66,66,66,66,66,66,66,68,68,78,78,78,80,80,80,80,80,80,80,82,84,84,84,86,86,88,90,90,90,90,90,90,92,92,92],"card_choices":[{"not_picked":["Flechettes","Backstab"],"picked":"Dagger Spray","floor":1},{"not_picked":["Dagger Throw","Terror"],"picked":"Blur","floor":3},{"not_picked":["Dagger Spray","Dagger Throw"],"picked":"Masterful Stab","floor":4},{"not_picked":["Bane","Dodge and Roll"],"picked":"Poisoned Stab","floor":5},{"not_picked":["Well Laid Plans","A Thousand Cuts"],"picked":"Envenom","floor":7},{"not_picked":["Acrobatics","Slice"],"picked":"Dash","floor":11},{"not_picked":["Dagger Throw","Outmaneuver"],"picked":"Leg Sweep","floor":12},{"not_picked":["Deflect","Flechettes","Sucker Punch"],"picked":"SKIP","floor":14},{"not_picked":["Tools of the Trade","Glass Knife"],"picked":"After Image","floor":16},{"not_picked":["Slice","Backflip","Tactician"],"picked":"SKIP","floor":18},{"not_picked":["Outmaneuver","Sucker Punch"],"picked":"Terror","floor":19},{"not_picked":["Eviscerate","Tactician"],"picked":"Masterful Stab+1","floor":21},{"not_picked":["Underhanded Strike","Backflip","Flying Knee"],"picked":"Singing Bowl","floor":23},{"not_picked":["Well Laid Plans","Flying Knee"],"picked":"Wraith Form v2","floor":25},{"not_picked":["Bane","Dodge and Roll","Blade Dance"],"picked":"Singing Bowl","floor":28},{"not_picked":["Dagger Throw+1","Poisoned Stab+1"],"picked":"Leg Sweep+1","floor":29},{"not_picked":["Storm of Steel","Bullet Time"],"picked":"Venomology","floor":33},{"not_picked":["Backflip+1","Outmaneuver+1","Deadly Poison+1"],"picked":"Singing Bowl","floor":35},{"not_picked":["Storm of Steel","Acrobatics","Infinite Blades+1"],"picked":"Singing Bowl","floor":36},{"not_picked":["Slice","Bane","Leg Sweep"],"picked":"Singing Bowl","floor":39},{"not_picked":["Crippling Poison","Dagger Throw","Quick Slash"],"picked":"Singing Bowl","floor":41},{"not_picked":["Crippling Poison","Escape Plan","Sucker Punch"],"picked":"Singing Bowl","floor":42},{"not_picked":["Deflect","Cloak And Dagger"],"picked":"Burst","floor":45},{"not_picked":["Deflect","Poisoned Stab"],"picked":"Footwork+1","floor":46},{"not_picked":["Slice","Quick Slash","Dagger Throw+1"],"picked":"Singing Bowl","floor":48}],"player_experience":392311,"relics_obtained":[{"floor":2,"key":"Nunchaku"},{"floor":7,"key":"Pocketwatch"},{"floor":9,"key":"Peace Pipe"},{"floor":11,"key":"Darkstone Periapt"},{"floor":23,"key":"Singing Bowl"},{"floor":25,"key":"Pear"},{"floor":26,"key":"Bronze Scales"},{"floor":36,"key":"Tingsha"},{"floor":37,"key":"Blood Vial"},{"floor":41,"key":"Vajra"},{"floor":45,"key":"Gambling Chip"}],"event_choices":[{"damage_healed":0,"gold_gain":0,"player_choice":"Relic","damage_taken":0,"max_hp_gain":0,"max_hp_loss":0,"event_name":"Wheel of Change","floor":2,"gold_loss":0},{"damage_healed":0,"gold_gain":100,"player_choice":"Pray","damage_taken":0,"max_hp_gain":0,"max_hp_loss":0,"event_name":"Golden Shrine","floor":13,"gold_loss":0},{"damage_healed":0,"gold_gain":99,"player_choice":"Stole From Cult","damage_taken":0,"max_hp_gain":0,"max_hp_loss":0,"event_name":"Nest","floor":20,"gold_loss":0},{"damage_healed":0,"gold_gain":0,"player_choice":"Ignored","damage_taken":0,"max_hp_gain":0,"max_hp_loss":0,"event_name":"Ghosts","floor":27,"gold_loss":0},{"damage_healed":26,"gold_gain":0,"player_choice":"Heal","damage_taken":0,"max_hp_gain":0,"max_hp_loss":0,"event_name":"The Library","floor":31,"gold_loss":0},{"damage_healed":0,"gold_gain":0,"player_choice":"Fight","damage_taken":0,"max_hp_gain":0,"max_hp_loss":0,"event_name":"MindBloom","floor":36,"gold_loss":0},{"damage_healed":0,"gold_gain":0,"player_choice":"Ignored","damage_taken":0,"max_hp_gain":0,"max_hp_loss":0,"event_name":"Tomb of Lord Red Mask","floor":38,"gold_loss":0}],"is_beta":false,"boss_relics":[{"not_picked":["Astrolabe","HoveringKite"],"picked":"Ring of the Serpent"},{"not_picked":["Fusion Hammer","Empty Cage"],"picked":"Runic Dome"}],"items_purged_floors":[22,47],"is_endless":false,"potions_floor_spawned":[1,3,5,7,12,16,18,19,23,28,29,41,42,45,46],"ascension_level":14}