{"gold_per_floor":[117,134,149,166,182,182,201,228,228,240,240,4,79,44,44,145,145,160,160,160,173,98,98,48,48,123,138,150,150,12,30,30,132,132,145,245,257,270,22,22,33,33,33,33,46,46,64,75,75,75],"floor_reached":50,"playtime":2580,"items_purged":[],"score":582,"play_id":"5453b02b-0704-4f72-ae69-9e724983c6b7","local_time":"20181212001857","is_ascension_mode":true,"campfire_choices":[{"data":"Armaments","floor":6,"key":"SMITH"},{"floor":11,"key":"REST"},{"data":"Searing Blow","floor":15,"key":"SMITH"},{"floor":23,"key":"REST"},{"floor":25,"key":"REST"},{"data":"Limit Break","floor":29,"key":"SMITH"},{"floor":32,"key":"REST"},{"data":"1","floor":40,"key":"LIFT"},{"floor":42,"key":"REST"},{"floor":49,"key":"REST"}],"neow_cost":"NONE","seed_source_timestamp":85014052024184,"circlet_count":0,"master_deck":["Strike_R","Strike_R","Strike_R","Strike_R","Defend_R","Defend_R","Defend_R","Pommel Strike","Armaments+1","Clothesline","Perfected Strike","Rampage","Shrug It Off","Inflame","Spot Weakness","Searing Blow+1","Limit Break+1","Infernal Blade+1","Bloodletting+1","Metallicize+1","Flame Barrier+1","Shrug It Off","Inflame","Double Tap","Rupture+1","Battle Trance+1","Ghostly Armor+1","Seeing Red+1","True Grit+1"],"relics":["Burning Blood","Incense Burner","Mummified Hand","Astrolabe","Smiling Mask","Mercury Hourglass","Orrery","Girya","Ornamental Fan","Bird Faced Urn"],"potions_floor_usage":[5,7,16,21,28,35,37,45,50,50,50],"damage_taken":[{"damage":2,"enemies":"Jaw Worm","floor":1,"turns":3},{"damage":0,"enemies":"2 Louse","floor":2,"turns":3},{"damage":1,"enemies":"Small Slimes","floor":3,"turns":3},{"damage":9,"enemies":"Blue Slaver","floor":4,"turns":6},{"damage":10,"enemies":"2 Fungi Beasts","floor":5,"turns":5},{"damage":0,"enemies":"3 Louse","floor":7,"turns":5},{"damage":40,"enemies":"3 Sentries","floor":8,"turns":8},{"damage":6,"enemies":"Looter","floor":10,"turns":3},{"damage":17,"enemies":"The Guardian","floor":16,"turns":13},{"damage":7,"enemies":"Chosen","floor":18,"turns":5},{"damage":29,"enemies":"3 Byrds","floor":21,"turns":7},{"damage":1,"enemies":"Centurion and Healer","floor":27,"turns":6},{"damage":1,"enemies":"Snake Plant","floor":28,"turns":5},{"damage":37,"enemies":"Snecko","floor":31,"turns":5},{"damage":65,"enemies":"Automaton","floor":33,"turns":8},{"damage":5,"enemies":"3 Shapes","floor":35,"turns":10},{"damage":16,"enemies":"Mind Bloom Boss Battle","floor":36,"turns":10},{"damage":1,"enemies":"Orb Walker","floor":37,"turns":4},{"damage":13,"enemies":"Sphere and 2 Shapes","floor":38,"turns":5},{"damage":25,"enemies":"4 Shapes","floor":41,"turns":7},{"damage":26,"enemies":"Jaw Worm Horde","floor":45,"turns":5},{"damage":13,"enemies":"3 Darklings","floor":47,"turns":8},{"damage":9,"enemies":"Sphere and 2 Shapes","floor":48,"turns":8},{"damage":100,"enemies":"Donu and Deca","floor":50,"turns":7}],"seed_played":"764714448379909124","potions_obtained":[{"floor":2,"key":"SpeedPotion"},{"floor":5,"key":"Swift Potion"},{"floor":18,"key":"Swift Potion"},{"floor":31,"key":"LiquidBronze"},{"floor":33,"key":"Swift Potion"},{"floor":35,"key":"Block Potion"},{"floor":37,"key":"FearPotion"},{"floor":47,"key":"Poison Potion"}],"is_trial":false,"path_per_floor":["M","M","M","M","M","R","M","E","T","M","R","$","?","?","R","B",null,"M","?","?","M","?","R","$","R","T","M","M","R","$","M","R","B",null,"M","?","M","M","$","R","M","R","T","$","M","?","M","M","R","B"],"character_chosen":"IRONCLAD","items_purchased":["Inflame","Spot Weakness","Searing Blow","SkillPotion","SkillPotion","Shrug It Off","Inflame","SpeedPotion","Ornamental Fan"],"campfire_rested":6,"item_purchase_floors":[12,12,12,12,24,30,30,30,39],"current_hp_per_floor":[76,80,80,77,73,73,79,45,45,45,69,69,58,78,78,67,77,76,76,61,38,38,63,63,85,85,85,85,85,85,54,79,20,69,70,60,65,58,58,58,39,64,64,64,52,52,53,58,83,0],"gold":75,"neow_bonus":"UPGRADE_CARD","is_prod":false,"is_daily":false,"chose_seed":false,"campfire_upgraded":3,"win_rate":0,"timestamp":1544595537,"path_taken":["M","M","M","M","M","R","M","E","T","M","R","$","?","?","R","BOSS","M","?","?","M","?","R","$","R","T","M","M","R","$","M","R","BOSS","M","?","M","M","$","R","M","R","T","$","M","?","M","M","R","BOSS"],"build_version":"2018-12-10","purchased_purges":0,"victory":false,"max_hp_per_floor":[80,80,80,80,80,80,80,80,80,80,80,80,80,80,80,80,80,80,80,85,85,85,85,85,85,85,85,85,85,85,85,85,85,85,85,85,85,85,85,85,85,85,85,85,85,85,85,85,85,85],"card_choices":[{"not_picked":["Anger","Shockwave"],"picked":"Pommel Strike","floor":1},{"not_picked":["Sword Boomerang","Warcry"],"picked":"Armaments","floor":2},{"not_picked":["Combust","Seeing Red","Heavy Blade"],"picked":"SKIP","floor":3},{"not_picked":["True Grit","Sword Boomerang"],"picked":"Clothesline","floor":4},{"not_picked":["Corruption","Thunderclap"],"picked":"Perfected Strike","floor":5},{"not_picked":["True Grit","Sword Boomerang"],"picked":"Rampage","floor":7},{"not_picked":["Limit Break","Burning Pact"],"picked":"Shrug It Off","floor":8},{"not_picked":["Wild Strike","Second Wind","Headbutt"],"picked":"SKIP","floor":10},{"not_picked":["Offering","Double Tap"],"picked":"Limit Break","floor":16},{"not_picked":["Sword Boomerang","Clothesline","Clash"],"picked":"SKIP","floor":18},{"not_picked":["True Grit","Rupture","Pommel Strike"],"picked":"SKIP","floor":21},{"not_picked":["Fire Breathing","Headbutt","Body Slam"],"picked":"SKIP","floor":27},{"not_picked":["Twin Strike","Headbutt+1"],"picked":"Flame Barrier+1","floor":28},{"not_picked":["Shrug It Off","Warcry","Sword Boomerang"],"picked":"SKIP","floor":31},{"not_picked":["Exhume","Brutality"],"picked":"Double Tap","floor":33},{"not_picked":["Anger","Sword Boomerang"],"picked":"Rupture+1","floor":34},{"not_picked":["Fire Breathing","Limit Break"],"picked":"Battle Trance+1","floor":35},{"not_picked":["Warcry+1","Sentinel","Clash+1"],"picked":"SKIP","floor":37},{"not_picked":["Armaments","Anger+1","Perfected Strike+1"],"picked":"SKIP","floor":38},{"not_picked":["Corruption","Infernal Blade","Fire Breathing"],"picked":"SKIP","floor":41},{"not_picked":["Burning Pact+1","Pommel Strike"],"picked":"Ghostly Armor+1","floor":45},{"not_picked":["Body Slam+1","Rupture"],"picked":"Seeing Red+1","floor":47},{"not_picked":["Rage","Havoc+1"],"picked":"True Grit+1","floor":48}],"player_experience":571756,"relics_obtained":[{"floor":8,"key":"Incense Burner"},{"floor":9,"key":"Mummified Hand"},{"floor":26,"key":"Mercury Hourglass"},{"floor":36,"key":"Girya"},{"floor":43,"key":"Bird Faced Urn"}],"event_choices":[{"damage_healed":0,"gold_gain":75,"player_choice":"Gather Gold","damage_taken":11,"max_hp_gain":0,"max_hp_loss":0,"event_name":"World of Goop","floor":13,"gold_loss":0},{"damage_healed":20,"gold_gain":0,"player_choice":"Healed","damage_taken":0,"max_hp_gain":0,"max_hp_loss":0,"event_name":"The Cleric","floor":14,"gold_loss":35},{"damage_healed":0,"gold_gain":0,"player_choice":"Opened","damage_taken":0,"relics_obtained":["Smiling Mask"],"max_hp_gain":0,"max_hp_loss":0,"event_name":"The Mausoleum","floor":19,"gold_loss":0,"cards_obtained":["Writhe"]},{"damage_healed":0,"gold_gain":0,"player_choice":"Shed Blood","damage_taken":20,"max_hp_gain":5,"max_hp_loss":0,"event_name":"Forgotten Altar","floor":20,"gold_loss":0},{"cards_removed":["Writhe"],"damage_healed":0,"gold_gain":0,"player_choice":"Gave Gold","damage_taken":0,"max_hp_gain":0,"max_hp_loss":0,"event_name":"Beggar","floor":22,"gold_loss":75},{"damage_healed":0,"gold_gain":0,"player_choice":"Fight","damage_taken":0,"max_hp_gain":0,"max_hp_loss":0,"event_name":"MindBloom","floor":36,"gold_loss":0},{"damage_healed":0,"gold_gain":0,"player_choice":"Ignored","damage_taken":0,"max_hp_gain":0,"max_hp_loss":0,"event_name":"Mysterious Sphere","floor":46,"gold_loss":0}],"is_beta":true,"boss_relics":[{"not_picked":["Busted Crown","Runic Cube"],"picked":"Astrolabe"},{"not_picked":["Runic Dome","Coffee Dripper"],"picked":"Orrery"}],"items_purged_floors":[],"is_endless":false,"potions_floor_spawned":[2,5,18,31,33,35,37,38,47],"killed_by":"Donu and Deca","ascension_level":6}