{"gold_per_floor":[118,131,145,145,155,155,255,281,307,232,232,252,309,309,309,412,412,398,410,332,344,324,356,375,392,446,446,472,487,504,522,522,522],"floor_reached":33,"playtime":2604,"items_purged":["Strike_R"],"score":361,"play_id":"05285ff2-2e7e-4232-af66-883d99c48ea0","local_time":"20180628170416","is_ascension_mode":true,"campfire_choices":[{"data":"Iron Wave","floor":6,"key":"SMITH"},{"data":"Iron Wave","floor":11,"key":"SMITH"},{"data":"Power Through","floor":15,"key":"SMITH"},{"data":"Feel No Pain","floor":27,"key":"SMITH"},{"data":"Armaments","floor":32,"key":"SMITH"}],"neow_cost":"NONE","seed_source_timestamp":155830306591459,"circlet_count":0,"master_deck":["Strike_R+1","Strike_R","Strike_R+1","Strike_R+1","Defend_R","Defend_R","Defend_R+1","Defend_R","Bash+1","Iron Wave+1","Iron Wave+1","Power Through+1","Reaper","Corruption","Warcry","Shrug It Off","Burning Pact","True Grit","Feel No Pain+1","Iron Wave","Flame Barrier","Armaments+1","Spot Weakness"],"relics":["Burning Blood","Omamori","Ancient Tea Set","Bronze Scales","Tiny Chest","Coffee Dripper","Whetstone","Bag of Marbles","Orichalcum"],"potions_floor_usage":[8,13,19,21,23,23,23,33],"damage_taken":[{"damage":6,"enemies":"Cultist","floor":1,"turns":4},{"damage":4,"enemies":"2 Louse","floor":2,"turns":3},{"damage":3,"enemies":"Small Slimes","floor":3,"turns":3},{"damage":7,"enemies":"Looter","floor":5,"turns":4},{"damage":8,"enemies":"Gremlin Nob","floor":8,"turns":4},{"damage":10,"enemies":"Blue Slaver","floor":12,"turns":3},{"damage":40,"enemies":"Lagavulin","floor":13,"turns":7},{"damage":30,"enemies":"Hexaghost","floor":16,"turns":11},{"damage":10,"enemies":"2 Thieves","floor":18,"turns":4},{"damage":2,"enemies":"Shell Parasite","floor":19,"turns":3},{"damage":25,"enemies":"Cultist and Chosen","floor":21,"turns":8},{"damage":22,"enemies":"Book of Stabbing","floor":23,"turns":6},{"damage":22,"enemies":"Slaver and Parasite","floor":24,"turns":5},{"damage":11,"enemies":"Centurion and Healer","floor":25,"turns":7},{"damage":41,"enemies":"Slavers","floor":28,"turns":7},{"damage":5,"enemies":"Snake Plant","floor":29,"turns":3},{"damage":14,"enemies":"3 Cultists","floor":30,"turns":7},{"damage":16,"enemies":"Snecko","floor":31,"turns":7},{"damage":59,"enemies":"Collector","floor":33,"turns":7}],"seed_played":"-5451698397838366392","potions_obtained":[{"floor":1,"key":"GamblersBrew"},{"floor":3,"key":"Block Potion"},{"floor":16,"key":"Strength Potion"},{"floor":18,"key":"Fire Potion"},{"floor":19,"key":"Strength Potion"},{"floor":21,"key":"Block Potion"},{"floor":22,"key":"Poison Potion"},{"floor":29,"key":"SpeedPotion"}],"is_trial":false,"path_per_floor":["M","M","M","?","M","R","?","E","T","$","R","M","E","?","R","B",null,"M","M","$","M","?","E","M","M","T","R","E","M","M","M","R"],"character_chosen":"IRONCLAD","items_purchased":["Warcry","Shrug It Off"],"campfire_rested":0,"item_purchase_floors":[20,20],"current_hp_per_floor":[80,80,80,80,79,79,79,77,77,77,77,79,45,29,29,9,80,80,80,80,63,63,56,40,45,45,45,28,29,33,27,27,0],"gold":522,"neow_bonus":"RANDOM_COMMON_RELIC","is_prod":false,"is_daily":false,"chose_seed":false,"campfire_upgraded":5,"win_rate":0,"timestamp":1530223456,"path_taken":["M","M","M","?","M","R","?","E","T","$","R","M","E","?","R","BOSS","M","M","$","M","?","E","M","M","T","R","E","?","M","M","R","BOSS"],"build_version":"2018-06-27","purchased_purges":1,"victory":false,"max_hp_per_floor":[80,80,80,80,80,80,80,80,80,80,80,80,80,80,80,80,80,80,80,80,80,80,80,80,80,80,80,80,80,80,80,80,80],"card_choices":[{"not_picked":["Intimidate","Carnage"],"picked":"Iron Wave","floor":1},{"not_picked":["Sword Boomerang","Shockwave"],"picked":"Iron Wave","floor":2},{"not_picked":["Sentinel","Warcry","Flex"],"picked":"SKIP","floor":3},{"not_picked":["Feel No Pain","Body Slam"],"picked":"Power Through","floor":5},{"not_picked":["Cleave","Iron Wave"],"picked":"Reaper","floor":8},{"not_picked":["Hemokinesis","Perfected Strike","Thunderclap"],"picked":"SKIP","floor":12},{"not_picked":["Rage","Bloodletting","Rampage"],"picked":"SKIP","floor":13},{"not_picked":["Burning Pact","Heavy Blade+1"],"picked":"Corruption","floor":18},{"not_picked":["Perfected Strike","Sever Soul","Cleave+1"],"picked":"SKIP","floor":19},{"not_picked":["Cleave+1","Twin Strike"],"picked":"Burning Pact","floor":21},{"not_picked":["Thunderclap+1","Heavy Blade"],"picked":"True Grit","floor":23},{"not_picked":["Second Wind","Body Slam+1"],"picked":"Feel No Pain","floor":24},{"not_picked":["Fire Breathing","Havoc"],"picked":"Iron Wave","floor":25},{"not_picked":["Searing Blow","Heavy Blade"],"picked":"Flame Barrier","floor":28},{"not_picked":["Rampage+1","Twin Strike+1","Brutality"],"picked":"SKIP","floor":29},{"not_picked":["Warcry","Seeing Red+1"],"picked":"Armaments","floor":30},{"not_picked":["Hemokinesis","Armaments"],"picked":"Spot Weakness","floor":31}],"player_experience":165006,"relics_obtained":[{"floor":8,"key":"Ancient Tea Set"},{"floor":9,"key":"Bronze Scales"},{"floor":13,"key":"Tiny Chest"},{"floor":23,"key":"Whetstone"},{"floor":26,"key":"Bag of Marbles"},{"floor":28,"key":"Orichalcum"}],"event_choices":[{"event_name":"Upgrade Shrine","player_choice":"Upgraded","floor":4,"damage_taken":0},{"event_name":"Wheel of Change","player_choice":"Gold","floor":7,"damage_taken":0},{"event_name":"Shining Light","player_choice":"Entered Light","floor":14,"damage_taken":0},{"event_name":"The Woman in Blue","player_choice":"Bought 1 Potion","floor":22,"damage_taken":0}],"boss_relics":[{"not_picked":["Fusion Hammer","Black Star"],"picked":"Coffee Dripper"}],"items_purged_floors":[10],"is_endless":false,"potions_floor_spawned":[1,3,16,18,19,21,29],"killed_by":"Collector","ascension_level":4}