{"gold_per_floor":[116,6,6,21,21,60,60,101,126,126,12,31,31,49,49,178,178,192,192,210,233,233,9,9,134,159,184,184,184,184,196,196,293,293,310,363,1362,1362,442,442,458,473,519,519,531,14,14,30,30,30],"floor_reached":51,"playtime":1708,"items_purged":["Strike_G"],"score":878,"play_id":"8797b369-1897-40de-817f-4d89fbc9735f","local_time":"20190210211228","is_ascension_mode":false,"campfire_choices":[{"data":"Footwork","floor":7.0,"key":"SMITH"},{"data":"Neutralize","floor":10.0,"key":"SMITH"},{"data":"Accuracy","floor":13.0,"key":"SMITH"},{"data":"Cloak And Dagger","floor":15.0,"key":"SMITH"},{"data":"Accuracy","floor":24,"key":"SMITH"},{"data":"Night Terror","floor":30,"key":"SMITH"},{"data":"Caltrops","floor":32,"key":"SMITH"},{"data":"After Image","floor":40,"key":"SMITH"},{"data":"Infinite Blades","floor":47,"key":"SMITH"},{"data":"Cloak And Dagger","floor":49,"key":"SMITH"}],"neow_cost":"NONE","seed_source_timestamp":12754254314679,"circlet_count":0,"master_deck":["Defend_G+1","Defend_G+1","Defend_G+1","Defend_G+1","Strike_G+1","Strike_G+1","Strike_G+1","Strike_G+1","Survivor","Neutralize+1","Cloak And Dagger+1","Footwork+1","Caltrops+1","Accuracy+1","Accuracy+1","Backflip","Cloak And Dagger+1","Night Terror+1","Well Laid Plans","Deflect","Noxious Fumes","Blade Dance+1","Blur","Ghostly","Ghostly","Ghostly","Ghostly","Ghostly","Dodge and Roll","After Image+1","Infinite Blades+1","Panache","Infinite Blades+1","Leg Sweep+1","Cloak And Dagger+1","Glass Knife"],"special_seed":0,"relics":["Ring of the Serpent","NeowsBlessing","Bloody Idol","Omamori","Lantern","Pen Nib","Coffee Dripper","Incense Burner","PreservedInsect","Mango","Kunai","Vajra","Peace Pipe","Singing Bowl","MealTicket","Strawberry","Potion Belt","FossilizedHelix","Shuriken","Paper Crane"],"potions_floor_usage":[25,25,25,50,50,50,50,50,50,50,50],"damage_taken":[{"damage":0.0,"enemies":"2 Louse","floor":1.0,"turns":1.0},{"damage":0.0,"enemies":"Jaw Worm","floor":4.0,"turns":1.0},{"damage":0.0,"enemies":"Gremlin Nob","floor":6.0,"turns":1.0},{"damage":18.0,"enemies":"3 Sentries","floor":8.0,"turns":11.0},{"damage":0.0,"enemies":"Cultist","floor":12.0,"turns":4.0},{"damage":0.0,"enemies":"Exordium Thugs","floor":14.0,"turns":5.0},{"damage":2.0,"enemies":"Hexaghost","floor":16.0,"turns":10.0},{"damage":0.0,"enemies":"3 Byrds","floor":18.0,"turns":3.0},{"damage":12,"enemies":"2 Thieves","floor":20,"turns":4},{"damage":9,"enemies":"Snake Plant","floor":21,"turns":5},{"damage":0,"enemies":"Colosseum Slavers","floor":25,"turns":4},{"damage":0,"enemies":"Colosseum Nobs","floor":25,"turns":3},{"damage":13,"enemies":"Sentry and Sphere","floor":27,"turns":4},{"damage":1,"enemies":"Shelled Parasite and Fungi","floor":31,"turns":5},{"damage":0,"enemies":"Champ","floor":33,"turns":10},{"damage":0,"enemies":"3 Darklings","floor":35,"turns":6},{"damage":0,"enemies":"2 Orb Walkers","floor":36,"turns":7},{"damage":0,"enemies":"Orb Walker","floor":41,"turns":4},{"damage":0,"enemies":"Jaw Worm Horde","floor":42,"turns":5},{"damage":0,"enemies":"Maw","floor":45,"turns":6},{"damage":0,"enemies":"3 Darklings","floor":48,"turns":4},{"damage":0,"enemies":"Donu and Deca","floor":50,"turns":7}],"seed_played":"3244573911862426563","potions_obtained":[{"floor":4.0,"key":"FearPotion"},{"floor":8.0,"key":"EssenceOfSteel"},{"floor":12.0,"key":"SteroidPotion"},{"floor":21,"key":"Swift Potion"},{"floor":31,"key":"Weak Potion"},{"floor":41,"key":"Energy Potion"},{"floor":45,"key":"Block Potion"}],"is_trial":false,"path_per_floor":["M","$","?","M","?","E","R","E","T","R","$","M","R","M","R","B",null,"M","?","M","M","?","$","R","?","T","M","?","?","R","M","R","B",null,"M","?","?","?","$","R","M","M","T","T","M","$","R","M","R","B",null],"character_chosen":"THE_SILENT","items_purchased":["Footwork","Accuracy","Backflip","Noxious Fumes","PreservedInsect","Panache","Singing Bowl","Infinite Blades","MealTicket","Strawberry","EntropicBrew","Shuriken","Paper Crane"],"campfire_rested":0,"item_purchase_floors":[2,11,11,23,23,39,39,39,39,39,39,46,46],"current_hp_per_floor":[70,70,63,63,63,63,63,45,45,45,45,45,45,45,45,43,65,65,65,53,44,44,44,44,58,58,45,45,39,39,39,39,39,39,39,39,39,39,46,46,46,48,48,48,48,48,48,48,48,48],"gold":30,"neow_bonus":"THREE_ENEMY_KILL","is_prod":false,"is_daily":false,"chose_seed":false,"campfire_upgraded":10,"win_rate":0,"timestamp":1549854748,"path_taken":["M","$","?","M","?","E","R","E","T","R","?","?","R","M","R","BOSS","M","?","?","M","?","$","R","?","T","M","?","?","R","M","R","BOSS","M","?","?","?","$","R","M","M","T","?","M","$","R","M","R","BOSS"],"build_version":"2019-01-23","purchased_purges":1,"victory":true,"max_hp_per_floor":[70,70,70,70,65,65,65,65,65,65,65,65,65,65,65,65,65,65,65,65,65,65,65,65,79,79,79,79,39,39,39,39,39,39,39,39,39,39,46,46,46,48,48,48,48,48,48,48,48,48],"card_choices":[{"not_picked":["Prepared","Choke"],"picked":"Cloak And Dagger","floor":1.0},{"not_picked":["Flechettes","Backflip"],"picked":"Caltrops","floor":4.0},{"not_picked":["Poisoned Stab","Outmaneuver","Riddle With Holes"],"picked":"SKIP","floor":6.0},{"not_picked":["Acrobatics","Tactician"],"picked":"Accuracy","floor":8.0},{"not_picked":["Blade Dance","Heel Hook"],"picked":"Cloak And Dagger","floor":12.0},{"not_picked":["Endless Agony","Sucker Punch","Prepared"],"picked":"SKIP","floor":14.0},{"not_picked":["Phantasmal Killer","Doppelganger"],"picked":"Night Terror","floor":16.0},{"not_picked":["Skewer","PiercingWail"],"picked":"Well Laid Plans","floor":18.0},{"not_picked":["Outmaneuver+1","Acrobatics","Dagger Throw"],"picked":"SKIP","floor":20},{"not_picked":["Deadly Poison","Outmaneuver"],"picked":"Deflect","floor":21},{"not_picked":["Dagger Throw","Prepared"],"picked":"Blade Dance+1","floor":25},{"not_picked":["Bane","Skewer"],"picked":"Blur","floor":27},{"not_picked":["Predator","Acrobatics"],"picked":"Dodge and Roll","floor":31},{"not_picked":["Doppelganger","A Thousand Cuts"],"picked":"After Image","floor":33},{"not_picked":["Dagger Throw+1","Flying Knee","Outmaneuver+1"],"picked":"SKIP","floor":35},{"not_picked":["Backflip+1","Wraith Form v2"],"picked":"Infinite Blades+1","floor":36},{"not_picked":["Acrobatics+1","Reflex+1"],"picked":"Leg Sweep+1","floor":41},{"not_picked":["Dagger Throw","Masterful Stab+1","Poisoned Stab"],"picked":"Singing Bowl","floor":42},{"not_picked":["Bouncing Flask","Dodge and Roll+1"],"picked":"Cloak And Dagger+1","floor":45},{"not_picked":["Endless Agony+1","Masterful Stab"],"picked":"Glass Knife","floor":48}],"player_experience":774274,"relics_obtained":[{"floor":6.0,"key":"Omamori"},{"floor":8.0,"key":"Lantern"},{"floor":9.0,"key":"Pen Nib"},{"floor":25,"key":"Mango"},{"floor":25,"key":"Kunai"},{"floor":26,"key":"Vajra"},{"floor":36,"key":"Peace Pipe"},{"floor":43,"key":"Potion Belt"},{"floor":44,"key":"FossilizedHelix"}],"event_choices":[{"cards_removed":["Defend_G"],"damage_healed":0.0,"max_hp_gain":0.0,"max_hp_loss":0.0,"gold_gain":0.0,"event_name":"Golden Wing","player_choice":"Card Removal","floor":3.0,"gold_loss":0.0,"damage_taken":7.0},{"damage_healed":0.0,"max_hp_gain":0.0,"max_hp_loss":5.0,"gold_gain":0.0,"event_name":"Golden Idol","player_choice":"Lose Max HP","floor":5.0,"gold_loss":0.0,"damage_taken":0.0,"relics_obtained":["Golden Idol"]},{"damage_healed":0.0,"max_hp_gain":0.0,"max_hp_loss":0.0,"gold_gain":0.0,"event_name":"WeMeetAgain","player_choice":"Gave Potion","floor":19.0,"gold_loss":0.0,"damage_taken":0.0,"relics_obtained":["Incense Burner"]},{"damage_healed":0,"gold_gain":0,"player_choice":"Simplicity","damage_taken":0,"max_hp_gain":0,"max_hp_loss":0,"event_name":"Back to Basics","floor":22,"gold_loss":0,"cards_upgraded":["Defend_G","Defend_G","Defend_G","Defend_G","Strike_G","Strike_G","Strike_G","Strike_G"]},{"damage_healed":0,"gold_gain":0,"player_choice":"Fight","damage_taken":0,"max_hp_gain":0,"max_hp_loss":0,"event_name":"Colosseum","floor":25,"gold_loss":0},{"damage_healed":0,"gold_gain":0,"player_choice":"Fought Nobs","damage_taken":0,"max_hp_gain":0,"max_hp_loss":0,"event_name":"Colosseum","floor":25,"gold_loss":0},{"damage_healed":0,"gold_gain":0,"player_choice":"Gave Idol","damage_taken":0,"relics_obtained":["Bloody Idol"],"max_hp_gain":0,"max_hp_loss":0,"event_name":"Forgotten Altar","floor":28,"relics_lost":["Golden Idol"],"gold_loss":0},{"damage_healed":0,"gold_gain":0,"player_choice":"Became a Ghost","damage_taken":0,"max_hp_gain":0,"max_hp_loss":40,"event_name":"Ghosts","floor":29,"gold_loss":0,"cards_obtained":["Ghostly","Ghostly","Ghostly","Ghostly","Ghostly"]},{"damage_healed":0,"gold_gain":0,"player_choice":"Fight","damage_taken":0,"max_hp_gain":0,"max_hp_loss":0,"event_name":"Mysterious Sphere","floor":36,"gold_loss":0},{"damage_healed":0,"gold_gain":999,"player_choice":"Gold","damage_taken":0,"max_hp_gain":0,"max_hp_loss":0,"event_name":"MindBloom","floor":37,"gold_loss":0,"cards_obtained":["Normality","Normality"]},{"damage_healed":0,"gold_gain":0,"player_choice":"Ignored","damage_taken":0,"max_hp_gain":0,"max_hp_loss":0,"event_name":"Tomb of Lord Red Mask","floor":38,"gold_loss":0}],"is_beta":false,"boss_relics":[{"not_picked":["Eternal Feather","Lizard Tail"],"picked":"Coffee Dripper"},{"not_picked":["Calling Bell","WristBlade"],"picked":"Ring of the Serpent"}],"items_purged_floors":[2],"is_endless":false,"potions_floor_spawned":[4,8,12,21,25,31,41,45],"ascension_level":0}