{"gold_per_floor":[19,19,29,48,66,98,98,128,128,128,146,160,172,201,201,277,277,291,390,410,410,410,410,48,59,86,86,102,117,117,130,130,204,204,219,30,30,30,130,130,148,148,171,184,184],"floor_reached":45,"playtime":2265,"items_purged":["Strike_R+1"],"score":743,"play_id":"34683df0-9a05-4c44-b7d5-2eec7c65d2e5","local_time":"20190116193850","is_ascension_mode":true,"campfire_choices":[{"floor":7,"key":"REST"},{"floor":10,"key":"REST"},{"floor":15,"key":"REST"},{"data":"True Grit","floor":23,"key":"SMITH"},{"floor":27,"key":"REST"},{"data":"Armaments","floor":30,"key":"SMITH"},{"floor":32,"key":"REST"},{"floor":40,"key":"REST"},{"floor":42,"key":"RECALL"}],"neow_cost":"NO_GOLD","seed_source_timestamp":661249508106860,"circlet_count":0,"master_deck":["AscendersBane","Defend_R+1","Defend_R+1","Defend_R+1","Defend_R+1","Bash","Seeing Red","Pommel Strike","Armaments","Uppercut","Pommel Strike","Disarm","Rage","Body Slam+1","True Grit+1","Demon Form","Armaments+1","Anger+1","Feed+1","Sword Boomerang+1","Metallicize+1","Metallicize+1","Body Slam+1","Twin Strike+1","Barricade+1","Demon Form+1","Body Slam+1","Magnetism+1","Blind","Intimidate+1","Sword Boomerang+1"],"relics":["Burning Blood","Molten Egg 2","Pen Nib","Question Card","Mercury Hourglass","Empty Cage","Frozen Egg 2","Centennial Puzzle","Philosopher\u0027s Stone"],"potions_floor_usage":[6,14,14,25,31,31,35],"damage_taken":[{"damage":1,"enemies":"Cultist","floor":1,"turns":3},{"damage":4,"enemies":"Small Slimes","floor":3,"turns":4},{"damage":2,"enemies":"2 Louse","floor":4,"turns":3},{"damage":26,"enemies":"Exordium Thugs","floor":5,"turns":4},{"damage":28,"enemies":"Gremlin Nob","floor":6,"turns":4},{"damage":37,"enemies":"3 Sentries","floor":8,"turns":11},{"damage":14,"enemies":"Blue Slaver","floor":11,"turns":3},{"damage":3,"enemies":"Red Slaver","floor":12,"turns":4},{"damage":17,"enemies":"Lots of Slimes","floor":13,"turns":6},{"damage":26,"enemies":"Gremlin Nob","floor":14,"turns":5},{"damage":21,"enemies":"Hexaghost","floor":16,"turns":10},{"damage":9,"enemies":"Chosen","floor":18,"turns":5},{"damage":21,"enemies":"Spheric Guardian","floor":20,"turns":5},{"damage":10,"enemies":"Chosen and Byrds","floor":25,"turns":8},{"damage":28,"enemies":"Snecko","floor":28,"turns":6},{"damage":0,"enemies":"Centurion and Healer","floor":29,"turns":7},{"damage":15,"enemies":"Chosen and Byrds","floor":31,"turns":6},{"damage":48,"enemies":"Collector","floor":33,"turns":9},{"damage":53,"enemies":"3 Darklings","floor":35,"turns":6},{"damage":7,"enemies":"Orb Walker","floor":41,"turns":3},{"damage":27,"enemies":"Sphere and 2 Shapes","floor":44,"turns":5},{"damage":31,"enemies":"Giant Head","floor":45,"turns":6}],"seed_played":"-5576075316167877871","potions_obtained":[{"floor":1,"key":"Fire Potion"},{"floor":2,"key":"Ancient Potion"},{"floor":8,"key":"SpeedPotion"},{"floor":13,"key":"AttackPotion"},{"floor":16,"key":"Fire Potion"},{"floor":18,"key":"SteroidPotion"},{"floor":28,"key":"Weak Potion"},{"floor":33,"key":"SpeedPotion"},{"floor":35,"key":"SneckoOil"}],"is_trial":false,"path_per_floor":["M","?","M","M","M","E","R","E","T","R","M","M","M","E","R","B",null,"M","?","M","?","?","R","$","M","T","R","M","M","R","M","R","B",null,"M","$","?","$","?","R","M","R","T","M","E"],"character_chosen":"IRONCLAD","items_purchased":["Frozen Egg 2","Metallicize+1","Magnetism+1"],"campfire_rested":6,"item_purchase_floors":[24,24,36],"current_hp_per_floor":[73,73,75,75,55,33,55,24,24,46,38,41,30,10,32,17,61,58,58,43,43,43,43,43,39,39,61,39,49,49,40,63,21,65,22,22,22,22,22,46,45,45,45,24,0],"gold":184,"neow_bonus":"TRANSFORM_TWO_CARDS","is_prod":false,"is_daily":false,"chose_seed":false,"campfire_upgraded":2,"win_rate":0,"timestamp":1547685530,"path_taken":["M","?","M","M","?","E","R","E","T","R","M","M","M","E","R","BOSS","M","?","M","?","?","R","$","M","T","R","M","M","R","M","R","BOSS","M","$","?","$","?","R","M","R","T","M","E"],"build_version":"2019-01-10","purchased_purges":1,"victory":false,"max_hp_per_floor":[75,75,75,75,75,75,75,75,75,75,75,75,75,75,75,75,75,75,75,75,75,75,75,75,75,75,75,75,79,79,79,79,79,79,83,83,83,83,83,83,83,83,83,83,83],"card_choices":[{"not_picked":["Combust","Iron Wave"],"picked":"Armaments","floor":1},{"not_picked":["Flex","Armaments"],"picked":"Uppercut","floor":3},{"not_picked":["Clash","Body Slam"],"picked":"Pommel Strike","floor":4},{"not_picked":["Cleave","Headbutt"],"picked":"Disarm","floor":5},{"not_picked":["Clothesline","Iron Wave"],"picked":"Rage","floor":6},{"not_picked":["Hemokinesis+1","Wild Strike+1"],"picked":"Body Slam+1","floor":8},{"not_picked":["Combust","Warcry","Havoc"],"picked":"True Grit","floor":11},{"not_picked":["Havoc","Spot Weakness","Infernal Blade"],"picked":"Demon Form","floor":12},{"not_picked":["Sentinel","Cleave+1","Twin Strike+1"],"picked":"Armaments","floor":13},{"not_picked":["Searing Blow+1","Seeing Red","Brutality"],"picked":"Anger+1","floor":14},{"not_picked":["Offering","Double Tap","Exhume"],"picked":"Feed+1","floor":16},{"not_picked":["Spot Weakness","Intimidate","Uppercut+1"],"picked":"Sword Boomerang+1","floor":18},{"not_picked":["Blood for Blood+1","Searing Blow+1","Perfected Strike+1"],"picked":"Metallicize+1","floor":20},{"not_picked":["Heavy Blade+1","Clash+1","Flex"],"picked":"Body Slam+1","floor":25},{"not_picked":["Flex","Warcry+1","Sentinel","Clothesline+1"],"picked":"SKIP","floor":28},{"not_picked":["Clash+1","Anger+1","Armaments"],"picked":"Twin Strike+1","floor":29},{"not_picked":["Iron Wave+1","Anger+1","Sword Boomerang+1"],"picked":"Barricade+1","floor":31},{"not_picked":["Feed+1","Exhume","Berserk+1"],"picked":"Demon Form+1","floor":33},{"not_picked":["Pommel Strike+1","Clothesline+1","Evolve+1"],"picked":"Body Slam+1","floor":35},{"not_picked":["Discovery","Deep Breath","Impatience"],"picked":"Blind","floor":37},{"not_picked":["Power Through","Blood for Blood+1","True Grit"],"picked":"Intimidate+1","floor":41},{"not_picked":["Rupture+1","Bloodletting+1","Clash+1"],"picked":"Sword Boomerang+1","floor":44}],"player_experience":2135420,"relics_obtained":[{"floor":6,"key":"Molten Egg 2"},{"floor":8,"key":"Pen Nib"},{"floor":9,"key":"Question Card"},{"floor":14,"key":"Mercury Hourglass"},{"floor":26,"key":"Centennial Puzzle"}],"event_choices":[{"damage_healed":0,"gold_gain":0,"player_choice":"Got Potions","damage_taken":0,"max_hp_gain":0,"max_hp_loss":0,"event_name":"Lab","floor":2,"gold_loss":0},{"damage_healed":0,"gold_gain":99,"player_choice":"Stole From Cult","damage_taken":0,"max_hp_gain":0,"max_hp_loss":0,"event_name":"Nest","floor":19,"gold_loss":0},{"damage_healed":0,"gold_gain":0,"player_choice":"Simplicity","damage_taken":0,"max_hp_gain":0,"max_hp_loss":0,"event_name":"Back to Basics","floor":21,"gold_loss":0,"cards_upgraded":["Strike_R","Defend_R","Defend_R","Defend_R","Defend_R"]},{"damage_healed":0,"gold_gain":0,"player_choice":"Ignored","damage_taken":0,"max_hp_gain":0,"max_hp_loss":0,"event_name":"Ghosts","floor":22,"gold_loss":0},{"damage_healed":0,"gold_gain":0,"player_choice":"Memory 1","damage_taken":0,"max_hp_gain":0,"max_hp_loss":0,"event_name":"SensoryStone","floor":37,"gold_loss":0},{"damage_healed":0,"gold_gain":100,"player_choice":"Pray","damage_taken":0,"max_hp_gain":0,"max_hp_loss":0,"event_name":"Golden Shrine","floor":39,"gold_loss":0}],"is_beta":false,"boss_relics":[{"not_picked":["Orrery","Black Star"],"picked":"Empty Cage"},{"not_picked":["White Beast Statue","Tiny House"],"picked":"Philosopher\u0027s Stone"}],"items_purged_floors":[24],"is_endless":false,"potions_floor_spawned":[1,4,8,13,16,18,28,33,35],"killed_by":"Giant Head","ascension_level":14}