{"gold_per_floor":[114,131,142,142,160,160,175,175,200,231,243,243,253,271,271,271],"floor_reached":16,"playtime":592,"items_purged":[],"score":186,"play_id":"6faf6eeb-536d-4690-8ce0-79941f10c8f4","local_time":"20190121184815","is_ascension_mode":true,"campfire_choices":[{"data":"Neutralize","floor":6,"key":"SMITH"},{"floor":8,"key":"REST"},{"floor":15,"key":"REST"}],"neow_cost":"NONE","seed_source_timestamp":1447228284614252,"circlet_count":0,"master_deck":["AscendersBane","Defend_G+1","Defend_G+1","Defend_G","Defend_G","Strike_G","Strike_G","Strike_G","Survivor","Neutralize+1","Phantasmal Killer+1","Storm of Steel+1","Noxious Fumes+1","Footwork","Dagger Spray","PiercingWail","Masterful Stab","Blur","Malaise","Cloak And Dagger"],"relics":["Astrolabe","Vajra","PreservedInsect","Strawberry","War Paint"],"potions_floor_usage":[3,10],"damage_taken":[{"damage":6,"enemies":"Cultist","floor":1,"turns":5},{"damage":6,"enemies":"2 Louse","floor":2,"turns":4},{"damage":7,"enemies":"Jaw Worm","floor":3,"turns":2},{"damage":0,"enemies":"3 Louse","floor":5,"turns":2},{"damage":6,"enemies":"Red Slaver","floor":7,"turns":3},{"damage":17,"enemies":"Lagavulin","floor":10,"turns":6},{"damage":15,"enemies":"Lots of Slimes","floor":11,"turns":2},{"damage":7,"enemies":"Looter","floor":13,"turns":4},{"damage":8,"enemies":"3 Louse","floor":14,"turns":2},{"damage":44,"enemies":"Slime Boss","floor":16,"turns":8}],"seed_played":"3835985217518302125","potions_obtained":[{"floor":1,"key":"FearPotion"},{"floor":2,"key":"Poison Potion"},{"floor":5,"key":"FairyPotion"}],"is_trial":false,"path_per_floor":["M","M","M","T","M","R","M","R","T","E","M","?","M","M","R","B"],"character_chosen":"THE_SILENT","items_purchased":[],"campfire_rested":2,"item_purchase_floors":[],"current_hp_per_floor":[53,47,40,40,40,40,34,53,53,43,28,28,21,13,34,0],"gold":271,"neow_bonus":"BOSS_RELIC","is_prod":false,"is_daily":false,"chose_seed":false,"campfire_upgraded":1,"win_rate":0,"timestamp":1548064095,"path_taken":["M","?","M","?","M","R","M","R","T","E","M","?","M","M","R","BOSS"],"build_version":"2019-01-17v2","purchased_purges":0,"victory":false,"max_hp_per_floor":[66,66,66,66,66,66,66,66,66,73,73,73,73,73,73,73],"card_choices":[{"not_picked":["Distraction","Underhanded Strike"],"picked":"Footwork","floor":1},{"not_picked":["Poisoned Stab","Flying Knee"],"picked":"Dagger Spray","floor":2},{"not_picked":["Flying Knee","Bane"],"picked":"PiercingWail","floor":3},{"not_picked":["Endless Agony","Flying Knee"],"picked":"Masterful Stab","floor":5},{"not_picked":["Blade Dance","Flying Knee"],"picked":"Blur","floor":7},{"not_picked":["Backstab","Bane"],"picked":"Malaise","floor":10},{"not_picked":["Quick Slash","Outmaneuver","Bane"],"picked":"SKIP","floor":11},{"not_picked":["Slice","Finisher"],"picked":"Cloak And Dagger","floor":13},{"not_picked":["Quick Slash","Backflip","Deflect"],"picked":"SKIP","floor":14}],"player_experience":420041,"relics_obtained":[{"floor":4,"key":"Vajra"},{"floor":9,"key":"PreservedInsect"},{"floor":10,"key":"Strawberry"}],"event_choices":[{"damage_healed":0,"gold_gain":0,"player_choice":"Gave Potion","damage_taken":0,"relics_obtained":["War Paint"],"max_hp_gain":0,"max_hp_loss":0,"event_name":"WeMeetAgain","floor":12,"gold_loss":0}],"is_beta":false,"boss_relics":[],"items_purged_floors":[],"is_endless":false,"potions_floor_spawned":[1,2,5],"killed_by":"Slime Boss","ascension_level":15}