{"gold_per_floor":[211,211,211,161,161,161,179,179,179,192,208,12,35,8,8,131,131,149,163,163,27,73,73,113,113,113,113,133,48,72,120,120,273,273,319,357,233,282,615,615,625,625,651,663,682,682],"floor_reached":46,"playtime":2411,"items_purged":["Strike_G","Strike_G"],"score":457,"play_id":"a198c9ad-941c-44a3-a8f5-0624bebce4c5","local_time":"20181219212653","is_ascension_mode":false,"campfire_choices":[{"data":"Neutralize","floor":6.0,"key":"SMITH"},{"data":"Endless Agony","floor":8.0,"key":"SMITH"},{"data":"Cloak And Dagger","floor":15.0,"key":"SMITH"},{"data":"A Thousand Cuts","floor":23.0,"key":"SMITH"},{"data":"Blade Dance","floor":25.0,"key":"SMITH"},{"data":"Survivor","floor":27.0,"key":"SMITH"},{"floor":32,"key":"REST"},{"data":"Burst","floor":40,"key":"SMITH"},{"floor":42,"key":"REST"}],"neow_cost":"NONE","seed_source_timestamp":1798921717139226,"circlet_count":0,"master_deck":["Defend_G","Defend_G","Defend_G","Defend_G","Defend_G","Strike_G","Survivor+1","Neutralize+1","Endless Agony+1","Sucker Punch+1","Dagger Throw+1","Flying Knee+1","Cloak And Dagger+1","A Thousand Cuts+1","Flying Knee+1","Dash+1","HandOfGreed+1","Blade Dance+1","Burst+1","Blur","Dodge and Roll+1","Blade Dance","Infinite Blades+1","Finisher+1"],"special_seed":0,"relics":["Ring of the Serpent","Molten Egg 2","Ninja Scroll","Membership Card","Mummified Hand","Paper Crane","The Specimen","Omamori","Art of War"],"potions_floor_usage":[31,33,33,38,38,46,46],"damage_taken":[{"damage":0.0,"enemies":"2 Louse","floor":1.0,"turns":3.0},{"damage":0.0,"enemies":"Small Slimes","floor":7.0,"turns":3.0},{"damage":3.0,"enemies":"Jaw Worm","floor":10.0,"turns":2.0},{"damage":0.0,"enemies":"Red Slaver","floor":11.0,"turns":3.0},{"damage":0.0,"enemies":"Gremlin Gang","floor":13.0,"turns":4.0},{"damage":36.0,"enemies":"The Guardian","floor":16.0,"turns":13.0},{"damage":4.0,"enemies":"2 Thieves","floor":18.0,"turns":3.0},{"damage":3.0,"enemies":"Shell Parasite","floor":19.0,"turns":4.0},{"damage":6.0,"enemies":"Centurion and Healer","floor":22.0,"turns":6.0},{"damage":16.0,"enemies":"Gremlin Leader","floor":24.0,"turns":7.0},{"damage":22.0,"enemies":"Snecko","floor":28.0,"turns":4.0},{"damage":0,"enemies":"Cultist and Chosen","floor":31,"turns":4},{"damage":20,"enemies":"Collector","floor":33,"turns":11},{"damage":11,"enemies":"3 Darklings","floor":35,"turns":4},{"damage":0,"enemies":"3 Shapes","floor":36,"turns":5},{"damage":0,"enemies":"Jaw Worm Horde","floor":38,"turns":5},{"damage":56,"enemies":"Maw","floor":41,"turns":10},{"damage":6,"enemies":"Transient","floor":44,"turns":5},{"damage":15,"enemies":"4 Shapes","floor":45,"turns":5},{"damage":4,"enemies":"Spire Growth","floor":46,"turns":3}],"seed_played":"2124755999324595332","potions_obtained":[{"floor":1.0,"key":"Fire Potion"},{"floor":7.0,"key":"Explosive Potion"},{"floor":13.0,"key":"Poison Potion"},{"floor":28.0,"key":"SteroidPotion"},{"floor":31,"key":"Dexterity Potion"},{"floor":33,"key":"LiquidBronze"},{"floor":36,"key":"SteroidPotion"},{"floor":44,"key":"LiquidBronze"}],"is_trial":false,"path_per_floor":["M","?","?","?","?","R","M","R","T","M","M","$","M","$","R","B",null,"M","M","?","$","M","R","E","R","T","R","M","?","T","M","R","B",null,"M","M","$","M","?","R","M","R","T","M","M","M"],"character_chosen":"THE_SILENT","items_purchased":["Membership Card","Cloak And Dagger","HandOfGreed+1","Strength Potion","SteroidPotion","Blade Dance"],"campfire_rested":2,"item_purchase_floors":[12,14,21,37,37,37],"current_hp_per_floor":[70,53,53,53,50,50,50,50,50,47,47,47,47,47,47,11,70,66,63,63,63,57,57,41,41,41,41,19,19,19,19,40,20,70,59,59,59,59,59,59,3,24,24,18,3,0],"gold":682,"neow_bonus":"HUNDRED_GOLD","is_prod":false,"is_daily":false,"chose_seed":false,"campfire_upgraded":7,"win_rate":0,"timestamp":1545222413,"path_taken":["M","?","?","?","?","R","?","R","T","M","M","?","?","$","R","BOSS","M","M","?","$","M","R","E","R","T","R","M","?","?","M","R","BOSS","M","M","$","M","?","R","M","R","T","M","M","M"],"build_version":"2018-12-13","purchased_purges":2,"victory":false,"max_hp_per_floor":[70,70,70,70,70,70,70,70,70,70,70,70,70,70,70,70,70,70,70,70,70,70,70,70,70,70,70,70,70,70,70,70,70,70,70,70,70,70,70,70,70,70,70,70,70,70],"card_choices":[{"not_picked":["Flechettes","Flying Knee","Concentrate"],"picked":"SKIP","floor":1.0},{"not_picked":["Catalyst","Backflip"],"picked":"Sucker Punch+1","floor":7.0},{"not_picked":["Backflip","Prepared","Well Laid Plans"],"picked":"SKIP","floor":10.0},{"not_picked":["Prepared","Deflect"],"picked":"Dagger Throw+1","floor":11.0},{"not_picked":["Prepared","Sucker Punch+1"],"picked":"Flying Knee+1","floor":13.0},{"not_picked":["Bullet Time","Doppelganger"],"picked":"A Thousand Cuts","floor":16.0},{"not_picked":["Skewer+1","Quick Slash+1"],"picked":"Flying Knee+1","floor":18.0},{"not_picked":["Flying Knee+1","Slice+1","Riddle With Holes+1"],"picked":"SKIP","floor":19.0},{"not_picked":["Backflip","Quick Slash+1"],"picked":"Blade Dance","floor":22.0},{"not_picked":["Underhanded Strike+1","Quick Slash+1","Glass Knife+1"],"picked":"SKIP","floor":24.0},{"not_picked":["Calculated Gamble+1","Expertise+1","Deflect"],"picked":"SKIP","floor":28.0},{"not_picked":["Acrobatics","Quick Slash+1","Riddle With Holes+1"],"picked":"SKIP","floor":31},{"not_picked":["Adrenaline","Doppelganger"],"picked":"Burst","floor":33},{"not_picked":["Catalyst","Dagger Throw+1"],"picked":"Blur","floor":35},{"not_picked":["Quick Slash+1","Outmaneuver"],"picked":"Dodge and Roll+1","floor":36},{"not_picked":["Blade Dance","Sucker Punch+1"],"picked":"Infinite Blades+1","floor":38},{"not_picked":["Backstab+1","Sucker Punch+1","Reflex+1"],"picked":"SKIP","floor":41},{"not_picked":["Backflip","Dodge and Roll+1"],"picked":"Finisher+1","floor":44},{"not_picked":["Concentrate+1","Setup","Predator+1"],"picked":"SKIP","floor":45}],"player_experience":220739,"relics_obtained":[{"floor":9.0,"key":"Ninja Scroll"},{"floor":24.0,"key":"Mummified Hand"},{"floor":26.0,"key":"Paper Crane"},{"floor":30.0,"key":"Omamori"},{"floor":43,"key":"Art of War"}],"event_choices":[{"damage_healed":0.0,"max_hp_gain":0.0,"max_hp_loss":0.0,"gold_gain":0.0,"event_name":"Golden Idol","player_choice":"Take Damage","floor":2.0,"gold_loss":0.0,"damage_taken":17.0,"relics_obtained":["Golden Idol"]},{"damage_healed":0.0,"max_hp_gain":0.0,"max_hp_loss":0.0,"gold_gain":0.0,"cards_transformed":["Strike_G"],"event_name":"Living Wall","player_choice":"Change","floor":3.0,"gold_loss":0.0,"damage_taken":0.0,"cards_obtained":["Endless Agony"]},{"cards_removed":["Strike_G"],"damage_healed":0.0,"max_hp_gain":0.0,"max_hp_loss":0.0,"gold_gain":0.0,"event_name":"The Cleric","player_choice":"Card Removal","floor":4.0,"gold_loss":50.0,"damage_taken":0.0},{"damage_healed":0.0,"max_hp_gain":0.0,"max_hp_loss":0.0,"gold_gain":0.0,"event_name":"Scrap Ooze","player_choice":"Success","floor":5.0,"gold_loss":0.0,"damage_taken":3.0,"relics_obtained":["Molten Egg 2"]},{"damage_healed":0.0,"max_hp_gain":0.0,"max_hp_loss":0.0,"gold_gain":0.0,"event_name":"The Library","player_choice":"Read","floor":20.0,"gold_loss":0.0,"damage_taken":0.0,"cards_obtained":["Dash"]},{"damage_healed":0.0,"max_hp_gain":0.0,"max_hp_loss":0.0,"gold_gain":0.0,"event_name":"Addict","player_choice":"Obtained Relic","floor":29.0,"gold_loss":85.0,"damage_taken":0.0,"relics_obtained":["The Specimen"]},{"damage_healed":0,"gold_gain":333,"player_choice":"Gave Idol","damage_taken":0,"max_hp_gain":0,"max_hp_loss":0,"event_name":"The Moai Head","floor":39,"relics_lost":["Golden Idol"],"gold_loss":0}],"is_beta":false,"boss_relics":[{"not_picked":["Sozu","Snecko Eye","Runic Pyramid"]},{"not_picked":["Velvet Choker","White Beast Statue"],"picked":"Ring of the Serpent"}],"items_purged_floors":[21,37],"is_endless":false,"potions_floor_spawned":[1,7,13,28,31,33,36,44],"killed_by":"Spire Growth","ascension_level":0}