{"gold_per_floor":[113,133,148,148,164,183,183,196,196,213,227,227,238,249,249,353,353,365,378,41,41],"floor_reached":21,"playtime":919,"items_purged":["Strike_R"],"score":242,"play_id":"bafb69a9-6a56-490a-b333-256fbb9e9a6e","local_time":"20180720113958","is_ascension_mode":true,"campfire_choices":[{"data":"True Grit","floor":7,"key":"SMITH"},{"floor":12,"key":"REST"},{"floor":15,"key":"REST"}],"neow_cost":"NONE","seed_source_timestamp":564711614798838,"circlet_count":0,"master_deck":["Strike_R","Strike_R","Strike_R","Strike_R","Defend_R","Defend_R","Defend_R","Defend_R","Bash","Pummel","Flex","Havoc","Spot Weakness","True Grit+1","Rage","Pommel Strike","Barricade+1","Metallicize+1","Limit Break","Juggernaut+1","Thunderclap"],"relics":["Burning Blood","Vajra","Frozen Egg 2","Sozu","Bottled Tornado"],"potions_floor_usage":[16,16],"damage_taken":[{"damage":6,"enemies":"Cultist","floor":1,"turns":4},{"damage":7,"enemies":"Jaw Worm","floor":2,"turns":3},{"damage":7,"enemies":"Small Slimes","floor":3,"turns":2},{"damage":18,"enemies":"Exordium Thugs","floor":5,"turns":4},{"damage":17,"enemies":"Looter","floor":6,"turns":3},{"damage":16,"enemies":"Blue Slaver","floor":8,"turns":3},{"damage":5,"enemies":"2 Fungi Beasts","floor":10,"turns":5},{"damage":12,"enemies":"3 Louse","floor":11,"turns":3},{"damage":7,"enemies":"Exordium Wildlife","floor":13,"turns":3},{"damage":29,"enemies":"Large Slime","floor":14,"turns":5},{"damage":36,"enemies":"Hexaghost","floor":16,"turns":6},{"damage":52,"enemies":"2 Thieves","floor":18,"turns":4},{"damage":23,"enemies":"3 Byrds","floor":19,"turns":5},{"damage":13,"enemies":"3 Cultists","floor":21,"turns":4}],"seed_played":"-1732403271090976268","potions_obtained":[{"floor":6,"key":"Dexterity Potion"},{"floor":10,"key":"SteroidPotion"},{"floor":13,"key":"Ancient Potion"}],"is_trial":false,"path_per_floor":["M","M","M","?","M","M","R","M","T","M","M","R","M","M","R","B",null,"M","M","$"],"character_chosen":"IRONCLAD","items_purchased":["Bottled Tornado"],"campfire_rested":2,"item_purchase_floors":[20],"current_hp_per_floor":[72,71,70,75,63,52,52,42,42,43,37,62,61,38,63,33,72,26,9,9,0],"gold":41,"neow_bonus":"RANDOM_COMMON_RELIC","is_prod":false,"is_daily":false,"chose_seed":false,"campfire_upgraded":1,"win_rate":0,"timestamp":1532101198,"path_taken":["M","M","M","?","M","M","R","?","T","M","M","R","M","M","R","BOSS","M","M","$","M"],"build_version":"2018-07-12","purchased_purges":1,"victory":false,"max_hp_per_floor":[80,80,80,85,85,85,85,85,85,85,85,85,85,85,85,85,85,85,85,85,85],"card_choices":[{"not_picked":["Wild Strike","Warcry"],"picked":"Pummel","floor":1},{"not_picked":["Hemokinesis","Searing Blow"],"picked":"Flex","floor":2},{"not_picked":["Clash","Rampage"],"picked":"Havoc","floor":3},{"not_picked":["Perfected Strike","Blood for Blood"],"picked":"Spot Weakness","floor":5},{"not_picked":["Perfected Strike","Hemokinesis"],"picked":"True Grit","floor":6},{"not_picked":["Evolve","Cleave"],"picked":"Rage","floor":8},{"not_picked":["Armaments","Sword Boomerang"],"picked":"Pommel Strike","floor":10},{"not_picked":["Pommel Strike","Anger"],"picked":"Barricade+1","floor":11},{"not_picked":["Pommel Strike","Havoc"],"picked":"Metallicize+1","floor":13},{"not_picked":["Cleave","True Grit"],"picked":"Limit Break","floor":14},{"not_picked":["Fiend Fire","Immolate"],"picked":"Juggernaut+1","floor":16},{"not_picked":["Clash+1","Dropkick","Uppercut"],"picked":"SKIP","floor":18},{"not_picked":["Twin Strike+1","Perfected Strike+1"],"picked":"Thunderclap","floor":19}],"player_experience":1186965,"relics_obtained":[{"floor":9,"key":"Frozen Egg 2"}],"event_choices":[{"event_name":"Big Fish","player_choice":"Donut","floor":4,"damage_taken":0}],"boss_relics":[{"not_picked":["Snecko Eye","Eternal Feather"],"picked":"Sozu"}],"items_purged_floors":[20],"is_endless":false,"potions_floor_spawned":[6,10,13,14],"killed_by":"3 Cultists","ascension_level":7}