{"gold_per_floor":[115,47,47,47,61,80,80,113,113,133,164,183,196,208,208,208],"floor_reached":16,"playtime":473,"items_purged":[],"score":114,"play_id":"d7e3b6d0-833d-4561-b4b6-f9a2808c3d85","local_time":"20180726185253","is_ascension_mode":false,"campfire_choices":[{"data":"Infinite Blades","floor":7,"key":"SMITH"},{"floor":15,"key":"REST"}],"neow_cost":"NONE","seed_source_timestamp":234069716212428,"circlet_count":0,"master_deck":["Defend_G","Defend_G","Defend_G+1","Defend_G","Defend_G","Strike_G","Strike_G+1","Strike_G","Strike_G+1","Strike_G","Survivor+1","Neutralize","Backstab","Infinite Blades+1","Regret","Masterful Stab","Crippling Poison","Burst","Slice","Venomology"],"relics":["WristBlade","Meat on the Bone","Whetstone","Frozen Egg 2","War Paint"],"potions_floor_usage":[8,11,16,16],"damage_taken":[{"damage":3,"enemies":"Jaw Worm","floor":1,"turns":4},{"damage":1,"enemies":"Cultist","floor":5,"turns":3},{"damage":7,"enemies":"Small Slimes","floor":6,"turns":4},{"damage":13,"enemies":"Gremlin Nob","floor":8,"turns":4},{"damage":10,"enemies":"Looter","floor":10,"turns":3},{"damage":25,"enemies":"3 Sentries","floor":11,"turns":9},{"damage":16,"enemies":"Large Slime","floor":12,"turns":4},{"damage":4,"enemies":"2 Fungi Beasts","floor":13,"turns":3},{"damage":5,"enemies":"Blue Slaver","floor":14,"turns":3},{"damage":59,"enemies":"The Guardian","floor":16,"turns":8}],"seed_played":"-8276797051955459817","potions_obtained":[{"floor":1,"key":"Explosive Potion"},{"floor":5,"key":"SneckoOil"},{"floor":10,"key":"Regen Potion"},{"floor":14,"key":"Fire Potion"}],"is_trial":false,"path_per_floor":["M","$","?","$","M","M","R","E","T","M","E","M","M","M","R"],"character_chosen":"THE_SILENT","items_purchased":["Infinite Blades"],"campfire_rested":1,"item_purchase_floors":[2],"current_hp_per_floor":[67,67,67,67,66,59,59,46,46,36,38,34,42,37,58,0],"gold":208,"neow_bonus":"BOSS_RELIC","is_prod":false,"is_daily":false,"chose_seed":false,"campfire_upgraded":1,"win_rate":0,"timestamp":1532596973,"path_taken":["M","$","?","$","?","M","R","E","T","?","E","M","M","M","R","BOSS"],"build_version":"2018-07-19v2","purchased_purges":0,"victory":false,"max_hp_per_floor":[70,70,70,70,70,70,70,70,70,70,70,70,70,70,70,70],"card_choices":[{"not_picked":["Deadly Poison","Cloak And Dagger"],"picked":"Backstab","floor":1},{"not_picked":["Sucker Punch","Underhanded Strike"],"picked":"Masterful Stab","floor":5},{"not_picked":["Leg Sweep","All Out Attack"],"picked":"Crippling Poison","floor":6},{"not_picked":["Predator","Tactician"],"picked":"Burst","floor":8},{"not_picked":["Prepared","Tactician","Dodge and Roll"],"picked":"SKIP","floor":10},{"not_picked":["Poisoned Stab","Dash"],"picked":"Slice","floor":11},{"not_picked":["Setup","Escape Plan","All Out Attack"],"picked":"SKIP","floor":12},{"not_picked":["Poisoned Stab","Quick Slash"],"picked":"Venomology","floor":13},{"not_picked":["Dagger Spray","Flying Knee","Riddle With Holes"],"picked":"SKIP","floor":14}],"player_experience":261054,"relics_obtained":[{"floor":8,"key":"Whetstone"},{"floor":9,"key":"Frozen Egg 2"},{"floor":11,"key":"War Paint"}],"event_choices":[{"event_name":"Big Fish","player_choice":"Box","floor":3,"damage_taken":0}],"is_beta":false,"boss_relics":[],"items_purged_floors":[],"is_endless":false,"potions_floor_spawned":[1,5,10,14],"killed_by":"The Guardian","ascension_level":0}