{"gold_per_floor":[117,117,136,211,211,211,246,265,265,44,61,79,79,99,99,203,203,203,203,203,203,203,203,203,203,203,181,181,181,2,2,2,2,2,2,2,2,2,2,2,2,2,2,2,2,2,2,2,2,2],"floor_reached":50,"playtime":2422,"items_purged":[],"score":731,"play_id":"51cc2de4-3b9c-4fcd-b086-c59152e2a9a9","local_time":"20180730141501","is_ascension_mode":true,"campfire_choices":[{"data":"Rage","floor":6,"key":"SMITH"},{"data":"Evolve","floor":13,"key":"SMITH"},{"data":"Clash","floor":15,"key":"SMITH"},{"floor":23,"key":"REST"},{"floor":32,"key":"REST"},{"data":"Havoc","floor":40,"key":"SMITH"},{"floor":44,"key":"REST"},{"data":"1","floor":46,"key":"LIFT"},{"floor":49,"key":"REST"}],"neow_cost":"NONE","seed_source_timestamp":418316721136597,"circlet_count":0,"master_deck":["Strike_R","Strike_R","Strike_R","Strike_R","Defend_R","Defend_R","Defend_R","Defend_R","Bash+1","Flex","Feel No Pain","Rage+1","Clash","Twin Strike","Clash+1","Iron Wave","Evolve+1","Pommel Strike","Juggernaut","Burning Pact","True Grit","Shrug It Off","Flame Barrier","Pummel","Battle Trance","Impervious","Writhe","Clumsy","Normality","Shrug It Off+1","Swift Strike","Havoc+1","Reaper","Flame Barrier+1"],"relics":["Burning Blood","NeowsBlessing","Kunai","Nunchaku","ClockworkSouvenir","Ectoplasm","Bronze Scales","Magic Flower","Meat on the Bone","Calling Bell","Omamori","The Courier","Turnip","Girya","Ornamental Fan"],"potions_floor_usage":[11,11,16,16,18,24,31,33,33,41],"damage_taken":[{"damage":0,"enemies":"Jaw Worm","floor":1,"turns":1},{"damage":0,"enemies":"Cultist","floor":3,"turns":1},{"damage":0,"enemies":"Lagavulin","floor":7,"turns":1},{"damage":0,"enemies":"2 Louse","floor":8,"turns":2},{"damage":25,"enemies":"Gremlin Gang","floor":11,"turns":4},{"damage":0,"enemies":"Large Slime","floor":12,"turns":5},{"damage":2,"enemies":"2 Fungi Beasts","floor":14,"turns":2},{"damage":19,"enemies":"The Guardian","floor":16,"turns":8},{"damage":23,"enemies":"Shell Parasite","floor":18,"turns":5},{"damage":19,"enemies":"3 Byrds","floor":19,"turns":5},{"damage":21,"enemies":"Slaver and Parasite","floor":22,"turns":4},{"damage":42,"enemies":"Book of Stabbing","floor":24,"turns":5},{"damage":5,"enemies":"Cultist and Chosen","floor":28,"turns":5},{"damage":19,"enemies":"Centurion and Healer","floor":31,"turns":6},{"damage":81,"enemies":"Collector","floor":33,"turns":13},{"damage":12,"enemies":"Flame Bruiser 1 Orb","floor":35,"turns":11},{"damage":8,"floor":36,"turns":9},{"damage":47,"enemies":"Orb Walker","floor":39,"turns":6},{"damage":43,"enemies":"Spire Growth","floor":41,"turns":5},{"damage":22,"enemies":"4 Shapes","floor":47,"turns":4},{"damage":37,"enemies":"3 Darklings","floor":48,"turns":7},{"damage":84,"enemies":"Time Eater","floor":50,"turns":8}],"seed_played":"-2189579473127876900","potions_obtained":[{"floor":7,"key":"Dexterity Potion"},{"floor":8,"key":"EntropicBrew"},{"floor":14,"key":"LiquidBronze"},{"floor":16,"key":"Energy Potion"},{"floor":22,"key":"Fire Potion"},{"floor":24,"key":"Energy Potion"},{"floor":39,"key":"Poison Potion"},{"floor":41,"key":"Swift Potion"}],"is_trial":false,"path_per_floor":["M","?","M","?","?","R","E","M","T","$","M","M","R","M","R","B",null,"M","M","?","?","M","R","E","?","T","$","M","?","$","M","R","B",null,"M","?","?","?","M","R","M","$","T","R","$","R","M","M","R"],"character_chosen":"IRONCLAD","items_purchased":["Clash","ClockworkSouvenir","Shrug It Off","Fruit Juice","Pummel"],"campfire_rested":4,"item_purchase_floors":[10,10,27,30,30],"current_hp_per_floor":[78,78,80,69,69,69,75,80,80,80,61,67,67,71,71,70,78,61,48,48,48,33,57,21,21,21,21,43,43,43,59,84,30,71,68,69,69,69,49,49,33,33,33,58,58,58,63,56,81,0],"gold":2,"neow_bonus":"THREE_ENEMY_KILL","is_prod":false,"is_daily":false,"chose_seed":false,"campfire_upgraded":4,"win_rate":0,"timestamp":1532974501,"path_taken":["M","?","?","?","?","R","E","M","T","$","M","M","R","?","R","BOSS","M","M","?","?","M","R","E","?","T","?","?","?","$","M","R","BOSS","M","?","?","?","?","R","M","$","T","R","?","R","M","M","R","BOSS"],"build_version":"2018-07-26","purchased_purges":0,"victory":false,"max_hp_per_floor":[80,80,80,80,80,80,80,80,80,80,80,80,80,80,80,80,80,80,80,80,80,80,80,80,80,80,80,80,80,80,85,85,85,85,85,85,85,85,85,85,85,85,85,85,85,85,85,85,85,85],"card_choices":[{"not_picked":["Intimidate","Anger"],"picked":"Flex","floor":1},{"not_picked":["Feel No Pain","Flame Barrier"],"picked":"Rage","floor":3},{"not_picked":["Bloodletting","Fiend Fire"],"picked":"Clash","floor":7},{"not_picked":["Cleave","Flex"],"picked":"Twin Strike","floor":8},{"not_picked":["Armaments","Body Slam"],"picked":"Iron Wave","floor":11},{"not_picked":["Shrug It Off","Corruption"],"picked":"Evolve","floor":12},{"not_picked":["Combust","Iron Wave"],"picked":"Pommel Strike","floor":14},{"not_picked":["Bludgeon","Offering"],"picked":"Juggernaut","floor":16},{"not_picked":["Sever Soul+1","Headbutt"],"picked":"Burning Pact","floor":18},{"not_picked":["Combust","Rampage","Corruption"],"picked":"SKIP","floor":19},{"not_picked":["Pommel Strike","Twin Strike+1"],"picked":"True Grit","floor":22},{"not_picked":["Bloodletting+1","Headbutt+1","Warcry"],"picked":"SKIP","floor":24},{"not_picked":["Body Slam","Heavy Blade+1"],"picked":"Flame Barrier","floor":28},{"not_picked":["Entrench","Twin Strike"],"picked":"Battle Trance","floor":31},{"not_picked":["Offering","Feed"],"picked":"Impervious","floor":33},{"not_picked":["Wild Strike+1","Infernal Blade"],"picked":"Shrug It Off+1","floor":35},{"not_picked":["Blind","Purity"],"picked":"Swift Strike","floor":37},{"not_picked":["Second Wind","Pommel Strike"],"picked":"Havoc","floor":39},{"not_picked":["Fire Breathing","Searing Blow+1","Pommel Strike+1"],"picked":"SKIP","floor":41},{"not_picked":["Iron Wave","Thunderclap+1"],"picked":"Reaper","floor":47},{"not_picked":["Pummel+1","Perfected Strike+1"],"picked":"Flame Barrier+1","floor":48}],"player_experience":1365682,"relics_obtained":[{"floor":7,"key":"Kunai"},{"floor":9,"key":"Nunchaku"},{"floor":24,"key":"Magic Flower"},{"floor":26,"key":"Meat on the Bone"},{"floor":34,"key":"Omamori"},{"floor":34,"key":"The Courier"},{"floor":34,"key":"Turnip"},{"floor":36,"key":"Girya"},{"floor":43,"key":"Ornamental Fan"}],"event_choices":[{"event_name":"Transmorgrifier","player_choice":"Transform","floor":2,"damage_taken":0},{"event_name":"World of Goop","player_choice":"Gather Gold","floor":4,"damage_taken":0},{"event_name":"Living Wall","player_choice":"Grow","floor":5,"damage_taken":0},{"event_name":"Ghosts","player_choice":"Ignored","floor":20,"damage_taken":0},{"event_name":"Wheel of Change","player_choice":"Relic","floor":21,"damage_taken":0},{"event_name":"Addict","player_choice":"Ignored","floor":25,"damage_taken":0},{"event_name":"Vampires","player_choice":"Ignored","floor":29,"damage_taken":0},{"event_name":"MindBloom","player_choice":"Fight","floor":36,"damage_taken":0},{"event_name":"SensoryStone","player_choice":"Memory 1","floor":37,"damage_taken":0},{"event_name":"Mysterious Sphere","player_choice":"Ignore","floor":38,"damage_taken":0}],"is_beta":false,"boss_relics":[{"not_picked":["Orrery","Lizard Tail"],"picked":"Ectoplasm"},{"not_picked":["Philosopher\u0027s Stone","Coffee Dripper"],"picked":"Calling Bell"}],"items_purged_floors":[],"is_endless":false,"potions_floor_spawned":[7,8,14,16,22,24,39,41],"killed_by":"Time Eater","ascension_level":9}