{"path_per_floor":["M","M","?","?","M","R","M","M","T","R","E","?","M","E","R","B",null,"M","$","M","?","M","R"],"character_chosen":"THE_SILENT","items_purchased":["Peace Pipe","Deadly Poison","Poisoned Stab","Noxious Fumes+1"],"gold_per_floor":[119,136,86,261,273,273,286,303,303,303,338,338,355,382,382,482,482,497,15,27,27,43,43,43],"floor_reached":24,"campfire_rested":0,"playtime":2044,"item_purchase_floors":[19,19,19,19],"current_hp_per_floor":[66,64,64,64,64,64,62,58,58,58,58,58,42,41,41,24,70,68,68,42,42,25,25,0],"items_purged":[],"gold":43,"score":268,"play_id":"8899661a-140a-4bea-9d20-0dfb344fc19b","local_time":"20180611123137","is_prod":false,"is_daily":false,"chose_seed":false,"is_ascension_mode":true,"campfire_upgraded":3,"win_rate":0,"timestamp":1528713097,"campfire_choices":[{"data":"Poisoned Stab","floor":6.0,"key":"SMITH"},{"data":"Dash","floor":10.0,"key":"SMITH"},{"data":"Sucker Punch","floor":15,"key":"SMITH"},{"data":"Doubt","floor":23,"key":"PURGE"}],"path_taken":["M","M","?","?","?","R","M","M","T","R","E","?","M","E","R","BOSS","M","$","M","?","M","R","E"],"build_version":"2018-06-08","seed_source_timestamp":824946694423457,"purchased_purges":0,"victory":false,"master_deck":["Defend_G","Defend_G","Defend_G","Defend_G","Strike_G","Strike_G","Strike_G","Strike_G","Survivor","Neutralize","Backflip","Poisoned Stab+1","Dash+1","Dagger Throw","Sucker Punch+1","Dodge and Roll","Masterful Stab","Underhanded Strike","Phantasmal Killer","Bullet Time","Deadly Poison","Poisoned Stab","Noxious Fumes+1","Deadly Poison","Bane"],"max_hp_per_floor":[70,70,70,70,70,70,70,70,70,70,70,70,70,70,70,70,70,70,70,70,70,70,70,70],"relics":["Velvet Choker","Torii","Frozen Egg 2","Girya","Cursed Key","Peace Pipe"],"card_choices":[{"not_picked":["Backflip","Deflect","Reflex"],"picked":"SKIP","floor":1.0},{"not_picked":["Deflect","Reflex"],"picked":"Backflip","floor":1.0},{"not_picked":["Dagger Throw","Cloak And Dagger"],"picked":"Poisoned Stab","floor":2.0},{"not_picked":["Choke","Masterful Stab"],"picked":"Dash","floor":5.0},{"not_picked":["Slice","Backstab"],"picked":"Dagger Throw","floor":7.0},{"not_picked":["Accuracy","Acrobatics"],"picked":"Sucker Punch","floor":8.0},{"not_picked":["Venomology","Outmaneuver"],"picked":"Dodge and Roll","floor":11.0},{"not_picked":["Well Laid Plans+1","Riddle With Holes"],"picked":"Underhanded Strike","floor":13.0},{"not_picked":["Well Laid Plans+1","Slice"],"picked":"Phantasmal Killer","floor":14},{"not_picked":["Night Terror","Envenom+1"],"picked":"Bullet Time","floor":16},{"not_picked":["Heel Hook","Flying Knee","PiercingWail"],"picked":"SKIP","floor":18},{"not_picked":["Dagger Spray","PiercingWail"],"picked":"Deadly Poison","floor":20},{"not_picked":["Quick Slash","Backstab+1"],"picked":"Bane","floor":22}],"player_experience":77609,"potions_floor_usage":[16,24,24],"damage_taken":[{"damage":4.0,"enemies":"Small Slimes","floor":1.0,"turns":4.0},{"damage":2.0,"enemies":"2 Louse","floor":2.0,"turns":3.0},{"damage":0.0,"enemies":"Cultist","floor":5.0,"turns":4.0},{"damage":2.0,"enemies":"Lots of Slimes","floor":7.0,"turns":5.0},{"damage":4.0,"enemies":"2 Fungi Beasts","floor":8.0,"turns":3.0},{"damage":0.0,"enemies":"Lagavulin","floor":11.0,"turns":6.0},{"damage":16.0,"enemies":"Exordium Thugs","floor":13.0,"turns":4.0},{"damage":1,"enemies":"3 Sentries","floor":14,"turns":5},{"damage":17,"enemies":"Slime Boss","floor":16,"turns":9},{"damage":2,"enemies":"3 Byrds","floor":18,"turns":6},{"damage":26,"enemies":"Spheric Guardian","floor":20,"turns":6},{"damage":17,"enemies":"3 Cultists","floor":22,"turns":5},{"damage":25,"enemies":"Gremlin Leader","floor":24,"turns":5}],"relics_obtained":[{"floor":9.0,"key":"Torii"},{"floor":11.0,"key":"Frozen Egg 2"},{"floor":14,"key":"Girya"}],"event_choices":[{"event_name":"The Cleric","player_choice":"Card Removal","floor":3.0,"damage_taken":0.0},{"event_name":"Liars Game","player_choice":"agreed","floor":4.0,"damage_taken":0.0},{"event_name":"Transmorgrifier","player_choice":"Transform","floor":12.0,"damage_taken":0.0},{"event_name":"N\u0027loth","player_choice":"Ignored","floor":21,"damage_taken":0}],"boss_relics":[{"not_picked":["Orrery","Philosopher\u0027s Stone"],"picked":"Cursed Key"}],"items_purged_floors":[],"potions_floor_spawned":[8,11,14,22],"seed_played":"7130314217114167576","killed_by":"Gremlin Leader","ascension_level":3,"potions_obtained":[{"floor":8.0,"key":"Block Potion"},{"floor":11.0,"key":"Swift Potion"},{"floor":14,"key":"Strength Potion"},{"floor":22,"key":"Weak Potion"}],"is_trial":false}