{"gold_per_floor":[111,128,138,138,38,63,63,75,75,92,121,181,194,210,210,305,305,318,328,328,346,346,346,359,359,406,441,441,456,491,269,269,373,373,386,398,7,7,19,19,29,29,29,29,49,76,76,94,94,94],"floor_reached":51,"playtime":4559,"items_purged":["Shame","Strike_B"],"score":706,"play_id":"1ea6ed98-facb-444c-b935-5057da01228f","local_time":"20181124033644","is_ascension_mode":false,"campfire_choices":[{"data":"Static Discharge","floor":7,"key":"SMITH"},{"data":"Dualcast","floor":15,"key":"SMITH"},{"data":"Creative AI","floor":23,"key":"SMITH"},{"data":"Consume","floor":25,"key":"SMITH"},{"data":"Go for the Eyes","floor":32,"key":"SMITH"},{"data":"Defend_B","floor":40,"key":"PURGE"},{"data":"Defend_B","floor":42,"key":"PURGE"},{"data":"Injury","floor":44,"key":"PURGE"},{"data":"Beam Cell","floor":47,"key":"PURGE"},{"floor":49,"key":"REST"}],"neow_cost":"NONE","seed_source_timestamp":1070909495870114,"circlet_count":0,"master_deck":["Strike_B","Zap","Dualcast+1","Reinforced Body","Cold Snap","Consume+1","Go for the Eyes+1","Static Discharge+1","Leap","Rebound","Melter","Electrodynamics","Blizzard","Coolheaded","Creative AI+1","Defragment+1","Glacier","Fusion+1","Electrodynamics","Thunder Strike","Seek","Redo+1","Chaos+1"],"relics":["Cracked Core","Vajra","Anchor","Letter Opener","Mummified Hand","Regal Pillow","Cursed Key","Blood Vial","Boot","Happy Flower","Ancient Tea Set","Inserter","Peace Pipe","Dodecahedron","Darkstone Periapt"],"potions_floor_usage":[6,6,16,16,27,29,33,41,46,50],"damage_taken":[{"damage":1,"enemies":"Jaw Worm","floor":1,"turns":3},{"damage":1,"enemies":"Cultist","floor":2,"turns":4},{"damage":1,"enemies":"Small Slimes","floor":3,"turns":3},{"damage":9,"enemies":"3 Sentries","floor":6,"turns":5},{"damage":0,"enemies":"3 Louse","floor":8,"turns":3},{"damage":2,"enemies":"2 Fungi Beasts","floor":10,"turns":2},{"damage":10,"enemies":"Lagavulin","floor":11,"turns":6},{"damage":10,"enemies":"Lagavulin Event","floor":12,"turns":5},{"damage":17,"enemies":"Exordium Thugs","floor":13,"turns":3},{"damage":0,"enemies":"Large Slime","floor":14,"turns":4},{"damage":3,"enemies":"Hexaghost","floor":16,"turns":10},{"damage":6,"enemies":"Spheric Guardian","floor":18,"turns":3},{"damage":0,"enemies":"Chosen","floor":19,"turns":5},{"damage":6,"enemies":"Snake Plant","floor":21,"turns":3},{"damage":2,"enemies":"Snecko","floor":24,"turns":3},{"damage":6,"enemies":"Book of Stabbing","floor":27,"turns":6},{"damage":0,"enemies":"Cultist and Chosen","floor":29,"turns":5},{"damage":6,"enemies":"Gremlin Leader","floor":30,"turns":5},{"damage":16,"enemies":"Automaton","floor":33,"turns":8},{"damage":0,"enemies":"Orb Walker","floor":35,"turns":4},{"damage":0,"enemies":"3 Shapes","floor":36,"turns":3},{"damage":14,"enemies":"Sphere and 2 Shapes","floor":39,"turns":5},{"damage":0,"enemies":"Maw","floor":41,"turns":7},{"damage":0,"enemies":"Jaw Worm Horde","floor":45,"turns":4},{"damage":0,"enemies":"Reptomancer","floor":46,"turns":3},{"damage":16,"enemies":"Spire Growth","floor":48,"turns":5},{"damage":43,"enemies":"Donu and Deca","floor":50,"turns":6}],"seed_played":"-3984032649534458892","potions_obtained":[{"floor":2,"key":"Explosive Potion"},{"floor":3,"key":"LiquidBronze"},{"floor":12,"key":"Weak Potion"},{"floor":13,"key":"Regen Potion"},{"floor":21,"key":"LiquidBronze"},{"floor":24,"key":"Ancient Potion"},{"floor":30,"key":"Dexterity Potion"},{"floor":35,"key":"Strength Potion"},{"floor":41,"key":"Swift Potion"},{"floor":45,"key":"Poison Potion"}],"is_trial":false,"path_per_floor":["M","M","M","?","$","E","R","M","T","M","E","?","M","M","R","B",null,"M","M","?","M","?","R","M","R","T","E","?","M","E","$","R","B",null,"M","M","$","?","M","R","M","R","T","R","M","E","R","M","R","B",null],"character_chosen":"DEFECT","items_purchased":["Go for the Eyes","Static Discharge","Ancient Tea Set","Peace Pipe"],"campfire_rested":1,"item_purchase_floors":[5,5,31,37],"current_hp_per_floor":[74,73,72,72,72,63,63,63,63,61,51,41,24,24,24,36,75,69,69,69,63,63,63,61,61,61,57,57,59,55,55,55,41,75,75,75,75,71,57,57,59,59,59,59,61,63,63,49,71,28],"gold":94,"neow_bonus":"RANDOM_COMMON_RELIC","is_prod":false,"is_daily":false,"chose_seed":false,"campfire_upgraded":5,"win_rate":0.0,"timestamp":1542998204,"path_taken":["M","M","M","?","?","E","R","?","T","M","E","?","M","M","R","BOSS","M","M","?","M","?","R","M","R","T","E","?","M","E","$","R","BOSS","M","M","$","?","M","R","M","R","T","R","M","E","R","M","R","BOSS"],"build_version":"2018-11-15","purchased_purges":2,"victory":true,"max_hp_per_floor":[75,75,75,75,75,75,75,75,75,75,75,75,75,75,75,75,75,75,75,75,75,75,75,75,75,75,75,75,75,75,75,75,75,75,75,75,75,71,71,71,71,71,71,71,71,71,71,71,71,71],"card_choices":[{"not_picked":["Go for the Eyes","Static Discharge"],"picked":"Reinforced Body","floor":1},{"not_picked":["FTL","Coolheaded"],"picked":"Cold Snap","floor":2},{"not_picked":["Beam Cell","Coolheaded","Compile Driver"],"picked":"SKIP","floor":3},{"not_picked":["Rebound","Compile Driver"],"picked":"Leap","floor":6},{"not_picked":["Force Field","Gash"],"picked":"Rebound","floor":8},{"not_picked":["Barrage","Reinforced Body"],"picked":"Melter","floor":10},{"not_picked":["Scrape","Defragment"],"picked":"Electrodynamics","floor":11},{"not_picked":["Hologram","Go for the Eyes"],"picked":"Blizzard","floor":12},{"not_picked":["Leap","Sweeping Beam"],"picked":"Coolheaded","floor":13},{"not_picked":["Gash","Doom and Gloom","Storm"],"picked":"SKIP","floor":14},{"not_picked":["All For One","Biased Cognition"],"picked":"Creative AI","floor":16},{"not_picked":["Conserve Battery","Auto Shields","Beam Cell"],"picked":"SKIP","floor":18},{"not_picked":["Beam Cell","Cold Snap+1"],"picked":"Defragment+1","floor":19},{"not_picked":["Conserve Battery+1","Sweeping Beam+1"],"picked":"Glacier","floor":21},{"not_picked":["Stack","Compile Driver","Redo"],"picked":"SKIP","floor":24},{"not_picked":["Heatsinks+1","Beam Cell"],"picked":"Fusion+1","floor":27},{"not_picked":["Lockon","Melter","Auto Shields"],"picked":"SKIP","floor":29},{"not_picked":["Steam Power","Force Field"],"picked":"Thunder Strike","floor":30},{"not_picked":["Amplify","Reboot"],"picked":"Seek","floor":33},{"not_picked":["Cold Snap+1","Sweeping Beam+1"],"picked":"Redo+1","floor":35},{"not_picked":["Ball Lightning+1","Double Energy"],"picked":"Chaos+1","floor":36},{"not_picked":["Sweeping Beam+1","Steam+1","Storm"],"picked":"SKIP","floor":39},{"not_picked":["Static Discharge","Rip and Tear","Chill"],"picked":"SKIP","floor":41},{"not_picked":["Stack","Compile Driver+1","Coolheaded+1"],"picked":"SKIP","floor":45},{"not_picked":["Scrape","Compile Driver+1","Cold Snap+1"],"picked":"SKIP","floor":46},{"not_picked":["Hologram","Compile Driver+1","Coolheaded+1"],"picked":"SKIP","floor":48}],"player_experience":30394,"relics_obtained":[{"floor":6,"key":"Anchor"},{"floor":9,"key":"Letter Opener"},{"floor":11,"key":"Mummified Hand"},{"floor":26,"key":"Blood Vial"},{"floor":27,"key":"Boot"},{"floor":30,"key":"Happy Flower"},{"floor":43,"key":"Dodecahedron"},{"floor":46,"key":"Darkstone Periapt"}],"event_choices":[{"damage_healed":0,"gold_gain":0,"cards_transformed":["Strike_B"],"player_choice":"Transformed","damage_taken":0,"max_hp_gain":0,"max_hp_loss":0,"event_name":"Transmorgrifier","floor":4,"gold_loss":0,"cards_obtained":["Consume"]},{"damage_healed":0,"gold_gain":0,"player_choice":"Searched \u00272\u0027 times","damage_taken":0,"relics_obtained":["Regal Pillow"],"max_hp_gain":0,"max_hp_loss":0,"event_name":"Dead Adventurer","floor":12,"gold_loss":0},{"damage_healed":0,"gold_gain":0,"player_choice":"Ignored","damage_taken":0,"max_hp_gain":0,"max_hp_loss":0,"event_name":"Ghosts","floor":20,"gold_loss":0},{"cards_removed":["Defend_B"],"damage_healed":0,"gold_gain":0,"player_choice":"Elegance","damage_taken":0,"max_hp_gain":0,"max_hp_loss":0,"event_name":"Back to Basics","floor":22,"gold_loss":0},{"damage_healed":0,"gold_gain":0,"cards_transformed":["Strike_B","Defend_B"],"player_choice":"Became Test Subject","damage_taken":0,"max_hp_gain":0,"max_hp_loss":0,"event_name":"Drug Dealer","floor":28,"gold_loss":0,"cards_obtained":["Beam Cell","Electrodynamics"]},{"damage_healed":0,"gold_gain":0,"player_choice":"Max HP","damage_taken":0,"max_hp_gain":0,"max_hp_loss":4,"event_name":"Winding Halls","floor":38,"gold_loss":0}],"is_beta":false,"boss_relics":[{"not_picked":["Lizard Tail","Calling Bell"],"picked":"Cursed Key"},{"not_picked":["Black Star","Coffee Dripper"],"picked":"Inserter"}],"items_purged_floors":[31,37],"is_endless":false,"potions_floor_spawned":[2,3,12,13,21,24,30,35,41,45],"ascension_level":0}