{"gold_per_floor":[119,134,154,104,104,104,145,145,145,169,183,183,26,26,26,150,150,168,267,291,309,325,325,350,366,389,389,389,415,13,32,32,132,132,147,147,166,176,97,132,132,148,217,233,233,253,253,281,281,281],"floor_reached":51,"playtime":5133,"items_purged":["Strike_B","Writhe"],"score":1033,"play_id":"3a5a0334-8e1c-4d07-a12a-7b5b3b047b8f","local_time":"20180709193056","is_ascension_mode":true,"campfire_choices":[{"data":"Zap","floor":6.0,"key":"SMITH"},{"data":"Dualcast","floor":12.0,"key":"SMITH"},{"data":"Coolheaded","floor":15.0,"key":"SMITH"},{"data":"Conserve Battery","floor":23.0,"key":"SMITH"},{"floor":28.0,"key":"REST"},{"data":"Loop","floor":32.0,"key":"SMITH"},{"data":"Defragment","floor":41.0,"key":"SMITH"},{"data":"Seek","floor":45.0,"key":"SMITH"},{"data":"Coolheaded","floor":47.0,"key":"SMITH"},{"data":"Loop","floor":49.0,"key":"SMITH"}],"neow_cost":"","seed_source_timestamp":232728839566114,"circlet_count":0,"master_deck":["Strike_B","Defend_B","Defend_B","Defend_B+1","Defend_B","Zap+1","Dualcast+1","Ball Lightning","Coolheaded+1","Ball Lightning","Conserve Battery+1","Compile Driver","FTL","Machine Learning","Conserve Battery","Conserve Battery","Compile Driver","Capacitor","Reboot","Loop+1","Seek+1","Loop+1","Cold Snap","Ball Lightning+1","Leap+1","Hologram+1","Conserve Battery","Self Repair+1","Leap","Echo Form","FTL","Coolheaded+1","Hologram+1","Defragment+1","Cold Snap+1","Injury","Conserve Battery","Core Surge"],"special_seed":0,"relics":["Cracked Core","Prayer Wheel","Bloody Idol","Pantograph","Kunai","Cursed Key","Anchor","Ornamental Fan","Thread and Needle","Busted Crown","Bronze Scales","Mercury Hourglass","War Paint"],"potions_floor_usage":[],"damage_taken":[{"damage":1.0,"enemies":"Cultist","floor":1.0,"turns":4.0},{"damage":0.0,"enemies":"Small Slimes","floor":2.0,"turns":2.0},{"damage":0.0,"enemies":"Jaw Worm","floor":3.0,"turns":3.0},{"damage":2.0,"enemies":"3 Sentries","floor":7.0,"turns":6.0},{"damage":9.0,"enemies":"Exordium Thugs","floor":10.0,"turns":4.0},{"damage":0.0,"enemies":"2 Fungi Beasts","floor":11.0,"turns":4.0},{"damage":0.0,"enemies":"Slime Boss","floor":16.0,"turns":8.0},{"damage":1.0,"enemies":"Spheric Guardian","floor":18.0,"turns":3.0},{"damage":2.0,"enemies":"Shell Parasite","floor":20.0,"turns":5.0},{"damage":15.0,"enemies":"Centurion and Healer","floor":21.0,"turns":6.0},{"damage":16.0,"enemies":"Snake Plant","floor":22.0,"turns":4.0},{"damage":3.0,"enemies":"Slaver and Parasite","floor":24.0,"turns":5.0},{"damage":6.0,"enemies":"Snecko","floor":25.0,"turns":5.0},{"damage":21.0,"enemies":"Book of Stabbing","floor":29.0,"turns":7.0},{"damage":0.0,"enemies":"Centurion and Healer","floor":31.0,"turns":6.0},{"damage":4.0,"enemies":"Champ","floor":33.0,"turns":12.0},{"damage":0.0,"enemies":"Flame Bruiser 1 Orb","floor":35.0,"turns":6.0},{"damage":16.0,"enemies":"3 Darklings","floor":37.0,"turns":6.0},{"damage":0.0,"enemies":"Maw","floor":38.0,"turns":8.0},{"damage":21.0,"enemies":"Nemesis","floor":40.0,"turns":7.0},{"damage":0.0,"enemies":"Transient","floor":42.0,"turns":5.0},{"damage":8.0,"enemies":"Spire Growth","floor":44.0,"turns":5.0},{"damage":8.0,"enemies":"3 Darklings","floor":46.0,"turns":4.0},{"damage":0.0,"enemies":"Giant Head","floor":48.0,"turns":8.0},{"damage":32,"enemies":"Donu and Deca","floor":50,"turns":9}],"seed_played":"-1981772439142479465","potions_obtained":[{"floor":2.0,"key":"Swift Potion"},{"floor":3.0,"key":"LiquidBronze"},{"floor":11.0,"key":"SkillPotion"},{"floor":18.0,"key":"SkillPotion"},{"floor":21.0,"key":"SpeedPotion"},{"floor":22.0,"key":"Block Potion"},{"floor":31.0,"key":"Weak Potion"},{"floor":37.0,"key":"SkillPotion"},{"floor":40.0,"key":"Weak Potion"},{"floor":42.0,"key":"FairyPotion"}],"is_trial":false,"path_per_floor":["M","M","M","?","?","R","E","?","T","M","M","R","$","$","R","B",null,"M","?","M","M","M","R","M","M","T","?","R","E","$","M","R","B",null,"M","?","M","M","$","E","R","M","T","M","R","M","R","E","R","B"],"character_chosen":"DEFECT","items_purchased":["Capacitor","Thread and Needle","Defragment"],"campfire_rested":1,"item_purchase_floors":[],"current_hp_per_floor":[67,67,67,67,50,50,48,41,41,32,32,32,32,32,32,57,65,64,64,62,47,31,31,28,22,22,22,42,26,26,41,41,68,68,68,68,67,68,68,68,68,68,68,68,68,68,68,68,68,46],"gold":281,"neow_bonus":"","is_prod":false,"is_daily":false,"chose_seed":false,"campfire_upgraded":9,"win_rate":0,"timestamp":1531157456,"path_taken":["M","?","M","?","?","R","E","?","T","M","?","R","?","$","R","BOSS","M","?","M","M","M","R","?","M","T","?","R","E","?","M","R","BOSS","M","?","M","?","$","E","R","M","T","M","R","M","R","E","R","BOSS"],"build_version":"2018-07-05","purchased_purges":2,"victory":true,"max_hp_per_floor":[68,68,68,68,68,68,68,68,68,68,68,68,68,68,68,68,68,68,68,68,68,68,68,68,68,68,68,68,68,68,68,68,68,68,68,68,68,68,68,68,68,68,68,68,68,68,68,68,68,68],"card_choices":[{"not_picked":["Streamline","Steam"],"picked":"Ball Lightning","floor":1.0},{"not_picked":["Compile Driver","Gash"],"picked":"Coolheaded","floor":1.0},{"not_picked":["Chaos","Redo"],"picked":"Ball Lightning","floor":2.0},{"not_picked":["Turbo","Steam Power"],"picked":"Conserve Battery","floor":2.0},{"not_picked":["Hello World","Skim"],"picked":"Compile Driver","floor":3.0},{"not_picked":["Redo","Chaos"],"picked":"FTL","floor":3.0},{"not_picked":["Barrage","Gash","Beam Cell"],"picked":"SKIP","floor":7.0},{"not_picked":["Storm","FTL"],"picked":"Machine Learning","floor":10.0},{"not_picked":["Steam","Barrage"],"picked":"Conserve Battery","floor":10.0},{"not_picked":["Lockon","Sweeping Beam"],"picked":"Conserve Battery","floor":11.0},{"not_picked":["Steam","Sweeping Beam"],"picked":"Compile Driver","floor":11.0},{"not_picked":["Fission","Amplify"],"picked":"Reboot","floor":16.0},{"not_picked":["Conserve Battery","Rip and Tear"],"picked":"Loop","floor":18.0},{"not_picked":["Blizzard","Reprogram+1","Beam Cell+1"],"picked":"SKIP","floor":18.0},{"not_picked":["Capacitor","Reinforced Body"],"picked":"Seek","floor":20.0},{"not_picked":["Streamline","Hello World","Gash"],"picked":"SKIP","floor":20.0},{"not_picked":["Gash+1","Rebound"],"picked":"Loop","floor":21.0},{"not_picked":["Compile Driver","Stack"],"picked":"Cold Snap","floor":21.0},{"not_picked":["Go for the Eyes","Conserve Battery"],"picked":"Ball Lightning+1","floor":22.0},{"not_picked":["Steam","Double Energy","Multi-Cast"],"picked":"SKIP","floor":22.0},{"not_picked":["Darkness","Rebound"],"picked":"Leap+1","floor":24.0},{"not_picked":["Double Energy","Rebound+1"],"picked":"Hologram+1","floor":24.0},{"not_picked":["Rebound","Redo"],"picked":"Conserve Battery","floor":25.0},{"not_picked":["Capacitor","Go for the Eyes"],"picked":"Chill","floor":25.0},{"not_picked":["Coolheaded","Darkness"],"picked":"Self Repair+1","floor":29.0},{"not_picked":["Steam","Beam Cell"],"picked":"Leap","floor":31.0},{"not_picked":["Aggregate","Multi-Cast","Scrape"],"picked":"SKIP","floor":31.0},{"not_picked":["Meteor Strike","Multi-Cast"],"picked":"Echo Form","floor":33.0},{"not_picked":[],"picked":"FTL","floor":35.0},{"not_picked":[],"picked":"Coolheaded","floor":35.0},{"not_picked":["Reprogram"],"picked":"SKIP","floor":37.0},{"not_picked":["Turbo+1"],"picked":"SKIP","floor":37.0},{"not_picked":[],"picked":"Hologram","floor":38.0},{"not_picked":["Barrage+1"],"picked":"SKIP","floor":38.0},{"not_picked":["Gash"],"picked":"SKIP","floor":40.0},{"not_picked":[],"picked":"Cold Snap+1","floor":42.0},{"not_picked":["Turbo+1"],"picked":"SKIP","floor":42.0},{"not_picked":["Rebound"],"picked":"SKIP","floor":44.0},{"not_picked":["Redo+1"],"picked":"SKIP","floor":44.0},{"not_picked":[],"picked":"Conserve Battery","floor":46.0},{"not_picked":["Gash+1"],"picked":"SKIP","floor":46.0},{"not_picked":[],"picked":"Core Surge","floor":48.0}],"player_experience":291846,"relics_obtained":[{"floor":7.0,"key":"Pantograph"},{"floor":9.0,"key":"Kunai"},{"floor":26.0,"key":"Anchor"},{"floor":29.0,"key":"Ornamental Fan"},{"floor":40.0,"key":"Bronze Scales"},{"floor":43.0,"key":"Mercury Hourglass"},{"floor":48.0,"key":"War Paint"}],"event_choices":[{"event_name":"The Cleric","player_choice":"Card Removal","floor":4.0,"damage_taken":0.0},{"event_name":"Golden Idol","player_choice":"Take Damage","floor":5.0,"damage_taken":0.0},{"event_name":"Golden Wing","player_choice":"Card Removal","floor":8.0,"damage_taken":0.0},{"event_name":"Nest","player_choice":"Stole From Cult","floor":19.0,"damage_taken":0.0},{"event_name":"Forgotten Altar","player_choice":"Gave Idol","floor":27.0,"damage_taken":0.0},{"event_name":"Falling","player_choice":"Removed Skill","floor":36.0,"damage_taken":0.0}],"boss_relics":[{"not_picked":["Orrery","White Beast Statue"],"picked":"Cursed Key"},{"not_picked":["Inserter","Fusion Hammer"],"picked":"Busted Crown"}],"items_purged_floors":[],"is_endless":false,"potions_floor_spawned":[2,3,11,18,21,22,31,37,40,42],"ascension_level":6}