{"gold_per_floor":[116,116,116,127,206,240,240,256,331,331,298,1,14,24,24,120,120,140,140,154,154,171,171,171],"floor_reached":24,"playtime":2552,"items_purged":[],"score":246,"play_id":"9f24dde8-9bb6-43e5-83dc-1bfef17bb878","local_time":"20190104181121","is_ascension_mode":false,"campfire_choices":[{"data":"Outmaneuver","floor":7,"key":"SMITH"},{"data":"Noxious Fumes","floor":15,"key":"SMITH"},{"data":"Wraith Form v2","floor":23,"key":"SMITH"}],"neow_cost":"NONE","seed_source_timestamp":1232992516138331,"circlet_count":0,"master_deck":["Defend_G","Defend_G","Defend_G","Defend_G","Defend_G","Strike_G","Strike_G","Strike_G","Strike_G","Strike_G","Survivor","Neutralize","Outmaneuver+1","Outmaneuver","Flechettes","Blade Dance+1","Thinking Ahead+1","Jack Of All Trades+1","Dodge and Roll+1","Escape Plan+1","Noxious Fumes+1","Wraith Form v2+1","Tactician+1","Noxious Fumes","Deflect+1","Outmaneuver+1","Blade Dance+1","RitualDagger","Ghostly+1","Ghostly+1","Ghostly+1","Ghostly+1","Ghostly+1","Corpse Explosion+1"],"relics":["Ring of the Snake","NeowsBlessing","Omamori","Bottled Lightning","Toxic Egg 2","Kunai","Orrery"],"potions_floor_usage":[16,20,24],"damage_taken":[{"damage":0,"enemies":"2 Louse","floor":1,"turns":1},{"damage":0,"enemies":"Small Slimes","floor":4,"turns":1},{"damage":0,"enemies":"3 Sentries","floor":6,"turns":2},{"damage":10,"enemies":"Jaw Worm","floor":8,"turns":5},{"damage":2,"enemies":"3 Louse","floor":13,"turns":4},{"damage":5,"enemies":"Large Slime","floor":14,"turns":7},{"damage":14,"enemies":"The Guardian","floor":16,"turns":12},{"damage":10,"enemies":"3 Byrds","floor":18,"turns":5},{"damage":8,"enemies":"Spheric Guardian","floor":20,"turns":4},{"damage":6,"enemies":"Snake Plant","floor":22,"turns":8},{"damage":35,"enemies":"Slavers","floor":24,"turns":4}],"seed_played":"-6828003935497345757","potions_obtained":[{"floor":8,"key":"Energy Potion"},{"floor":14,"key":"GhostInAJar"},{"floor":22,"key":"LiquidBronze"}],"is_trial":false,"path_per_floor":["M","?","?","M","T","E","R","M","T","?","?","$","M","M","R","B",null,"M","?","M","?","M","R","E"],"character_chosen":"THE_SILENT","items_purchased":["Thinking Ahead+1","Jack Of All Trades+1","Dodge and Roll+1"],"campfire_rested":0,"item_purchase_floors":[12,12,12],"current_hp_per_floor":[70,70,63,63,63,63,63,53,53,53,53,53,51,46,46,32,70,60,54,46,35,29,29,0],"gold":171,"neow_bonus":"THREE_ENEMY_KILL","is_prod":false,"is_daily":false,"chose_seed":false,"campfire_upgraded":3,"win_rate":0.0,"timestamp":1546654281,"path_taken":["M","?","?","M","?","E","R","M","T","?","?","?","M","M","R","BOSS","M","?","M","?","M","R","E"],"build_version":"2019-01-03v4","purchased_purges":0,"victory":false,"max_hp_per_floor":[70,70,70,70,70,70,70,70,70,70,70,70,70,70,70,70,70,70,70,70,35,35,35,35],"card_choices":[{"not_picked":["Prepared","Flying Knee"],"picked":"Outmaneuver","floor":1},{"not_picked":["Deflect","Quick Slash"],"picked":"Outmaneuver","floor":4},{"not_picked":["Deflect","Calculated Gamble"],"picked":"Flechettes","floor":6},{"not_picked":["All Out Attack","Endless Agony"],"picked":"Blade Dance+1","floor":8},{"not_picked":["Slice","Caltrops"],"picked":"Escape Plan+1","floor":13},{"not_picked":["Dash","Glass Knife"],"picked":"Noxious Fumes","floor":14},{"not_picked":["Tools of the Trade","After Image"],"picked":"Wraith Form v2","floor":16},{"not_picked":["Slice","Sucker Punch"],"picked":"Tactician+1","floor":17},{"not_picked":["Catalyst+1","Endless Agony"],"picked":"Noxious Fumes","floor":17},{"not_picked":["Escape Plan+1","Expertise+1"],"picked":"Deflect+1","floor":17},{"not_picked":["Flying Knee","Bane"],"picked":"Outmaneuver+1","floor":17},{"not_picked":["Calculated Gamble+1","All Out Attack"],"picked":"Blade Dance+1","floor":18},{"not_picked":["Backstab","All Out Attack","Flechettes"],"picked":"SKIP","floor":20},{"not_picked":["Noxious Fumes+1","Blade Dance+1"],"picked":"Corpse Explosion+1","floor":22}],"player_experience":40405,"relics_obtained":[{"floor":5,"key":"Bottled Lightning"},{"floor":6,"key":"Toxic Egg 2"},{"floor":9,"key":"Kunai"}],"event_choices":[{"damage_healed":0,"gold_gain":0,"player_choice":"Ignored","damage_taken":0,"max_hp_gain":0,"max_hp_loss":0,"event_name":"Golden Wing","floor":2,"gold_loss":0},{"damage_healed":0,"gold_gain":0,"player_choice":"Success","damage_taken":7,"relics_obtained":["Omamori"],"max_hp_gain":0,"max_hp_loss":0,"event_name":"Scrap Ooze","floor":3,"gold_loss":0},{"damage_healed":0,"gold_gain":0,"player_choice":"Ignored","damage_taken":0,"max_hp_gain":0,"max_hp_loss":0,"event_name":"Shining Light","floor":10,"gold_loss":0},{"damage_healed":0,"gold_gain":0,"player_choice":"Left Gold","damage_taken":0,"max_hp_gain":0,"max_hp_loss":0,"event_name":"World of Goop","floor":11,"gold_loss":33},{"damage_healed":0,"gold_gain":0,"player_choice":"Joined the Cult","damage_taken":6,"max_hp_gain":0,"max_hp_loss":0,"event_name":"Nest","floor":19,"gold_loss":0,"cards_obtained":["RitualDagger"]},{"damage_healed":0,"gold_gain":0,"player_choice":"Became a Ghost","damage_taken":0,"max_hp_gain":0,"max_hp_loss":35,"event_name":"Ghosts","floor":21,"gold_loss":0,"cards_obtained":["Ghostly","Ghostly","Ghostly","Ghostly","Ghostly"]}],"is_beta":false,"boss_relics":[{"not_picked":["Velvet Choker","Astrolabe"],"picked":"Orrery"}],"items_purged_floors":[],"is_endless":false,"potions_floor_spawned":[8,14,22],"killed_by":"Slavers","ascension_level":0}