{"gold_per_floor":[115,127,140,140,163,163,7,7,7,30,99,114,127,27,27,157,157,175,0,18,31,31],"floor_reached":22,"playtime":1207,"items_purged":["Strike_R","Strike_R"],"score":228,"play_id":"0032423f-7b73-41b3-90cc-c3c304ed6682","local_time":"20180628170758","is_ascension_mode":true,"campfire_choices":[{"data":"1","floor":6,"key":"LIFT"},{"data":"2","floor":8,"key":"LIFT"},{"floor":15,"key":"REST"}],"neow_cost":"TEN_PERCENT_HP_LOSS","seed_source_timestamp":335938098371043,"circlet_count":0,"master_deck":["Strike_R","Strike_R","Strike_R","Defend_R","Defend_R","Defend_R","Defend_R","Bash","Heavy Blade","Disarm","Shrug It Off","Pummel","Flex","Clothesline","Rage","Evolve","Demon Form","Heavy Blade","Flex"],"relics":["Burning Blood","Girya","Golden Idol","Pear","Tiny Chest","Sozu"],"potions_floor_usage":[3,10,16,16,18],"damage_taken":[{"damage":5,"enemies":"Small Slimes","floor":1,"turns":3},{"damage":2,"enemies":"2 Louse","floor":2,"turns":3},{"damage":15,"enemies":"Cultist","floor":3,"turns":5},{"damage":25,"enemies":"Large Slime","floor":5,"turns":7},{"damage":7,"enemies":"Exordium Wildlife","floor":10,"turns":3},{"damage":13,"enemies":"Gremlin Nob","floor":11,"turns":3},{"damage":20,"enemies":"Exordium Thugs","floor":12,"turns":4},{"damage":2,"enemies":"Lots of Slimes","floor":13,"turns":5},{"damage":25,"enemies":"The Guardian","floor":16,"turns":12},{"damage":27,"enemies":"Spheric Guardian","floor":18,"turns":4},{"damage":27,"enemies":"Shell Parasite","floor":20,"turns":5},{"damage":18,"enemies":"Centurion and Healer","floor":21,"turns":5},{"damage":30,"enemies":"Snake Plant","floor":22,"turns":2}],"seed_played":"3760666109569344206","potions_obtained":[{"floor":1,"key":"BloodPotion"},{"floor":5,"key":"SteroidPotion"},{"floor":10,"key":"Strength Potion"},{"floor":12,"key":"Weak Potion"},{"floor":16,"key":"Poison Potion"}],"is_trial":false,"path_per_floor":["M","M","M","?","M","R","$","R","T","M","E","M","M","$","R","B",null,"M","?","M","M"],"character_chosen":"IRONCLAD","items_purchased":["Flex","Clothesline"],"campfire_rested":1,"item_purchase_floors":[7,7],"current_hp_per_floor":[72,72,70,67,48,48,48,48,58,57,50,36,40,40,63,44,77,56,56,35,23,0],"gold":31,"neow_bonus":"ONE_RARE_RELIC","is_prod":false,"is_daily":false,"chose_seed":false,"campfire_upgraded":0,"win_rate":0,"timestamp":1530220078,"path_taken":["M","M","M","?","M","R","$","R","T","M","E","?","M","$","R","BOSS","M","?","M","M","M"],"build_version":"2018-06-21v2","purchased_purges":2,"victory":false,"max_hp_per_floor":[72,72,72,67,67,67,67,67,77,77,77,77,77,77,77,77,77,77,77,77,77,77],"card_choices":[{"not_picked":["Infernal Blade","Twin Strike"],"picked":"Heavy Blade","floor":1},{"not_picked":["Iron Wave","Headbutt"],"picked":"Disarm","floor":2},{"not_picked":["Wild Strike","Offering"],"picked":"Shrug It Off","floor":3},{"not_picked":["Wild Strike","Sentinel"],"picked":"Pummel","floor":5},{"not_picked":["Anger","Pommel Strike"],"picked":"Rage","floor":10},{"not_picked":["Armaments","Anger","Clothesline"],"picked":"SKIP","floor":11},{"not_picked":["Wild Strike","Armaments","Pommel Strike"],"picked":"SKIP","floor":12},{"not_picked":["Body Slam","Carnage"],"picked":"Evolve","floor":13},{"not_picked":["Bludgeon","Juggernaut"],"picked":"Demon Form","floor":16},{"not_picked":["Headbutt+1","Wild Strike"],"picked":"Heavy Blade","floor":18},{"not_picked":["Sword Boomerang","Wild Strike"],"picked":"Flex","floor":20},{"not_picked":["Power Through","Cleave","Warcry"],"picked":"SKIP","floor":21}],"player_experience":826915,"relics_obtained":[{"floor":9,"key":"Pear"},{"floor":11,"key":"Tiny Chest"}],"event_choices":[{"event_name":"Golden Idol","player_choice":"Lose Max HP","floor":4,"damage_taken":0},{"event_name":"Masked Bandits","player_choice":"Paid Bandits 175 gold","floor":19,"damage_taken":0}],"boss_relics":[{"not_picked":["Black Star","Astrolabe"],"picked":"Sozu"}],"items_purged_floors":[7,14],"is_endless":false,"potions_floor_spawned":[1,5,10,12,16],"killed_by":"Snake Plant","ascension_level":4}