{"gold_per_floor":[109,109,121,6,6,6,16,42,93,93,93,106,106,125,125,221,221,239,239,272,288,288],"floor_reached":22,"playtime":1322,"items_purged":["Strike_B"],"score":184,"play_id":"45865887-a0cf-4a4f-bfd9-d0a2e36ffba0","local_time":"20190122205201","is_ascension_mode":false,"campfire_choices":[{"data":"Capacitor","floor":6,"key":"SMITH"},{"floor":11,"key":"REST"},{"data":"Rainbow","floor":13,"key":"SMITH"},{"floor":15,"key":"REST"}],"neow_cost":"PERCENT_DAMAGE","seed_source_timestamp":253660071022672,"circlet_count":0,"master_deck":["Strike_B","Strike_B","Strike_B","Defend_B","Defend_B","Defend_B","Defend_B","Zap","Dualcast","Electrodynamics","Redo","Coolheaded","Capacitor+1","Ball Lightning","Rainbow+1","Loop","Rainbow","Static Discharge","Ball Lightning","Go for the Eyes","Loop","Echo Form","Redo+1"],"relics":["Cracked Core","Orichalcum","Dodecahedron","Orrery","Toxic Egg 2","Red Mask"],"potions_floor_usage":[14,16,21,22],"damage_taken":[{"damage":2,"enemies":"Small Slimes","floor":1,"turns":4},{"damage":1,"enemies":"Cultist","floor":3,"turns":3},{"damage":0,"enemies":"2 Louse","floor":7,"turns":2},{"damage":33,"enemies":"Gremlin Nob","floor":8,"turns":5},{"damage":0,"enemies":"Blue Slaver","floor":12,"turns":3},{"damage":6,"enemies":"3 Louse","floor":14,"turns":2},{"damage":35,"enemies":"Hexaghost","floor":16,"turns":9},{"damage":10,"enemies":"Chosen","floor":18,"turns":5},{"damage":46,"enemies":"Masked Bandits","floor":20,"turns":5},{"damage":14,"enemies":"Shell Parasite","floor":21,"turns":6},{"damage":11,"enemies":"Snecko","floor":22,"turns":4}],"seed_played":"-8912557738917402543","potions_obtained":[{"floor":1,"key":"Swift Potion"},{"floor":8,"key":"Fruit Juice"},{"floor":16,"key":"SpeedPotion"},{"floor":20,"key":"Ancient Potion"}],"is_trial":false,"path_per_floor":["M","?","M","$","?","R","M","E","T","?","R","M","R","M","R","B",null,"M","?","?","M","M"],"character_chosen":"DEFECT","items_purchased":["Capacitor"],"campfire_rested":2,"item_purchase_floors":[4],"current_hp_per_floor":[52,52,51,51,51,51,51,18,18,15,37,37,37,36,60,25,80,70,70,24,10,0],"gold":288,"neow_bonus":"THREE_RARE_CARDS","is_prod":false,"is_daily":false,"chose_seed":false,"campfire_upgraded":2,"win_rate":0,"timestamp":1548152521,"path_taken":["M","?","?","$","?","R","M","E","T","?","R","M","R","M","R","BOSS","M","?","?","M","M"],"build_version":"2019-01-17v2","purchased_purges":1,"victory":false,"max_hp_per_floor":[75,75,75,75,75,75,75,75,75,75,75,75,75,80,80,80,80,80,80,80,80,80],"card_choices":[{"not_picked":["Amplify","Seek"],"picked":"Electrodynamics","floor":0},{"not_picked":["Scrape","Streamline"],"picked":"Redo","floor":1},{"not_picked":["Rebound","Cold Snap"],"picked":"Coolheaded","floor":3},{"not_picked":["Steam","Aggregate"],"picked":"Ball Lightning","floor":7},{"not_picked":["Rebound","FTL","Heatsinks"],"picked":"SKIP","floor":8},{"not_picked":["Auto Shields","Barrage"],"picked":"Rainbow","floor":12},{"not_picked":["Rebound","Tempest"],"picked":"Loop","floor":14},{"not_picked":["Meteor Strike","Electrodynamics"],"picked":"Rainbow","floor":16},{"not_picked":["Gash","Ball Lightning"],"picked":"Static Discharge","floor":17},{"not_picked":["Leap","Turbo"],"picked":"Ball Lightning","floor":17},{"not_picked":["Conserve Battery","Steam"],"picked":"Go for the Eyes","floor":17},{"not_picked":["Rebound","Hologram"],"picked":"Loop","floor":17},{"not_picked":["Defragment","Beam Cell"],"picked":"Echo Form","floor":17},{"not_picked":["Consume","FTL","Genetic Algorithm"],"picked":"SKIP","floor":18},{"not_picked":["Hologram+1","Compile Driver"],"picked":"Redo+1","floor":20},{"not_picked":["Hologram+1","Meteor Strike","Skim+1"],"picked":"SKIP","floor":21}],"player_experience":489653,"relics_obtained":[{"floor":8,"key":"Orichalcum"},{"floor":20,"key":"Red Mask"}],"event_choices":[{"damage_healed":0,"gold_gain":0,"player_choice":"Ignored","damage_taken":0,"max_hp_gain":0,"max_hp_loss":0,"event_name":"NoteForYourself","floor":2,"gold_loss":0},{"damage_healed":0,"gold_gain":0,"player_choice":"Leave","damage_taken":0,"max_hp_gain":0,"max_hp_loss":0,"event_name":"The Cleric","floor":5,"gold_loss":0},{"damage_healed":0,"gold_gain":0,"player_choice":"Success","damage_taken":3,"relics_obtained":["Dodecahedron"],"max_hp_gain":0,"max_hp_loss":0,"event_name":"Scrap Ooze","floor":10,"gold_loss":0},{"damage_healed":0,"gold_gain":0,"player_choice":"Opened","damage_taken":0,"relics_obtained":["Toxic Egg 2"],"max_hp_gain":0,"max_hp_loss":0,"event_name":"The Mausoleum","floor":19,"gold_loss":0},{"damage_healed":0,"gold_gain":0,"player_choice":"Fought Bandits","damage_taken":0,"max_hp_gain":0,"max_hp_loss":0,"event_name":"Masked Bandits","floor":20,"gold_loss":0}],"is_beta":false,"boss_relics":[{"not_picked":["Eternal Feather","Lizard Tail"],"picked":"Orrery"}],"items_purged_floors":[4],"is_endless":false,"potions_floor_spawned":[1,8,16,20],"killed_by":"Snecko","ascension_level":0}