{"gold_per_floor":[109,64,75,25,44,44,72,172,198,217,233,233,246,257,257,362,362,372,387,312,227,227,227,260,260,260,260,274,292,96,113,113,215,215,235,235,235,235,247,247,197,197,197,217,269,285,311,111,111,111,111,111,61,93,93],"floor_reached":55,"playtime":3098,"items_purged":["Strike_B","Strike_B","Defend_B","Parasite"],"score":722,"play_id":"34178e25-72dc-45e3-8d58-6b0d65c236a2","local_time":"20181209122151","is_ascension_mode":false,"campfire_choices":[{"data":"Zap","floor":6,"key":"SMITH"},{"data":"Defragment","floor":12,"key":"SMITH"},{"data":"Glacier","floor":15,"key":"SMITH"},{"data":"Defragment","floor":23,"key":"SMITH"},{"data":"Capacitor","floor":25,"key":"SMITH"},{"floor":27,"key":"REST"},{"floor":32,"key":"REST"},{"data":"Seek","floor":40,"key":"SMITH"},{"data":"Dualcast","floor":42,"key":"SMITH"},{"floor":49,"key":"RECALL"},{"data":"Coolheaded","floor":52,"key":"SMITH"}],"neow_cost":"NONE","seed_source_timestamp":901193846576255,"circlet_count":0,"master_deck":["Strike_B","Defend_B","Defend_B","Zap+1","Dualcast+1","Coolheaded+1","Defragment+1","Cold Snap","Glacier+1","Defragment+1","Seek+1","Capacitor+1","Go for the Eyes+1","Ball Lightning","Amplify","Auto Shields+1","Blizzard"],"relics":["Cracked Core","NeowsBlessing","Strawberry","Smiling Mask","Orrery","DataDisk","Darkstone Periapt","Bronze Scales","Happy Flower","Inserter","Kunai","Thread and Needle","Turnip","PreservedInsect","Symbiotic Virus"],"potions_floor_usage":[7,7,16,16,24,31,33,45,45,47],"damage_taken":[{"damage":0,"enemies":"Small Slimes","floor":1,"turns":1},{"damage":0,"enemies":"Jaw Worm","floor":3,"turns":1},{"damage":0,"enemies":"Cultist","floor":5,"turns":1},{"damage":24,"enemies":"Gremlin Nob","floor":7,"turns":4},{"damage":9,"enemies":"Lots of Slimes","floor":10,"turns":3},{"damage":1,"enemies":"Exordium Thugs","floor":11,"turns":5},{"damage":0,"enemies":"2 Fungi Beasts","floor":13,"turns":3},{"damage":3,"enemies":"3 Louse","floor":14,"turns":5},{"damage":41,"enemies":"Hexaghost","floor":16,"turns":22},{"damage":2,"enemies":"Chosen","floor":18,"turns":8},{"damage":4,"enemies":"Shell Parasite","floor":19,"turns":9},{"damage":65,"enemies":"Gremlin Leader","floor":24,"turns":12},{"damage":6,"enemies":"Centurion and Healer","floor":28,"turns":17},{"damage":10,"enemies":"3 Cultists","floor":29,"turns":7},{"damage":0,"enemies":"Shelled Parasite and Fungi","floor":31,"turns":5},{"damage":13,"enemies":"Collector","floor":33,"turns":16},{"damage":7,"enemies":"3 Darklings","floor":35,"turns":6},{"damage":1,"enemies":"Orb Walker","floor":39,"turns":4},{"damage":6,"enemies":"4 Shapes","floor":44,"turns":6},{"damage":11,"enemies":"2 Orb Walkers","floor":45,"turns":9},{"damage":0,"enemies":"Writhing Mass","floor":46,"turns":6},{"damage":0,"enemies":"Giant Head","floor":47,"turns":13},{"damage":4,"enemies":"Time Eater","floor":50,"turns":11},{"damage":41,"enemies":"Shield and Spear","floor":54,"turns":10},{"damage":62,"enemies":"The Heart","floor":55,"turns":8}],"seed_played":"-8876424245268880328","potions_obtained":[{"floor":3,"key":"FocusPotion"},{"floor":5,"key":"Strength Potion"},{"floor":11,"key":"SteroidPotion"},{"floor":14,"key":"SkillPotion"},{"floor":16,"key":"Ancient Potion"},{"floor":18,"key":"SteroidPotion"},{"floor":19,"key":"AttackPotion"},{"floor":24,"key":"Swift Potion"},{"floor":28,"key":"Block Potion"},{"floor":38,"key":"EssenceOfSteel"},{"floor":38,"key":"FairyPotion"},{"floor":38,"key":"Dexterity Potion"},{"floor":46,"key":"Fruit Juice"}],"is_trial":false,"path_per_floor":["M","$","M","?","M","R","E","?","T","M","M","R","M","M","R","B",null,"M","M","?","?","?","R","E","R","T","R","M","M","$","M","R","B",null,"M","?","?","?","M","R","$","R","T","M","?","M","E","$","R","B",null,"R","$","E","B"],"character_chosen":"DEFECT","items_purchased":["Coolheaded","Happy Flower","PreservedInsect"],"campfire_rested":2,"item_purchase_floors":[2,30,48],"current_hp_per_floor":[75,75,75,75,75,75,58,58,58,49,48,48,48,45,45,4,82,80,76,76,76,76,76,11,11,11,35,29,19,19,19,43,30,82,75,75,75,75,74,74,74,74,74,68,57,63,68,68,68,64,89,89,86,45,0],"gold":93,"neow_bonus":"THREE_ENEMY_KILL","is_prod":false,"is_daily":false,"chose_seed":false,"campfire_upgraded":8,"win_rate":0,"timestamp":1544325711,"path_taken":["M","$","M","?","M","R","E","?","T","M","?","R","?","M","R","BOSS","M","M","?","?","?","R","E","R","T","R","?","M","$","M","R","BOSS","M","?","?","?","M","R","$","R","T","?","?","M","E","$","R","BOSS","R","$","E","BOSS"],"build_version":"2018-12-06","purchased_purges":4,"victory":false,"max_hp_per_floor":[75,75,75,75,75,75,82,82,82,82,82,82,82,82,82,82,82,82,82,82,82,82,82,82,82,82,82,82,82,82,82,82,82,82,82,82,78,78,78,78,78,78,78,78,78,84,89,89,89,89,89,89,86,86,86],"card_choices":[{"not_picked":["Compile Driver","Rebound","Steam Power"],"picked":"SKIP","floor":1},{"not_picked":["Coolheaded","FTL"],"picked":"Defragment","floor":3},{"not_picked":["Static Discharge","FTL","Hologram"],"picked":"SKIP","floor":5},{"not_picked":["Hologram","Streamline"],"picked":"Cold Snap","floor":7},{"not_picked":["Streamline","Turbo"],"picked":"Glacier","floor":10},{"not_picked":["Streamline","Redo","Darkness"],"picked":"SKIP","floor":11},{"not_picked":["Echo Form","Fusion","Lockon"],"picked":"SKIP","floor":13},{"not_picked":["Barrage","Sweeping Beam"],"picked":"Defragment","floor":14},{"not_picked":["Buffer","Reboot"],"picked":"Seek","floor":16},{"not_picked":["Cold Snap","Genetic Algorithm"],"picked":"Capacitor","floor":17},{"not_picked":["Leap","Gash","Rainbow"],"picked":"SKIP","floor":18},{"not_picked":["Stack","Sweeping Beam","Coolheaded+1"],"picked":"SKIP","floor":19},{"not_picked":["Streamline","Sunder+1"],"picked":"Go for the Eyes+1","floor":24},{"not_picked":["Skim","Reprogram","Redo+1"],"picked":"SKIP","floor":28},{"not_picked":["Meteor Strike","Streamline"],"picked":"Ball Lightning","floor":29},{"not_picked":["Compile Driver","Cold Snap","Turbo"],"picked":"SKIP","floor":31},{"not_picked":["Reboot","Hyperbeam"],"picked":"Amplify","floor":33},{"not_picked":["Sunder","Chill+1","Compile Driver"],"picked":"SKIP","floor":35},{"not_picked":["Scrape","Hello World+1","Streamline+1"],"picked":"SKIP","floor":39},{"not_picked":["Stack+1","Sweeping Beam"],"picked":"Auto Shields+1","floor":44},{"not_picked":["Go for the Eyes","Turbo+1","Cold Snap+1"],"picked":"SKIP","floor":46},{"not_picked":["Steam","Coolheaded+1","Reboot"],"picked":"SKIP","floor":47},{"not_picked":["Core Surge","Leap"],"picked":"Blizzard","floor":54}],"player_experience":109884,"relics_obtained":[{"floor":7,"key":"Strawberry"},{"floor":9,"key":"Smiling Mask"},{"floor":24,"key":"Bronze Scales"},{"floor":43,"key":"Kunai"},{"floor":45,"key":"Thread and Needle"},{"floor":47,"key":"Turnip"},{"floor":54,"key":"Symbiotic Virus"}],"event_choices":[{"cards_removed":["Strike_B"],"damage_healed":0,"gold_gain":0,"player_choice":"Card Removal","damage_taken":0,"max_hp_gain":0,"max_hp_loss":0,"event_name":"The Cleric","floor":4,"gold_loss":50},{"damage_healed":0,"gold_gain":100,"player_choice":"Gold","damage_taken":0,"max_hp_gain":0,"max_hp_loss":0,"event_name":"Wheel of Change","floor":8,"gold_loss":0},{"cards_removed":["Defend_B"],"damage_healed":0,"gold_gain":0,"player_choice":"Gave Gold","damage_taken":0,"max_hp_gain":0,"max_hp_loss":0,"event_name":"Beggar","floor":20,"gold_loss":75},{"damage_healed":0,"gold_gain":0,"player_choice":"Obtained Relic","damage_taken":0,"relics_obtained":["DataDisk"],"max_hp_gain":0,"max_hp_loss":0,"event_name":"Addict","floor":21,"gold_loss":85},{"damage_healed":0,"gold_gain":0,"player_choice":"Gave Potion","damage_taken":0,"relics_obtained":["Darkstone Periapt"],"max_hp_gain":0,"max_hp_loss":0,"event_name":"WeMeetAgain","floor":22,"gold_loss":0},{"damage_healed":0,"gold_gain":0,"player_choice":"Ignored","damage_taken":0,"max_hp_gain":0,"max_hp_loss":0,"event_name":"Tomb of Lord Red Mask","floor":36,"gold_loss":0},{"damage_healed":0,"gold_gain":0,"player_choice":"Max HP","damage_taken":0,"max_hp_gain":0,"max_hp_loss":4,"event_name":"Winding Halls","floor":37,"gold_loss":0},{"damage_healed":0,"gold_gain":0,"player_choice":"Got Potions","damage_taken":0,"max_hp_gain":0,"max_hp_loss":0,"event_name":"Lab","floor":38,"gold_loss":0},{"damage_healed":0,"gold_gain":0,"player_choice":"Fight","damage_taken":0,"max_hp_gain":0,"max_hp_loss":0,"event_name":"Mysterious Sphere","floor":45,"gold_loss":0}],"is_beta":false,"boss_relics":[{"not_picked":["Eternal Feather","Snecko Eye"],"picked":"Orrery"},{"not_picked":["Empty Cage","Runic Pyramid"],"picked":"Inserter"}],"items_purged_floors":[30,41,48,53],"is_endless":false,"potions_floor_spawned":[3,5,11,14,16,18,19,24,28,44,46],"killed_by":"The Heart","ascension_level":0}