{"gold_per_floor":[115,126,23,23,23,23,56,56,56,56,86,116,130,130,130,228,228,248,84,84,99,110,143,143,157,227,227,247,247],"floor_reached":29,"playtime":2394,"items_purged":[],"score":522,"play_id":"942934c8-08ba-4d8d-8a02-59faa5cc8431","local_time":"20181029081639","is_ascension_mode":true,"campfire_choices":[{"data":"Infinite Blades","floor":6,"key":"SMITH"},{"data":"Noxious Fumes","floor":8,"key":"SMITH"},{"floor":15,"key":"REST"},{"floor":24,"key":"REST"}],"neow_cost":"NONE","seed_source_timestamp":1656895369145696,"circlet_count":0,"master_deck":["Defend_G+1","Defend_G+1","Defend_G+1","Defend_G+1","Defend_G+1","Strike_G+1","Strike_G+1","Strike_G+1","Strike_G+1","Strike_G+1","Survivor","Neutralize","AscendersBane","Leg Sweep","Infinite Blades+1","Accuracy","Finisher","Noxious Fumes+1","Sucker Punch","After Image+1","Footwork+1","Envenom+1","Terror","Accuracy+1","Cloak And Dagger","All Out Attack","PiercingWail","Backflip","Infinite Blades+1","PiercingWail"],"relics":["Ring of the Snake","NeowsBlessing","GremlinMask","Anchor","Thread and Needle","Odd Mushroom","Frozen Egg 2","Blood Vial","WristBlade","Boot","Bottled Lightning","The Courier"],"potions_floor_usage":[12,16,23,23,25],"damage_taken":[{"damage":0,"enemies":"Jaw Worm","floor":1,"turns":1},{"damage":0,"enemies":"Cultist","floor":2,"turns":1},{"damage":0,"enemies":"Lagavulin","floor":7,"turns":2},{"damage":10,"enemies":"The Mushroom Lair","floor":11,"turns":4},{"damage":21,"enemies":"Gremlin Nob","floor":12,"turns":4},{"damage":0,"enemies":"Small Slimes","floor":13,"turns":3},{"damage":0,"enemies":"Hexaghost","floor":16,"turns":12},{"damage":5,"enemies":"Chosen","floor":18,"turns":6},{"damage":21,"enemies":"3 Byrds","floor":21,"turns":5},{"damage":0,"enemies":"Centurion and Healer","floor":22,"turns":8},{"damage":22,"enemies":"Gremlin Leader","floor":23,"turns":5},{"damage":15,"enemies":"3 Cultists","floor":25,"turns":6},{"damage":12,"enemies":"Snake Plant","floor":28,"turns":7},{"damage":42,"enemies":"Slavers","floor":29,"turns":4}],"seed_played":"-7191917935061828018","potions_obtained":[{"floor":1,"key":"SpeedPotion"},{"floor":11,"key":"Poison Potion"},{"floor":12,"key":"Energy Potion"},{"floor":13,"key":"Dexterity Potion"},{"floor":21,"key":"Explosive Potion"},{"floor":23,"key":"Fire Potion"}],"is_trial":false,"path_per_floor":["M","M","$","?","$","R","E","R","T","?","?","E","M","T","R","B",null,"M","$","?","M","M","E","R","M","T","?","M"],"character_chosen":"THE_SILENT","items_purchased":["Accuracy","Finisher","Accuracy+1","Cloak And Dagger","All Out Attack"],"campfire_rested":2,"item_purchase_floors":[3,3,19,19,19],"current_hp_per_floor":[63,63,63,63,63,63,63,63,63,70,60,39,39,39,60,62,68,65,65,65,46,48,28,49,36,36,36,26,0],"gold":247,"neow_bonus":"THREE_ENEMY_KILL","is_prod":false,"is_daily":false,"chose_seed":false,"campfire_upgraded":2,"win_rate":0,"timestamp":1540815399,"path_taken":["M","M","$","?","$","R","E","R","T","?","?","E","M","?","R","BOSS","M","?","?","M","M","E","R","?","T","?","M","E"],"build_version":"2018-10-25v2","purchased_purges":0,"victory":false,"max_hp_per_floor":[70,70,70,70,70,70,70,70,70,70,70,70,70,70,70,70,70,70,70,70,70,70,70,70,70,70,70,70,70],"card_choices":[{"not_picked":["Outmaneuver","Prepared"],"picked":"Leg Sweep","floor":1},{"not_picked":["Masterful Stab","Bane"],"picked":"Infinite Blades","floor":2},{"not_picked":["Predator","Blur"],"picked":"Noxious Fumes","floor":7},{"not_picked":["Flying Knee","Skewer"],"picked":"Sucker Punch","floor":11},{"not_picked":["Outmaneuver","Prepared"],"picked":"After Image","floor":12},{"not_picked":["Catalyst","Dagger Spray"],"picked":"Footwork+1","floor":13},{"not_picked":["Glass Knife","Grand Finale"],"picked":"Envenom+1","floor":16},{"not_picked":["Choke","Flying Knee"],"picked":"Terror","floor":18},{"not_picked":["Outmaneuver","Calculated Gamble","Dagger Throw"],"picked":"SKIP","floor":21},{"not_picked":["Bane","Deflect"],"picked":"PiercingWail","floor":22},{"not_picked":["Heel Hook+1","Riddle With Holes"],"picked":"Backflip","floor":23},{"not_picked":["Catalyst","Corpse Explosion"],"picked":"Infinite Blades+1","floor":25},{"not_picked":["Prepared","Quick Slash"],"picked":"PiercingWail","floor":28}],"player_experience":1603630,"relics_obtained":[{"floor":7,"key":"Anchor"},{"floor":9,"key":"Thread and Needle"},{"floor":11,"key":"Odd Mushroom"},{"floor":12,"key":"Frozen Egg 2"},{"floor":14,"key":"Blood Vial"},{"floor":23,"key":"Bottled Lightning"},{"floor":26,"key":"The Courier"}],"event_choices":[{"damage_healed":0,"gold_gain":0,"player_choice":"Trade","damage_taken":0,"relics_obtained":["GremlinMask"],"max_hp_gain":0,"max_hp_loss":0,"event_name":"FaceTrader","floor":4,"gold_loss":0},{"damage_healed":7,"gold_gain":0,"player_choice":"Full Heal","damage_taken":0,"max_hp_gain":0,"max_hp_loss":0,"event_name":"Wheel of Change","floor":10,"gold_loss":0},{"damage_healed":0,"gold_gain":0,"player_choice":"Fought Mushrooms","damage_taken":0,"max_hp_gain":0,"max_hp_loss":0,"event_name":"Mushrooms","floor":11,"gold_loss":0},{"damage_healed":0,"gold_gain":0,"player_choice":"Opened","damage_taken":0,"relics_obtained":["Boot"],"max_hp_gain":0,"max_hp_loss":0,"event_name":"The Mausoleum","floor":20,"gold_loss":0},{"damage_healed":0,"gold_gain":0,"player_choice":"Simplicity","damage_taken":0,"max_hp_gain":0,"max_hp_loss":0,"event_name":"Back to Basics","floor":27,"gold_loss":0,"cards_upgraded":["Defend_G","Defend_G","Defend_G","Defend_G","Defend_G","Strike_G","Strike_G","Strike_G","Strike_G","Strike_G"]}],"is_beta":false,"boss_relics":[{"not_picked":["Black Star","Ectoplasm"],"picked":"WristBlade"}],"items_purged_floors":[],"is_endless":false,"potions_floor_spawned":[1,11,12,13,21,23],"killed_by":"Slavers","ascension_level":12}