{"gold_per_floor":[114,114,129,144,159,189,189,219,219,249,318,378,378,153,153,253,253,223,58,58,73,73,103,118,148,173,188,88,118,133,163,163,263,263,278,293,293,318,18,48,63,93,118,148,163,193,193,223,223,223],"floor_reached":51,"playtime":2320,"items_purged":["Strike_R","Strike_R"],"score":1026,"play_id":"5bf2a9e0-e8f6-4ab9-b584-dff31d7bce09","local_time":"20181202145543","daily_mods":["Heirloom","Blue Cards","Elite Swarm"],"is_ascension_mode":false,"campfire_choices":[{"data":"Uppercut","floor":7.0,"key":"SMITH"},{"data":"Spot Weakness","floor":13.0,"key":"SMITH"},{"data":"Bash","floor":15.0,"key":"SMITH"},{"data":"Echo Form","floor":32.0,"key":"SMITH"},{"floor":47,"key":"DIG"},{"floor":49,"key":"DIG"}],"neow_cost":"","seed_source_timestamp":0,"circlet_count":0,"master_deck":["Strike_R+1","Defend_R+1","Defend_R","Defend_R","Defend_R+1","Bash+1","Spot Weakness+1","Go for the Eyes","Uppercut+1","Stack+1","Double Tap","Echo Form+1","Reaper","Dark Embrace","Evolve","Burning Pact","Armaments+1","Reaper","Bludgeon","Sweeping Beam+1","Electrodynamics","Offering","Limit Break","Twin Strike+1","Whirlwind+1","Madness","Madness","Exhume","Sweeping Beam","Seek","Seek","Fiend Fire+1","Exhume"],"special_seed":17867,"relics":["Burning Blood","Calipers","Anchor","Red Skull","PreservedInsect","Orichalcum","Tiny Chest","War Paint","Empty Cage","Paper Frog","Incense Burner","Pear","Vajra","Nunchaku","Magic Flower","Velvet Choker","Omamori","Gambling Chip","Oddly Smooth Stone","Shovel","Centennial Puzzle","Molten Egg 2","Shuriken","The Courier","Unceasing Top","Charon\u0027s Ashes"],"potions_floor_usage":[50,50],"damage_taken":[{"damage":11.0,"enemies":"Jaw Worm","floor":1.0,"turns":3.0},{"damage":0.0,"enemies":"Small Slimes","floor":3.0,"turns":3.0},{"damage":0.0,"enemies":"Cultist","floor":4.0,"turns":4.0},{"damage":9.0,"enemies":"Exordium Thugs","floor":5.0,"turns":4.0},{"damage":8.0,"enemies":"Gremlin Nob","floor":6.0,"turns":3.0},{"damage":31.0,"enemies":"Lagavulin","floor":8.0,"turns":6.0},{"damage":12.0,"enemies":"Gremlin Nob","floor":10.0,"turns":3.0},{"damage":0.0,"enemies":"Lagavulin","floor":12.0,"turns":4.0},{"damage":17.0,"enemies":"Hexaghost","floor":16.0,"turns":8.0},{"damage":14.0,"enemies":"2 Thieves","floor":18.0,"turns":5.0},{"damage":10.0,"enemies":"Shell Parasite","floor":21.0,"turns":6.0},{"damage":41.0,"enemies":"Gremlin Leader","floor":23.0,"turns":7.0},{"damage":16.0,"enemies":"Snake Plant","floor":24.0,"turns":5.0},{"damage":28.0,"enemies":"Slavers","floor":25.0,"turns":7.0},{"damage":6.0,"enemies":"Snecko","floor":27.0,"turns":5.0},{"damage":26.0,"enemies":"Book of Stabbing","floor":29.0,"turns":5.0},{"damage":26.0,"enemies":"Cultist and Chosen","floor":30.0,"turns":6.0},{"damage":0.0,"enemies":"Gremlin Leader","floor":31.0,"turns":4.0},{"damage":66.0,"enemies":"Automaton","floor":33.0,"turns":8.0},{"damage":11.0,"enemies":"3 Shapes","floor":35.0,"turns":4.0},{"damage":19.0,"enemies":"3 Darklings","floor":36.0,"turns":5.0},{"damage":31,"enemies":"Reptomancer","floor":40,"turns":6},{"damage":33,"enemies":"Transient","floor":41,"turns":5},{"damage":12,"enemies":"Giant Head","floor":42,"turns":5},{"damage":31,"enemies":"Reptomancer","floor":44,"turns":5},{"damage":4,"enemies":"Sphere and 2 Shapes","floor":45,"turns":3},{"damage":36,"enemies":"Nemesis","floor":46,"turns":5},{"damage":14,"enemies":"Reptomancer","floor":48,"turns":2},{"damage":40,"enemies":"Donu and Deca","floor":50,"turns":5}],"seed_played":"-7513026677109115873","potions_obtained":[{"floor":1.0,"key":"FearPotion"},{"floor":3.0,"key":"Strength Potion"},{"floor":8.0,"key":"SmokeBomb"},{"floor":16.0,"key":"Explosive Potion"},{"floor":24.0,"key":"Swift Potion"},{"floor":25.0,"key":"SkillPotion"},{"floor":31.0,"key":"Strength Potion"},{"floor":33.0,"key":"Block Potion"},{"floor":35.0,"key":"EssenceOfSteel"}],"is_trial":false,"path_per_floor":["M","?","M","M","M","E","R","E","T","E","?","E","R","$","R","B",null,"M","$","?","M","?","E","M","E","T","M","$","E","M","E","R","B",null,"M","M","?","T","$","E","M","E","T","E","M","E","R","E","R","B",null],"character_chosen":"IRONCLAD","items_purchased":["War Paint","Evolve","Burning Pact","Swift Potion","Gambling Chip"],"campfire_rested":0,"item_purchase_floors":[14,19,19,19,39],"current_hp_per_floor":[75,59,65,71,68,66,66,41,41,35,35,41,41,41,41,57,80,72,72,72,80,80,67,67,76,76,90,90,88,80,90,90,90,90,90,90,79,79,79,75,90,90,90,77,82,90,90,90,90,59],"gold":223,"neow_bonus":"","is_prod":false,"is_daily":true,"chose_seed":false,"campfire_upgraded":4,"win_rate":0,"timestamp":1543758943,"path_taken":["M","?","M","M","M","E","R","E","T","E","?","E","R","$","R","BOSS","M","$","?","M","?","E","?","E","T","M","?","E","M","E","R","BOSS","M","M","?","?","$","E","M","E","T","E","M","E","R","E","R","BOSS"],"build_version":"2018-11-15","purchased_purges":2,"victory":true,"max_hp_per_floor":[80,80,80,80,80,80,80,80,80,80,80,80,80,80,80,80,80,80,80,80,80,80,80,80,90,90,90,90,90,90,90,90,90,90,90,90,90,90,90,90,90,90,90,90,90,90,90,90,90,90],"card_choices":[{"not_picked":["Glacier","Double Energy"],"picked":"Spot Weakness","floor":1.0},{"not_picked":["Clash","Barrage"],"picked":"Go for the Eyes","floor":3.0},{"not_picked":["Wild Strike","Perfected Strike"],"picked":"Uppercut","floor":4.0},{"not_picked":["Clash","Wild Strike"],"picked":"Stack","floor":5.0},{"not_picked":["Multi-Cast","Machine Learning"],"picked":"Double Tap","floor":6.0},{"not_picked":["Brutality","Multi-Cast"],"picked":"Echo Form","floor":8.0},{"not_picked":["Hyperbeam","Amplify"],"picked":"Reaper","floor":10.0},{"not_picked":["Bludgeon","Biased Cognition","Meteor Strike"],"picked":"SKIP","floor":12.0},{"not_picked":["Amplify","Berserk"],"picked":"Dark Embrace","floor":16.0},{"not_picked":["Redo","Clash","Cleave"],"picked":"SKIP","floor":18.0},{"not_picked":["Pommel Strike","Iron Wave"],"picked":"Armaments+1","floor":21.0},{"not_picked":["Meteor Strike","All For One"],"picked":"Bludgeon","floor":23.0},{"not_picked":["Anger","Power Through","Tempest"],"picked":"SKIP","floor":24.0},{"not_picked":["Reboot","Demon Form","Bludgeon"],"picked":"SKIP","floor":25.0},{"not_picked":["Shrug It Off","Ball Lightning+1"],"picked":"Sweeping Beam+1","floor":27.0},{"not_picked":["Reboot","Thunder Strike"],"picked":"Electrodynamics","floor":29.0},{"not_picked":["Infernal Blade","Dual Wield+1","Cold Snap+1"],"picked":"SKIP","floor":30.0},{"not_picked":["All For One","Fiend Fire"],"picked":"Offering","floor":31.0},{"not_picked":["Creative AI","Buffer"],"picked":"Limit Break","floor":33.0},{"not_picked":["Bloodletting","Dropkick+1"],"picked":"Twin Strike+1","floor":35.0},{"not_picked":["Redo+1","Scrape"],"picked":"Whirlwind+1","floor":36.0},{"not_picked":["Barricade","Reboot"],"picked":"Exhume","floor":40},{"not_picked":["Static Discharge","Ball Lightning"],"picked":"Sweeping Beam","floor":41},{"not_picked":["Amplify","Impervious"],"picked":"Seek","floor":42},{"not_picked":["Juggernaut","Multi-Cast"],"picked":"Seek","floor":44},{"not_picked":["Metallicize","Barrage+1","Fusion+1"],"picked":"SKIP","floor":45},{"not_picked":["Reaper+1","Offering"],"picked":"Fiend Fire+1","floor":46},{"not_picked":["Dark Embrace","Bludgeon+1"],"picked":"Exhume","floor":48}],"player_experience":1759938,"relics_obtained":[{"floor":6.0,"key":"Anchor"},{"floor":8.0,"key":"Red Skull"},{"floor":9.0,"key":"PreservedInsect"},{"floor":10.0,"key":"Orichalcum"},{"floor":12.0,"key":"Tiny Chest"},{"floor":23.0,"key":"Incense Burner"},{"floor":25.0,"key":"Pear"},{"floor":26.0,"key":"Vajra"},{"floor":29.0,"key":"Nunchaku"},{"floor":31.0,"key":"Magic Flower"},{"floor":38.0,"key":"Omamori"},{"floor":40,"key":"Oddly Smooth Stone"},{"floor":42,"key":"Shovel"},{"floor":43,"key":"Centennial Puzzle"},{"floor":44,"key":"Molten Egg 2"},{"floor":46,"key":"Shuriken"},{"floor":47,"key":"The Courier"},{"floor":48,"key":"Unceasing Top"},{"floor":49,"key":"Charon\u0027s Ashes"}],"event_choices":[{"damage_healed":0.0,"max_hp_gain":0.0,"max_hp_loss":0.0,"gold_gain":0.0,"event_name":"Shining Light","player_choice":"Entered Light","floor":2.0,"gold_loss":0.0,"damage_taken":16.0,"cards_upgraded":["Defend_R","Strike_R"]},{"damage_healed":0.0,"max_hp_gain":0.0,"max_hp_loss":0.0,"gold_gain":69.0,"event_name":"Golden Wing","player_choice":"Gained Gold","floor":11.0,"gold_loss":0.0,"damage_taken":0.0},{"damage_healed":0.0,"max_hp_gain":0.0,"max_hp_loss":0.0,"gold_gain":0.0,"event_name":"The Mausoleum","player_choice":"Opened","floor":20.0,"gold_loss":0.0,"damage_taken":0.0,"relics_obtained":["Paper Frog"]},{"damage_healed":0.0,"max_hp_gain":0.0,"max_hp_loss":0.0,"gold_gain":0.0,"event_name":"Duplicator","player_choice":"Copied","floor":22.0,"gold_loss":0.0,"damage_taken":0.0,"cards_obtained":["Reaper"]},{"damage_healed":0.0,"max_hp_gain":0.0,"max_hp_loss":0.0,"gold_gain":0.0,"event_name":"Winding Halls","player_choice":"Embrace Madness","floor":37.0,"gold_loss":0.0,"damage_taken":11.0,"cards_obtained":["Madness","Madness"]}],"is_beta":false,"boss_relics":[{"not_picked":["Calling Bell","Tiny House"],"picked":"Empty Cage"},{"not_picked":["Black Blood","White Beast Statue"],"picked":"Velvet Choker"}],"items_purged_floors":[14,28],"is_endless":false,"potions_floor_spawned":[1,3,8,16,23,24,25,27,31,33,35,41,42,48],"ascension_level":0}