{"gold_per_floor":[114,128,128,228,241,267,267,286,333,353,353,353,353,353,353,353],"floor_reached":16,"playtime":382,"items_purged":[],"score":100,"play_id":"4ed4fa7e-21b1-4047-a60b-76b4fc7120c9","local_time":"20190207211330","is_ascension_mode":false,"campfire_choices":[{"data":"Zap","floor":7,"key":"SMITH"},{"floor":11,"key":"REST"},{"data":"Dualcast","floor":15,"key":"SMITH"}],"neow_cost":"NONE","seed_source_timestamp":1337608912233565,"circlet_count":0,"master_deck":["Strike_B","Strike_B","Strike_B","Strike_B","Defend_B","Defend_B+1","Defend_B","Defend_B","Zap+1","Dualcast+1","Sweeping Beam","Conserve Battery+1","White Noise+1"],"relics":["Cracked Core","NeowsBlessing","Singing Bowl","Bag of Preparation","Ancient Tea Set"],"potions_floor_usage":[6,8,16],"damage_taken":[{"damage":0,"enemies":"Cultist","floor":1,"turns":1},{"damage":0,"enemies":"2 Louse","floor":2,"turns":1},{"damage":0,"enemies":"Small Slimes","floor":5,"turns":1},{"damage":28,"enemies":"3 Sentries","floor":6,"turns":7},{"damage":37,"enemies":"Gremlin Gang","floor":8,"turns":4},{"damage":1,"enemies":"Red Slaver","floor":10,"turns":4},{"damage":23,"enemies":"The Guardian","floor":16,"turns":9}],"seed_played":"-1809022749805764709","potions_obtained":[{"floor":2,"key":"SpeedPotion"},{"floor":6,"key":"SpeedPotion"},{"floor":10,"key":"FearPotion"}],"is_trial":false,"path_per_floor":["M","M","$","?","M","E","R","M","T","M","R","?","?","?","R","B"],"character_chosen":"DEFECT","items_purchased":[],"campfire_rested":1,"item_purchase_floors":[],"current_hp_per_floor":[75,75,75,75,75,49,49,14,14,15,39,36,20,20,20,0],"gold":353,"neow_bonus":"THREE_ENEMY_KILL","is_prod":false,"is_daily":false,"chose_seed":false,"campfire_upgraded":2,"win_rate":0,"timestamp":1549541610,"path_taken":["M","M","$","?","M","E","R","?","T","M","R","?","?","?","R","BOSS"],"build_version":"2019-01-23","purchased_purges":0,"victory":false,"max_hp_per_floor":[75,75,75,75,75,77,77,79,79,81,81,81,81,81,81,81],"card_choices":[{"not_picked":["Rebound","Leap"],"picked":"Sweeping Beam","floor":1},{"not_picked":["Barrage","Turbo"],"picked":"Conserve Battery","floor":2},{"not_picked":["Cold Snap","Aggregate"],"picked":"White Noise","floor":5},{"not_picked":["Coolheaded","Storm","Streamline"],"picked":"Singing Bowl","floor":6},{"not_picked":["Go for the Eyes","Redo","Force Field"],"picked":"Singing Bowl","floor":8},{"not_picked":["Streamline","White Noise","Sweeping Beam"],"picked":"Singing Bowl","floor":10}],"player_experience":483981,"relics_obtained":[{"floor":6,"key":"Singing Bowl"},{"floor":9,"key":"Bag of Preparation"}],"event_choices":[{"damage_healed":0,"gold_gain":100,"player_choice":"Pray","damage_taken":0,"max_hp_gain":0,"max_hp_loss":0,"event_name":"Golden Shrine","floor":4,"gold_loss":0},{"damage_healed":0,"gold_gain":0,"player_choice":"Success","damage_taken":3,"relics_obtained":["Ancient Tea Set"],"max_hp_gain":0,"max_hp_loss":0,"event_name":"Scrap Ooze","floor":12,"gold_loss":0},{"damage_healed":0,"gold_gain":0,"player_choice":"Entered Light","damage_taken":16,"max_hp_gain":0,"max_hp_loss":0,"event_name":"Shining Light","floor":13,"gold_loss":0,"cards_upgraded":["White Noise","Defend_B"]},{"damage_healed":0,"gold_gain":0,"player_choice":"Upgraded","damage_taken":0,"max_hp_gain":0,"max_hp_loss":0,"event_name":"Upgrade Shrine","floor":14,"gold_loss":0,"cards_upgraded":["Conserve Battery"]}],"is_beta":false,"boss_relics":[],"items_purged_floors":[],"is_endless":false,"potions_floor_spawned":[2,6,10],"killed_by":"The Guardian","ascension_level":0}