{"gold_per_floor":[117,117,42,57,57,57,89,89,89,117,131,150,150,170,170,170],"floor_reached":16,"playtime":878,"items_purged":["Strike_R"],"score":182,"play_id":"61a9919b-297e-4ff1-af0d-1167f17cefcc","local_time":"20180703135538","is_ascension_mode":true,"campfire_choices":[{"data":"Ghostly Armor","floor":6.0,"key":"SMITH"},{"data":"Whirlwind","floor":8.0,"key":"SMITH"},{"data":"Battle Trance","floor":13,"key":"SMITH"},{"data":"Uppercut","floor":15,"key":"SMITH"}],"neow_cost":"","seed_source_timestamp":383015457501019,"circlet_count":0,"master_deck":["Strike_R","Strike_R","Strike_R","Defend_R","Defend_R","Defend_R","Defend_R","Bash","AscendersBane","Ghostly Armor+1","Battle Trance+1","Whirlwind+1","Uppercut+1","Clothesline"],"special_seed":0,"relics":["Burning Blood","Ornamental Fan","Thread and Needle","Regal Pillow","Turnip"],"potions_floor_usage":[],"damage_taken":[{"damage":9.0,"enemies":"Jaw Worm","floor":1.0,"turns":4.0},{"damage":0.0,"enemies":"Cultist","floor":4.0,"turns":4.0},{"damage":17.0,"enemies":"3 Sentries","floor":7.0,"turns":11.0},{"damage":33,"enemies":"Lagavulin","floor":10,"turns":8},{"damage":0,"enemies":"Small Slimes","floor":11,"turns":2},{"damage":0,"enemies":"3 Louse","floor":12,"turns":1},{"damage":0,"enemies":"Gremlin Gang","floor":14,"turns":1},{"damage":53,"enemies":"Hexaghost","floor":16,"turns":16}],"seed_played":"2714031323211530229","potions_obtained":[{"floor":1.0,"key":"Explosive Potion"},{"floor":14,"key":"Ancient Potion"}],"is_trial":false,"path_per_floor":["M","?","$","M","?","R","E","R","T","E","M","M","R","M","R"],"character_chosen":"IRONCLAD","items_purchased":[],"campfire_rested":0,"item_purchase_floors":[],"current_hp_per_floor":[77,77,77,83,71,71,60,60,60,33,39,45,45,51,51,0],"gold":170,"neow_bonus":"","is_prod":false,"is_daily":false,"chose_seed":false,"campfire_upgraded":4,"win_rate":0,"timestamp":1530618938,"path_taken":["M","?","$","?","?","R","E","R","T","E","M","M","R","M","R","BOSS"],"build_version":"2018-07-02","purchased_purges":1,"victory":false,"max_hp_per_floor":[88,88,88,88,88,88,88,88,88,88,88,88,88,88,88,88],"card_choices":[{"not_picked":["Sentinel","Headbutt"],"picked":"Ghostly Armor","floor":1.0},{"not_picked":["Wild Strike","Anger"],"picked":"Battle Trance","floor":4.0},{"not_picked":["True Grit","Warcry"],"picked":"Whirlwind","floor":7.0},{"not_picked":["Armaments","Feel No Pain"],"picked":"Uppercut","floor":10},{"not_picked":["Sever Soul","Rupture","Wild Strike"],"picked":"SKIP","floor":11},{"not_picked":["Thunderclap","Dual Wield","Wild Strike"],"picked":"SKIP","floor":12},{"not_picked":["Armaments","Wild Strike"],"picked":"Clothesline","floor":14}],"player_experience":246395,"relics_obtained":[{"floor":7.0,"key":"Thread and Needle"},{"floor":9.0,"key":"Regal Pillow"},{"floor":10,"key":"Turnip"}],"event_choices":[{"event_name":"Bonfire Elementals","player_choice":"BASIC","floor":2.0,"damage_taken":0.0},{"event_name":"Scrap Ooze","player_choice":"success","floor":5.0,"damage_taken":12.0}],"boss_relics":[],"items_purged_floors":[],"is_endless":false,"potions_floor_spawned":[1,14],"killed_by":"Hexaghost","ascension_level":13}