{"gold_per_floor":[110,128,15,29,44,44,61,75,75,110,110,41,41,67,67,162,162,179,179,191,207,217,217,229,260,287,287,287,312,141,172,172,269,269,280,295,295,310,327,356,356,366,391,416,416,416,436,463,463,463],"floor_reached":51,"playtime":4662,"items_purged":["Strike_G","Strike_G"],"score":1452,"play_id":"ba7c170b-a5c4-4547-9da0-2fa1de625e6e","local_time":"20180802144748","is_ascension_mode":true,"campfire_choices":[{"data":"Noxious Fumes","floor":6.0,"key":"SMITH"},{"data":"Dash","floor":11.0,"key":"SMITH"},{"floor":13.0,"key":"REST"},{"data":"Dodge and Roll","floor":15.0,"key":"SMITH"},{"data":"Cloak And Dagger","floor":23,"key":"SMITH"},{"data":"Cloak And Dagger","floor":27,"key":"SMITH"},{"floor":32,"key":"REST"},{"floor":41,"key":"REST"},{"data":"Neutralize","floor":46,"key":"SMITH"},{"data":"Finisher","floor":49,"key":"SMITH"}],"neow_cost":"NONE","seed_source_timestamp":0,"circlet_count":0,"master_deck":["Defend_G","Defend_G","Defend_G","Defend_G","Defend_G","Strike_G","Strike_G","Strike_G","Survivor","Neutralize+1","Dodge and Roll+1","Dash+1","Noxious Fumes+1","Cloak And Dagger+1","Cloak And Dagger+1","Finisher+1","PiercingWail","Adrenaline+1","Crippling Poison+1","Well Laid Plans+1","Tools of the Trade+1","Backflip+1","Adrenaline+1","Blur+1","PiercingWail+1","Pain","Noxious Fumes+1","Noxious Fumes+1","Dodge and Roll+1","Malaise+1","Terror+1","Madness+1","Madness+1","Footwork+1","Expertise+1","Acrobatics+1","Tools of the Trade+1","Prepared+1","Prepared+1","Calculated Gamble+1"],"special_seed":0,"relics":["Black Star","Ornamental Fan","Frozen Egg 2","Toxic Egg 2","Pantograph","Ninja Scroll","Cursed Key","Prayer Wheel","Unceasing Top","Omamori","Bag of Marbles","Question Card","Letter Opener","Mercury Hourglass","Bottled Flame","Busted Crown","Happy Flower","Oddly Smooth Stone","Lantern","Orichalcum","Strawberry","Turnip","Torii","The Specimen"],"potions_floor_usage":[],"damage_taken":[{"damage":0.0,"enemies":"Cultist","floor":1.0,"turns":5.0},{"damage":0.0,"enemies":"2 Louse","floor":2.0,"turns":4.0},{"damage":5.0,"enemies":"Jaw Worm","floor":4.0,"turns":4.0},{"damage":3.0,"enemies":"2 Fungi Beasts","floor":5.0,"turns":4.0},{"damage":0.0,"enemies":"Blue Slaver","floor":7.0,"turns":5.0},{"damage":4.0,"enemies":"Red Slaver","floor":8.0,"turns":5.0},{"damage":16.0,"enemies":"Gremlin Nob","floor":10.0,"turns":5.0},{"damage":0.0,"enemies":"3 Sentries","floor":14.0,"turns":5.0},{"damage":13.0,"enemies":"Slime Boss","floor":16.0,"turns":10.0},{"damage":0.0,"enemies":"3 Byrds","floor":18.0,"turns":4.0},{"damage":9.0,"enemies":"Chosen","floor":20.0,"turns":5.0},{"damage":6.0,"enemies":"Slaver and Parasite","floor":21.0,"turns":6.0},{"damage":2,"enemies":"Snecko","floor":22,"turns":5},{"damage":0,"enemies":"Chosen and Byrds","floor":24,"turns":6},{"damage":0,"enemies":"Gremlin Leader","floor":25,"turns":7},{"damage":2,"enemies":"Slavers","floor":29,"turns":6},{"damage":1,"enemies":"Gremlin Leader","floor":31,"turns":6},{"damage":16,"enemies":"Collector","floor":33,"turns":8},{"damage":2,"enemies":"Orb Walker","floor":35,"turns":4},{"damage":0,"enemies":"Flame Bruiser 1 Orb","floor":36,"turns":6},{"damage":1,"enemies":"4 Shapes","floor":38,"turns":4},{"damage":18,"enemies":"3 Darklings","floor":39,"turns":4},{"damage":8,"enemies":"Nemesis","floor":40,"turns":5},{"damage":0,"enemies":"Maw","floor":42,"turns":8},{"damage":0,"enemies":"2 Orb Walkers","floor":44,"turns":5},{"damage":1,"floor":45,"turns":6},{"damage":0,"enemies":"4 Shapes","floor":47,"turns":5},{"damage":4,"enemies":"Nemesis","floor":48,"turns":5},{"damage":3,"enemies":"Awakened One","floor":50,"turns":12}],"seed_played":"-5159833850735744539","potions_obtained":[{"floor":4.0,"key":"Energy Potion"},{"floor":5.0,"key":"Dexterity Potion"},{"floor":14.0,"key":"Energy Potion"},{"floor":16.0,"key":"Fire Potion"},{"floor":22,"key":"GamblersBrew"},{"floor":24,"key":"FearPotion"},{"floor":29,"key":"AttackPotion"},{"floor":33,"key":"Ancient Potion"},{"floor":44,"key":"Strength Potion"}],"is_trial":false,"path_per_floor":["M","M","$","M","M","R","M","M","T","E","R","$","R","E","R","B",null,"M","?","M","M","M","R","M","E","T","R","?","E","$","E","R","B",null,"M","M","?","M","M","E","R","M","T","E","?","R","M","E","R","B"],"character_chosen":"THE_SILENT","items_purchased":["Noxious Fumes","Crippling Poison+1","Noxious Fumes+1"],"campfire_rested":3,"item_purchase_floors":[3,12,30],"current_hp_per_floor":[63,63,63,58,55,55,55,51,51,35,35,35,56,56,56,57,67,67,60,51,45,43,43,43,43,43,43,43,41,41,40,61,54,66,64,64,55,54,36,28,49,49,49,56,76,76,76,72,72,74],"gold":463,"neow_bonus":"BOSS_RELIC","is_prod":false,"is_daily":false,"chose_seed":false,"campfire_upgraded":7,"win_rate":0,"timestamp":1533214068,"path_taken":["M","M","?","M","M","R","M","M","T","E","R","$","R","E","R","BOSS","M","?","M","M","M","R","M","E","T","R","?","E","?","E","R","BOSS","M","M","?","M","M","E","R","M","T","E","?","R","M","E","R","BOSS"],"build_version":"2018-08-01","purchased_purges":2,"victory":true,"max_hp_per_floor":[70,70,70,70,70,70,70,70,70,70,70,70,70,70,70,70,70,70,70,70,70,70,70,70,70,70,70,70,70,70,70,70,70,70,70,70,70,70,70,70,70,70,70,77,77,77,77,77,77,77],"card_choices":[{"not_picked":["Slice","Blade Dance"],"picked":"Dodge and Roll","floor":1.0},{"not_picked":["Acrobatics","Quick Slash"],"picked":"Dash","floor":2.0},{"not_picked":["Dagger Spray","Flying Knee"],"picked":"Cloak And Dagger","floor":4.0},{"not_picked":["Reflex","Sucker Punch"],"picked":"Cloak And Dagger","floor":5.0},{"not_picked":["Outmaneuver","Deadly Poison"],"picked":"Finisher","floor":7.0},{"not_picked":["Outmaneuver","Calculated Gamble"],"picked":"PiercingWail","floor":8.0},{"not_picked":["Endless Agony","Backflip"],"picked":"Adrenaline","floor":10.0},{"not_picked":["Quick Slash","Underhanded Strike"],"picked":"Well Laid Plans+1","floor":14.0},{"not_picked":["Unload","Doppelganger+1"],"picked":"Tools of the Trade+1","floor":16.0},{"not_picked":["Deadly Poison+1","Outmaneuver+1","Dagger Throw"],"picked":"SKIP","floor":18.0},{"not_picked":["Prepared+1","Dagger Throw","Sucker Punch"],"picked":"SKIP","floor":20.0},{"not_picked":["Blade Dance+1","Flying Knee"],"picked":"Backflip+1","floor":21},{"not_picked":["Dagger Spray","Terror+1"],"picked":"Adrenaline+1","floor":22},{"not_picked":["Bane","PiercingWail+1"],"picked":"Blur+1","floor":24},{"not_picked":["Outmaneuver+1","Prepared+1"],"picked":"PiercingWail+1","floor":25},{"not_picked":["Quick Slash","Night Terror+1"],"picked":"Noxious Fumes+1","floor":29},{"not_picked":["Deadly Poison+1","Underhanded Strike","Unload"],"picked":"Dodge and Roll+1","floor":31},{"not_picked":["Grand Finale","Phantasmal Killer+1","Burst+1"],"picked":"Malaise+1","floor":33},{"not_picked":["Prepared+1"],"picked":"Terror+1","floor":35},{"not_picked":["Quick Slash+1","Dagger Throw"],"picked":"SKIP","floor":35},{"not_picked":["Prepared+1","Concentrate+1"],"picked":"SKIP","floor":36},{"not_picked":["Outmaneuver+1","Endless Agony+1"],"picked":"SKIP","floor":36},{"not_picked":["Dagger Throw+1","Reflex+1"],"picked":"SKIP","floor":38},{"not_picked":["Poisoned Stab","Masterful Stab+1"],"picked":"SKIP","floor":38},{"not_picked":["Escape Plan+1"],"picked":"Footwork+1","floor":39},{"not_picked":["Masterful Stab","Bane+1"],"picked":"SKIP","floor":39},{"not_picked":["Deadly Poison+1"],"picked":"Expertise+1","floor":40},{"not_picked":["Deflect+1"],"picked":"Acrobatics+1","floor":42},{"not_picked":["Slice","Endless Agony"],"picked":"SKIP","floor":42},{"not_picked":["Poisoned Stab","Deadly Poison+1"],"picked":"SKIP","floor":44},{"not_picked":["Quick Slash"],"picked":"Tools of the Trade+1","floor":45},{"not_picked":["Underhanded Strike"],"picked":"Prepared+1","floor":47},{"not_picked":["Deadly Poison+1"],"picked":"Prepared+1","floor":47},{"not_picked":["Eviscerate"],"picked":"Calculated Gamble+1","floor":48}],"player_experience":372223,"relics_obtained":[{"floor":9.0,"key":"Ornamental Fan"},{"floor":10.0,"key":"Frozen Egg 2"},{"floor":10.0,"key":"Toxic Egg 2"},{"floor":14.0,"key":"Pantograph"},{"floor":14.0,"key":"Ninja Scroll"},{"floor":25,"key":"Prayer Wheel"},{"floor":25,"key":"Unceasing Top"},{"floor":26,"key":"Omamori"},{"floor":29,"key":"Question Card"},{"floor":29,"key":"Letter Opener"},{"floor":31,"key":"Mercury Hourglass"},{"floor":31,"key":"Bottled Flame"},{"floor":40,"key":"Happy Flower"},{"floor":40,"key":"Oddly Smooth Stone"},{"floor":43,"key":"Lantern"},{"floor":44,"key":"Orichalcum"},{"floor":44,"key":"Strawberry"},{"floor":45,"key":"Turnip"},{"floor":48,"key":"Torii"},{"floor":48,"key":"The Specimen"}],"event_choices":[{"event_name":"Wheel of Change","player_choice":"Damage","floor":19.0,"damage_taken":0.0},{"event_name":"WeMeetAgain","player_choice":"Potion","floor":28,"damage_taken":0},{"event_name":"Winding Halls","player_choice":"Embrace Madness","floor":37,"damage_taken":0},{"event_name":"MindBloom","player_choice":"Fight","floor":45,"damage_taken":0}],"is_beta":true,"boss_relics":[{"not_picked":["Snecko Eye","Eternal Feather"],"picked":"Cursed Key"},{"not_picked":["Calling Bell","Empty Cage"],"picked":"Busted Crown"}],"items_purged_floors":[3,30],"is_endless":false,"potions_floor_spawned":[4,5,14,16,22,24,29,33,39,40,44],"ascension_level":9}