{"gold_per_floor":[119,69,69,144,144,169,187,204,204,222,22,22,22,36,36,141,141,159,159,169,45,61,61,80,80,105,124,124,124,124,49,49,153,153],"floor_reached":34,"playtime":1545,"items_purged":["Defend_R"],"score":375,"play_id":"b9fc8a2b-14a9-465c-b300-a8c12bf3d434","local_time":"20190111095144","is_ascension_mode":false,"campfire_choices":[{"floor":13,"key":"REST"},{"data":"Rage","floor":15,"key":"SMITH"},{"data":"Pommel Strike","floor":23,"key":"SMITH"},{"floor":28,"key":"REST"},{"data":"Tools of the Trade","floor":30,"key":"SMITH"},{"data":"Metallicize","floor":32,"key":"SMITH"}],"neow_cost":"NONE","seed_source_timestamp":194794063854762,"circlet_count":0,"master_deck":["Defend_R","Defend_R","Defend_R","Bash+1","Pommel Strike+1","Headbutt","Double Tap","Rage+1","Carnage+1","Poisoned Stab+1","Tools of the Trade+1","Clash+1","Wild Strike+1","Coolheaded","Beam Cell+1","Metallicize","Flash of Steel+1","Well Laid Plans","Metallicize+1","Sweeping Beam+1","Immolate+1"],"relics":["Burning Blood","Mercury Hourglass","Molten Egg 2","PrismaticShard","Astrolabe","Nilry\u0027s Codex","Orrery"],"potions_floor_usage":[6,8,16,16,24],"damage_taken":[{"damage":0,"enemies":"2 Louse","floor":1,"turns":3},{"damage":68,"enemies":"3 Sentries","floor":6,"turns":14},{"damage":1,"enemies":"Jaw Worm","floor":7,"turns":3},{"damage":2,"enemies":"Small Slimes","floor":8,"turns":2},{"damage":3,"enemies":"Blue Slaver","floor":10,"turns":3},{"damage":8,"enemies":"Red Slaver","floor":14,"turns":2},{"damage":15,"enemies":"Hexaghost","floor":16,"turns":7},{"damage":10,"enemies":"Spheric Guardian","floor":18,"turns":3},{"damage":21,"enemies":"3 Byrds","floor":20,"turns":3},{"damage":0,"enemies":"Snecko","floor":22,"turns":3},{"damage":18,"enemies":"Cultist and Chosen","floor":24,"turns":5},{"damage":19,"enemies":"Centurion and Healer","floor":27,"turns":5},{"damage":56,"enemies":"Champ","floor":33,"turns":13}],"seed_played":"901114548540963011","potions_obtained":[{"floor":1,"key":"FearPotion"},{"floor":7,"key":"Weak Potion"},{"floor":10,"key":"Explosive Potion"},{"floor":14,"key":"AttackPotion"},{"floor":22,"key":"Weak Potion"},{"floor":33,"key":"GamblersBrew"}],"is_trial":false,"path_per_floor":["M","?","?","?","?","E","M","M","T","M","$","$","R","M","R","B",null,"M","?","M","$","M","R","M","?","T","M","R","?","R","$","R","B",null],"character_chosen":"IRONCLAD","items_purchased":["PrismaticShard","Metallicize","Flash of Steel+1"],"campfire_rested":2,"item_purchase_floors":[11,21,21],"current_hp_per_floor":[80,80,80,69,74,12,17,21,21,24,24,24,49,47,47,38,85,81,81,66,66,72,72,60,44,44,31,56,95,95,95,95,45,45],"gold":153,"neow_bonus":"UPGRADE_CARD","is_prod":false,"is_daily":false,"chose_seed":false,"campfire_upgraded":4,"win_rate":0,"timestamp":1547218304,"path_taken":["M","?","?","?","?","E","M","?","T","M","?","$","R","M","R","BOSS","M","?","M","$","M","R","M","?","T","M","R","?","R","$","R","BOSS"],"build_version":"2019-01-10","purchased_purges":1,"victory":false,"max_hp_per_floor":[80,80,80,80,85,85,85,85,85,85,85,85,85,85,85,85,85,85,85,85,85,85,85,85,85,85,85,85,95,95,95,95,95,95],"card_choices":[{"not_picked":["Feel No Pain","Body Slam"],"picked":"Pommel Strike","floor":1},{"not_picked":["Iron Wave","Carnage"],"picked":"Headbutt","floor":6},{"not_picked":["Perfected Strike","Corruption"],"picked":"Double Tap","floor":7},{"not_picked":["Whirlwind","Clothesline"],"picked":"Rage","floor":8},{"not_picked":["Heavy Blade+1","Flex"],"picked":"Carnage+1","floor":10},{"not_picked":["Sword Boomerang+1","Auto Shields"],"picked":"Poisoned Stab+1","floor":14},{"not_picked":["Impervious","Malaise"],"picked":"Tools of the Trade","floor":16},{"not_picked":["Blade Dance","Bloodletting"],"picked":"Coolheaded","floor":18},{"not_picked":["Heel Hook+1","Infernal Blade"],"picked":"Beam Cell+1","floor":20},{"not_picked":["Footwork","Flex"],"picked":"Well Laid Plans","floor":22},{"not_picked":["Discovery","Bane+1"],"picked":"Metallicize","floor":24},{"not_picked":["Acrobatics","Clothesline+1"],"picked":"Sweeping Beam+1","floor":27},{"not_picked":["Phantasmal Killer","Venomology"],"picked":"Immolate+1","floor":33}],"player_experience":2073097,"relics_obtained":[{"floor":6,"key":"Mercury Hourglass"},{"floor":9,"key":"Molten Egg 2"},{"floor":25,"key":"Nilry\u0027s Codex"}],"event_choices":[{"cards_removed":["Strike_R"],"damage_healed":0,"gold_gain":0,"player_choice":"Card Removal","damage_taken":0,"max_hp_gain":0,"max_hp_loss":0,"event_name":"The Cleric","floor":2,"gold_loss":50},{"cards_removed":["Strike_R"],"damage_healed":0,"gold_gain":0,"player_choice":"Forget","damage_taken":0,"max_hp_gain":0,"max_hp_loss":0,"event_name":"Living Wall","floor":3,"gold_loss":0},{"damage_healed":0,"gold_gain":75,"player_choice":"Gather Gold","damage_taken":11,"max_hp_gain":0,"max_hp_loss":0,"event_name":"World of Goop","floor":4,"gold_loss":0},{"damage_healed":0,"gold_gain":0,"player_choice":"Donut","damage_taken":0,"max_hp_gain":5,"max_hp_loss":0,"event_name":"Big Fish","floor":5,"gold_loss":0},{"damage_healed":0,"gold_gain":0,"player_choice":"Ignored","damage_taken":0,"max_hp_gain":0,"max_hp_loss":0,"event_name":"Vampires","floor":19,"gold_loss":0},{"damage_healed":0,"gold_gain":0,"player_choice":"Obtained Book","damage_taken":16,"max_hp_gain":0,"max_hp_loss":0,"event_name":"Cursed Tome","floor":25,"gold_loss":0},{"cards_removed":["Barricade"],"damage_healed":29,"gold_gain":0,"player_choice":"Offered Rare","damage_taken":0,"max_hp_gain":10,"max_hp_loss":0,"event_name":"Bonfire Elementals","floor":29,"gold_loss":0}],"is_beta":false,"boss_relics":[{"not_picked":["Calling Bell","Runic Dome"],"picked":"Astrolabe"},{"not_picked":["Velvet Choker","Coffee Dripper"],"picked":"Orrery"}],"items_purged_floors":[31],"is_endless":false,"potions_floor_spawned":[1,7,10,14,22,33],"ascension_level":0}