{"path_per_floor":["M","M","M","?","$","R","E","R","T","M","M","?","R","M","R","B",null,"M","M","?","?","M","R","E","R","T","R","E","T","?","M","R"],"character_chosen":"THE_SILENT","items_purchased":["Mind Blast"],"gold_per_floor":[109,120,133,133,32,32,65,65,65,79,102,102,102,120,120,239,239,224,239,239,239,252,252,288,288,312,312,352,352,352,368,368,368],"floor_reached":33,"campfire_rested":1,"playtime":2071,"item_purchase_floors":[],"current_hp_per_floor":[69,61,57,57,57,57,49,49,49,49,48,36,36,36,36,43,65,55,45,45,45,36,36,29,29,29,48,26,26,26,26,26,0],"items_purged":[],"gold":368,"score":353,"play_id":"12cce568-2e24-4f65-9468-0e647a8f5ff4","local_time":"20180609022928","is_prod":false,"is_daily":false,"chose_seed":false,"is_ascension_mode":true,"campfire_upgraded":7,"win_rate":0,"timestamp":1528504168,"campfire_choices":[{"data":"Mind Blast","floor":6.0,"key":"SMITH"},{"data":"Phantasmal Killer","floor":8.0,"key":"SMITH"},{"data":"Dash","floor":13.0,"key":"SMITH"},{"data":"Dagger Spray","floor":15.0,"key":"SMITH"},{"data":"A Thousand Cuts","floor":23.0,"key":"SMITH"},{"data":"Neutralize","floor":25,"key":"SMITH"},{"floor":27,"key":"REST"},{"data":"Deadly Poison","floor":32,"key":"SMITH"}],"path_taken":["M","M","?","?","?","R","E","R","T","M","M","?","R","M","R","BOSS","M","M","?","?","M","R","E","R","T","R","E","?","?","M","R","BOSS"],"build_version":"2018-06-07v2","seed_source_timestamp":0,"purchased_purges":0,"victory":false,"master_deck":["Defend_G","Defend_G","Defend_G","Defend_G","Defend_G","Strike_G","Strike_G","Strike_G","Strike_G+1","Strike_G","Survivor","Neutralize+1","Escape Plan","Backflip","Dash+1","Mind Blast+1","Phantasmal Killer+1","Dagger Spray+1","PiercingWail","A Thousand Cuts+1","Backflip","Flying Knee+1","Dodge and Roll+1","Ghostly","Ghostly","Ghostly","Ghostly","Ghostly","Deadly Poison+1"],"max_hp_per_floor":[70,70,70,65,65,65,65,65,65,65,65,65,65,65,65,65,65,65,65,65,65,65,65,65,65,65,65,65,65,32,32,32,32],"relics":["Ring of the Snake","Golden Idol","Sundial","Mercury Hourglass","Meat on the Bone","Lizard Tail","The Specimen","Whetstone","Juzu Bracelet","Bag of Preparation"],"card_choices":[{"not_picked":["Dagger Throw","Reflex"],"picked":"Escape Plan","floor":1.0},{"not_picked":["Deflect","PiercingWail"],"picked":"Backflip","floor":2.0},{"not_picked":["Deadly Poison","Deflect"],"picked":"Dash","floor":3.0},{"not_picked":["Deadly Poison","Acrobatics"],"picked":"Phantasmal Killer","floor":7.0},{"not_picked":["Accuracy","Slice"],"picked":"Dagger Spray","floor":10.0},{"not_picked":["Dagger Throw","Masterful Stab"],"picked":"PiercingWail","floor":11.0},{"not_picked":["Dagger Throw","Caltrops","Noxious Fumes"],"picked":"SKIP","floor":14.0},{"not_picked":["Venomology","Wraith Form v2"],"picked":"A Thousand Cuts","floor":16.0},{"not_picked":["Masterful Stab","Bouncing Flask","Well Laid Plans"],"picked":"SKIP","floor":18.0},{"not_picked":["Riddle With Holes+1","Well Laid Plans+1"],"picked":"Backflip","floor":19.0},{"not_picked":["Noxious Fumes","Accuracy"],"picked":"Flying Knee","floor":22.0},{"not_picked":["Backflip","Acrobatics"],"picked":"Dodge and Roll+1","floor":24},{"not_picked":["Malaise","Expertise+1","Quick Slash"],"picked":"SKIP","floor":28},{"not_picked":["Acrobatics+1","Predator"],"picked":"Deadly Poison","floor":31}],"player_experience":67024,"potions_floor_usage":[24,24],"damage_taken":[{"damage":1.0,"enemies":"Cultist","floor":1.0,"turns":4.0},{"damage":8.0,"enemies":"Small Slimes","floor":2.0,"turns":4.0},{"damage":4.0,"enemies":"2 Louse","floor":3.0,"turns":3.0},{"damage":23.0,"enemies":"3 Sentries","floor":7.0,"turns":11.0},{"damage":0.0,"enemies":"Red Slaver","floor":10.0,"turns":3.0},{"damage":1.0,"enemies":"Exordium Thugs","floor":11.0,"turns":3.0},{"damage":0.0,"enemies":"Large Slime","floor":14.0,"turns":3.0},{"damage":5.0,"enemies":"Slime Boss","floor":16.0,"turns":6.0},{"damage":10.0,"enemies":"2 Thieves","floor":18.0,"turns":4.0},{"damage":10.0,"enemies":"Spheric Guardian","floor":19.0,"turns":4.0},{"damage":9.0,"enemies":"Snake Plant","floor":22.0,"turns":4.0},{"damage":67,"enemies":"Book of Stabbing","floor":24,"turns":7},{"damage":34,"enemies":"Slavers","floor":28,"turns":4},{"damage":0,"enemies":"Cultist and Chosen","floor":31,"turns":6},{"damage":38,"enemies":"Automaton","floor":33,"turns":6}],"relics_obtained":[{"floor":7.0,"key":"Sundial"},{"floor":9.0,"key":"Mercury Hourglass"},{"floor":24,"key":"The Specimen"},{"floor":26,"key":"Whetstone"},{"floor":28,"key":"Juzu Bracelet"},{"floor":29,"key":"Bag of Preparation"}],"event_choices":[{"event_name":"Golden Idol","player_choice":"Lose Max HP","floor":4.0,"damage_taken":0.0},{"event_name":"Scrap Ooze","player_choice":"success","floor":12.0,"damage_taken":12.0},{"event_name":"The Woman in Blue","player_choice":"Bought 0 Potions","floor":20.0,"damage_taken":0.0},{"event_name":"The Lab","player_choice":"Got Potions","floor":21.0,"damage_taken":0.0},{"event_name":"Ghosts","player_choice":"Became a Ghost","floor":30,"damage_taken":0}],"boss_relics":[{"not_picked":["Calling Bell","White Beast Statue"],"picked":"Lizard Tail"}],"items_purged_floors":[],"potions_floor_spawned":[2,3,11,16,19,22,28],"seed_played":"4650170880299939787","killed_by":"Automaton","ascension_level":3,"potions_obtained":[{"floor":2.0,"key":"FearPotion"},{"floor":3.0,"key":"Regen Potion"},{"floor":11.0,"key":"Explosive Potion"},{"floor":16.0,"key":"Dexterity Potion"},{"floor":19.0,"key":"SkillPotion"},{"floor":21.0,"key":"Explosive Potion"},{"floor":21.0,"key":"LiquidBronze"},{"floor":22.0,"key":"FearPotion"},{"floor":28,"key":"SteroidPotion"}],"is_trial":false}