{"gold_per_floor":[118,50,69,69,88,88,103,103,103,136,150,150,4,22,22,101,101,113,113,127,145,244,279,279,296,372,390,405,405,405,418,418,496,496,507,520,620,620],"floor_reached":38,"playtime":1211,"items_purged":[],"score":723,"play_id":"b1f0ba6a-d063-403b-98b2-11c64bca2804","local_time":"20190118130244","is_ascension_mode":true,"campfire_choices":[{"data":"Whirlwind","floor":6.0,"key":"SMITH"},{"data":"Immolate","floor":8.0,"key":"SMITH"},{"data":"Rampage","floor":12.0,"key":"SMITH"},{"data":"Disarm","floor":15.0,"key":"SMITH"},{"data":"Bash","floor":24.0,"key":"SMITH"},{"floor":29.0,"key":"REST"},{"floor":32.0,"key":"REST"}],"neow_cost":"NONE","seed_source_timestamp":0,"circlet_count":0,"master_deck":["AscendersBane","Strike_R","Strike_R","Strike_R","Strike_R","Strike_R","Defend_R","Defend_R","Defend_R","Defend_R","Bash+1","Twin Strike","Whirlwind+1","Flex","Cleave","Immolate+1","Rampage+1","Disarm+1","Reaper+1","Shrug It Off","Thunderclap","Disarm","Inflame","Injury","Thunderclap","Flame Barrier","Dropkick","Bludgeon","True Grit+1","Dropkick"],"special_seed":0,"relics":["Burning Blood","NeowsBlessing","Singing Bowl","Letter Opener","Bag of Marbles","Cursed Key","Question Card","Self Forming Clay","Black Star"],"potions_floor_usage":[38],"damage_taken":[{"damage":0.0,"enemies":"2 Louse","floor":1.0,"turns":1.0},{"damage":0.0,"enemies":"Cultist","floor":3.0,"turns":1.0},{"damage":0.0,"enemies":"Jaw Worm","floor":5.0,"turns":1.0},{"damage":17.0,"enemies":"Looter","floor":7.0,"turns":3.0},{"damage":16.0,"enemies":"Gremlin Nob","floor":10.0,"turns":3.0},{"damage":0.0,"enemies":"Lots of Slimes","floor":11.0,"turns":1.0},{"damage":8.0,"enemies":"Blue Slaver","floor":14.0,"turns":2.0},{"damage":51.0,"enemies":"Slime Boss","floor":16.0,"turns":8.0},{"damage":0.0,"enemies":"3 Byrds","floor":18.0,"turns":1.0},{"damage":22.0,"enemies":"Spheric Guardian","floor":20.0,"turns":4.0},{"damage":34.0,"enemies":"Centurion and Healer","floor":21.0,"turns":5.0},{"damage":0.0,"enemies":"Slavers","floor":23.0,"turns":1.0},{"damage":8.0,"enemies":"Snake Plant","floor":25.0,"turns":4.0},{"damage":26.0,"enemies":"3 Cultists","floor":27.0,"turns":5.0},{"damage":19.0,"enemies":"Sentry and Sphere","floor":28.0,"turns":4.0},{"damage":16.0,"enemies":"Snecko","floor":31.0,"turns":5.0},{"damage":52.0,"enemies":"Collector","floor":33.0,"turns":9.0},{"damage":31,"enemies":"3 Shapes","floor":35,"turns":2},{"damage":5,"enemies":"Orb Walker","floor":36,"turns":3},{"damage":56,"enemies":"Maw","floor":38,"turns":6}],"seed_played":"9135913943765637718","potions_obtained":[{"floor":3.0,"key":"Poison Potion"},{"floor":5.0,"key":"GamblersBrew"},{"floor":10.0,"key":"EssenceOfSteel"},{"floor":16.0,"key":"FearPotion"},{"floor":21.0,"key":"Strength Potion"},{"floor":25.0,"key":"GamblersBrew"},{"floor":27.0,"key":"EssenceOfSteel"},{"floor":33.0,"key":"Explosive Potion"},{"floor":36,"key":"AttackPotion"}],"is_trial":false,"path_per_floor":["M","$","M","?","M","R","M","R","T","E","M","R","$","M","R","B",null,"M","?","M","M","?","E","R","M","T","M","M","R","?","M","R","B",null,"M","M","?","M"],"character_chosen":"IRONCLAD","items_purchased":["Whirlwind","Bag of Marbles"],"campfire_rested":2,"item_purchase_floors":[2,13],"current_hp_per_floor":[74,74,75,75,75,75,64,64,64,56,62,62,62,60,60,15,62,70,70,59,43,43,49,49,57,57,47,34,57,57,54,77,43,70,45,46,46,0],"gold":620,"neow_bonus":"THREE_ENEMY_KILL","is_prod":false,"is_daily":false,"chose_seed":false,"campfire_upgraded":5,"win_rate":0,"timestamp":1547834564,"path_taken":["M","$","M","?","?","R","M","R","T","E","M","R","$","?","R","BOSS","M","?","M","?","?","E","R","M","T","M","M","R","?","M","R","BOSS","M","?","?","M"],"build_version":"2019-01-17v2","purchased_purges":0,"victory":false,"max_hp_per_floor":[75,75,75,75,75,75,75,75,75,77,77,77,77,77,77,77,77,79,79,79,79,79,79,79,79,79,79,79,79,79,79,79,79,79,79,79,79,79],"card_choices":[{"not_picked":["Shockwave","Reckless Charge"],"picked":"Twin Strike","floor":1.0},{"not_picked":["Warcry","Body Slam"],"picked":"Flex","floor":3.0},{"not_picked":["Iron Wave","Warcry"],"picked":"Cleave","floor":5.0},{"not_picked":["Shrug It Off","Flex"],"picked":"Immolate","floor":7.0},{"not_picked":["Clash","Warcry","Headbutt"],"picked":"Singing Bowl","floor":10.0},{"not_picked":["Reckless Charge","Sentinel"],"picked":"Rampage","floor":11.0},{"not_picked":["Body Slam","Havoc"],"picked":"Disarm","floor":14.0},{"not_picked":["Juggernaut","Berserk"],"picked":"Reaper","floor":16.0},{"not_picked":["Rampage","Perfected Strike","Wild Strike"],"picked":"Singing Bowl","floor":18.0},{"not_picked":["Dual Wield","Twin Strike"],"picked":"Shrug It Off","floor":20.0},{"not_picked":["Clash","Wild Strike"],"picked":"Thunderclap","floor":21.0},{"not_picked":["Evolve+1","Fiend Fire"],"picked":"Disarm","floor":23.0},{"not_picked":["Uppercut","Clash","Armaments"],"picked":"Inflame","floor":25.0},{"not_picked":["Havoc+1","Infernal Blade","Shockwave"],"picked":"Thunderclap","floor":27.0},{"not_picked":["Combust","Wild Strike","Intimidate"],"picked":"Flame Barrier","floor":28.0},{"not_picked":["Feel No Pain","Body Slam","Searing Blow"],"picked":"Dropkick","floor":31.0},{"not_picked":["Dark Embrace","Brutality","Offering"],"picked":"Bludgeon","floor":33.0},{"not_picked":["Thunderclap+1","Flex","Ghostly Armor"],"picked":"True Grit+1","floor":35},{"not_picked":["Sever Soul","Warcry+1","True Grit+1"],"picked":"Dropkick","floor":36}],"player_experience":2155712,"relics_obtained":[{"floor":9.0,"key":"Singing Bowl"},{"floor":10.0,"key":"Letter Opener"},{"floor":23.0,"key":"Question Card"},{"floor":26.0,"key":"Self Forming Clay"}],"event_choices":[{"damage_healed":0.0,"max_hp_gain":0.0,"max_hp_loss":0.0,"gold_gain":0.0,"event_name":"Match and Keep!","player_choice":"0 cards matched","floor":4.0,"gold_loss":0.0,"damage_taken":0.0,"cards_obtained":[]},{"damage_healed":0.0,"max_hp_gain":0.0,"max_hp_loss":0.0,"gold_gain":0.0,"event_name":"Accursed Blacksmith","player_choice":"Forge","floor":19.0,"gold_loss":0.0,"damage_taken":0.0,"cards_upgraded":["Reaper"]},{"damage_healed":0.0,"max_hp_gain":0.0,"max_hp_loss":0.0,"gold_gain":99.0,"event_name":"Nest","player_choice":"Stole From Cult","floor":22.0,"gold_loss":0.0,"damage_taken":0.0},{"damage_healed":0.0,"max_hp_gain":0.0,"max_hp_loss":0.0,"gold_gain":0.0,"event_name":"The Woman in Blue","player_choice":"Bought 0 Potions","floor":30.0,"gold_loss":0.0,"damage_taken":0.0},{"damage_healed":0,"gold_gain":100,"player_choice":"Pray","damage_taken":0,"max_hp_gain":0,"max_hp_loss":0,"event_name":"Golden Shrine","floor":37,"gold_loss":0}],"is_beta":false,"boss_relics":[{"not_picked":["Astrolabe","Ectoplasm"],"picked":"Cursed Key"},{"not_picked":["Runic Pyramid","White Beast Statue"],"picked":"Black Star"}],"items_purged_floors":[],"is_endless":false,"potions_floor_spawned":[3,5,10,16,21,25,27,33,36],"killed_by":"Maw","ascension_level":14}