{"path_per_floor":["M","$","?","M","T","E","R","E","T","R","$","R","M","?","R","B",null,"M","M","?","?","?","R","M","$","T","M","M","R","M","$","R"],"character_chosen":"DEFECT","items_purchased":["FTL","Doom and Gloom","Gash"],"gold_per_floor":[119,40,40,59,59,93,93,128,152,152,75,75,87,52,52,148,148,168,181,106,106,106,106,126,51,97,110,124,124,139,15,15,15],"floor_reached":33,"campfire_rested":0,"playtime":1341,"item_purchase_floors":[2,11,31],"current_hp_per_floor":[65,65,65,65,65,37,37,24,24,24,24,24,24,44,44,27,68,62,53,53,53,53,53,49,49,49,37,17,17,11,11,11,0],"items_purged":["Strike_B","Strike_B"],"gold":15,"score":329,"play_id":"4f33b52e-274f-47a0-948b-37e17d1efa70","local_time":"20180618133937","is_prod":false,"is_daily":false,"chose_seed":false,"is_ascension_mode":true,"campfire_upgraded":7,"win_rate":0,"timestamp":1529343577,"campfire_choices":[{"data":"FTL","floor":7,"key":"SMITH"},{"data":"Cold Snap","floor":10,"key":"SMITH"},{"data":"Doom and Gloom","floor":12,"key":"SMITH"},{"data":"Beam Cell","floor":15,"key":"SMITH"},{"data":"Dualcast","floor":23,"key":"SMITH"},{"data":"Barrage","floor":29,"key":"SMITH"},{"data":"Gash","floor":32,"key":"SMITH"}],"path_taken":["M","$","?","M","?","E","R","E","T","R","?","R","M","?","R","BOSS","M","M","?","?","?","R","M","$","T","M","M","R","M","$","R","BOSS"],"build_version":"2018-06-14v2","seed_source_timestamp":381564074454869,"purchased_purges":2,"victory":false,"master_deck":["Strike_B","Defend_B","Defend_B","Defend_B","Defend_B","Zap+1","Dualcast+1","Beam Cell+1","FTL+1","Genetic Algorithm","Rebound","Cold Snap+1","Doom and Gloom+1","Rebound","All For One","Gash+1","Barrage+1","Beam Cell+1","Self Repair+1","White Noise","Gash+1"],"max_hp_per_floor":[75,75,75,75,75,75,75,82,82,82,82,82,82,82,82,82,82,82,82,82,82,82,82,82,82,82,82,82,82,82,82,82,82],"relics":["Coffee Dripper","Ancient Tea Set","Centennial Puzzle","Strawberry","Orichalcum","Inserter","DataDisk"],"card_choices":[{"not_picked":["Reprogram","Compile Driver"],"picked":"Beam Cell","floor":1},{"not_picked":["Steam","Rebound"],"picked":"Genetic Algorithm","floor":4},{"not_picked":["Storm","Leap"],"picked":"Rebound","floor":6},{"not_picked":["Hologram","Lockon"],"picked":"Cold Snap","floor":8},{"not_picked":["Darkness","Undo"],"picked":"Rebound","floor":13},{"not_picked":["Thunder Strike","Core Surge"],"picked":"All For One","floor":16},{"not_picked":["Blizzard","Scrape"],"picked":"Gash+1","floor":18},{"not_picked":["Conserve Battery","Leap"],"picked":"Barrage","floor":19},{"not_picked":["Turbo","Capacitor"],"picked":"Beam Cell+1","floor":24},{"not_picked":["Leap","Turbo+1"],"picked":"Self Repair+1","floor":27},{"not_picked":["Barrage","Streamline+1"],"picked":"White Noise","floor":28},{"not_picked":["Streamline+1","Redo","Stack"],"picked":"SKIP","floor":30}],"player_experience":641907,"potions_floor_usage":[13,16,30],"damage_taken":[{"damage":3,"enemies":"Small Slimes","floor":1,"turns":4},{"damage":0,"enemies":"2 Louse","floor":4,"turns":2},{"damage":28,"enemies":"3 Sentries","floor":6,"turns":8},{"damage":20,"enemies":"Gremlin Nob","floor":8,"turns":4},{"damage":0,"enemies":"Jaw Worm","floor":13,"turns":1},{"damage":17,"enemies":"Hexaghost","floor":16,"turns":6},{"damage":6,"enemies":"Chosen","floor":18,"turns":3},{"damage":9,"enemies":"3 Byrds","floor":19,"turns":5},{"damage":4,"enemies":"Sentry and Sphere","floor":24,"turns":3},{"damage":12,"enemies":"Snecko","floor":27,"turns":5},{"damage":30,"enemies":"Snake Plant","floor":28,"turns":3},{"damage":16,"enemies":"Sentry and Sphere","floor":30,"turns":5},{"damage":15,"enemies":"Automaton","floor":33,"turns":4}],"relics_obtained":[{"floor":5,"key":"Ancient Tea Set"},{"floor":6,"key":"Centennial Puzzle"},{"floor":8,"key":"Strawberry"},{"floor":9,"key":"Orichalcum"},{"floor":26,"key":"DataDisk"}],"event_choices":[{"event_name":"Liars Game","player_choice":"disagreed","floor":3,"damage_taken":0},{"event_name":"The Cleric","player_choice":"Healed","floor":14,"damage_taken":0},{"event_name":"Beggar","player_choice":"Gave Gold","floor":20,"damage_taken":0},{"event_name":"Addict","player_choice":"Ignored","floor":21,"damage_taken":0},{"event_name":"Upgrade Shrine","player_choice":"Upgraded","floor":22,"damage_taken":0}],"boss_relics":[{"not_picked":["Pandora\u0027s Box","Snecko Eye"],"picked":"Inserter"}],"items_purged_floors":[25,31],"is_endless":false,"potions_floor_spawned":[6,13,18,24,27],"seed_played":"-5638583688389600261","killed_by":"Automaton","ascension_level":6,"potions_obtained":[{"floor":6,"key":"Poison Potion"},{"floor":13,"key":"Strength Potion"},{"floor":18,"key":"EssenceOfSteel"},{"floor":24,"key":"Swift Potion"},{"floor":27,"key":"SpeedPotion"}],"is_trial":false}