{"gold_per_floor":[117,117,38,38,51,51,82,82,82,82,99,99,109,126,126,222,222,240,256,256,275,275,275,290,38,86,86,86,100,120,1,1,1],"floor_reached":33,"playtime":1850,"items_purged":["Clumsy"],"score":395,"play_id":"62e2fa6c-194b-4921-8a17-cf90fe9b9576","local_time":"20181025125513","is_ascension_mode":true,"campfire_choices":[{"data":"Neutralize","floor":6,"key":"SMITH"},{"data":"Blade Dance","floor":8,"key":"SMITH"},{"data":"Footwork","floor":10,"key":"SMITH"},{"floor":15,"key":"REST"},{"data":"Envenom","floor":23,"key":"SMITH"},{"floor":28,"key":"REST"},{"floor":32,"key":"REST"}],"neow_cost":"NONE","seed_source_timestamp":1328606735319172,"circlet_count":0,"master_deck":["Defend_G","Defend_G","Defend_G","Defend_G","Defend_G","Strike_G","Strike_G","Strike_G","Survivor+1","Neutralize+1","AscendersBane","Blade Dance+1","Footwork+1","Flying Knee","Neutralize","Backflip","Backflip","Footwork","Sucker Punch","Envenom+1","Terror","Leg Sweep","Leg Sweep","Cloak And Dagger+1","Clumsy","Poisoned Stab","Backstab"],"relics":["Runic Dome","Potion Belt","Mummified Hand","Cursed Key","MutagenicStrength","Letter Opener","War Paint","The Courier"],"potions_floor_usage":[7,14,21,21,30,33,33],"damage_taken":[{"damage":0,"enemies":"Jaw Worm","floor":1,"turns":4},{"damage":1,"enemies":"2 Louse","floor":5,"turns":3},{"damage":24,"enemies":"Gremlin Nob","floor":7,"turns":5},{"damage":0,"enemies":"Cultist","floor":11,"turns":4},{"damage":4,"enemies":"3 Louse","floor":13,"turns":4},{"damage":8,"enemies":"Gremlin Gang","floor":14,"turns":5},{"damage":17,"enemies":"The Guardian","floor":16,"turns":17},{"damage":8,"enemies":"Spheric Guardian","floor":18,"turns":6},{"damage":3,"enemies":"2 Thieves","floor":19,"turns":5},{"damage":4,"enemies":"Snake Plant","floor":21,"turns":5},{"damage":19,"enemies":"Centurion and Healer","floor":24,"turns":7},{"damage":7,"enemies":"Sentry and Sphere","floor":29,"turns":6},{"damage":16,"enemies":"Chosen and Byrds","floor":30,"turns":7},{"damage":56,"enemies":"Champ","floor":33,"turns":10}],"seed_played":"3907669583938919352","potions_obtained":[{"floor":5,"key":"Regen Potion"},{"floor":13,"key":"Fruit Juice"},{"floor":16,"key":"Weak Potion"},{"floor":19,"key":"Strength Potion"},{"floor":21,"key":"FearPotion"},{"floor":29,"key":"PowerPotion"},{"floor":30,"key":"Fire Potion"}],"is_trial":false,"path_per_floor":["M","?","$","?","M","R","E","R","T","R","M","?","M","M","R","B",null,"M","M","?","M","?","R","M","$","T","T","R","M","M","$","R"],"character_chosen":"THE_SILENT","items_purchased":["Footwork","Letter Opener","Backstab"],"campfire_rested":3,"item_purchase_floors":[3,25,31],"current_hp_per_floor":[63,56,56,56,55,55,45,45,45,45,45,45,41,38,60,43,67,59,56,49,45,45,45,26,26,26,26,48,41,25,25,47,0],"gold":1,"neow_bonus":"BOSS_RELIC","is_prod":false,"is_daily":false,"chose_seed":false,"campfire_upgraded":4,"win_rate":0,"timestamp":1540486513,"path_taken":["M","?","$","?","M","R","E","R","T","R","M","?","M","M","R","BOSS","M","M","?","M","?","R","M","?","T","?","R","M","M","$","R","BOSS"],"build_version":"2018-10-18","purchased_purges":1,"victory":false,"max_hp_per_floor":[70,70,70,70,70,70,70,70,70,70,70,70,70,75,75,75,75,75,75,75,75,75,75,75,75,75,75,75,75,75,75,75,75],"card_choices":[{"not_picked":["Prepared","Setup"],"picked":"Blade Dance","floor":1},{"not_picked":["Quick Slash","Acrobatics"],"picked":"Backflip","floor":5},{"not_picked":["Malaise","Choke"],"picked":"Backflip","floor":7},{"not_picked":["Prepared","Dagger Spray","Outmaneuver"],"picked":"SKIP","floor":11},{"not_picked":["Accuracy","Dagger Throw"],"picked":"Footwork","floor":13},{"not_picked":["Endless Agony","Quick Slash"],"picked":"Sucker Punch","floor":14},{"not_picked":["Unload","Doppelganger"],"picked":"Envenom","floor":16},{"not_picked":["Endless Agony","Quick Slash+1"],"picked":"Terror","floor":18},{"not_picked":["PiercingWail+1","Underhanded Strike"],"picked":"Leg Sweep","floor":19},{"not_picked":["Skewer","Escape Plan"],"picked":"Leg Sweep","floor":21},{"not_picked":["Endless Agony","Deadly Poison"],"picked":"Cloak And Dagger","floor":24},{"not_picked":["Deflect","Flying Knee+1"],"picked":"Poisoned Stab","floor":29},{"not_picked":["Dagger Spray","Acrobatics","Quick Slash"],"picked":"SKIP","floor":30}],"player_experience":1587708,"relics_obtained":[{"floor":7,"key":"Potion Belt"},{"floor":9,"key":"Mummified Hand"},{"floor":26,"key":"War Paint"},{"floor":27,"key":"The Courier"}],"event_choices":[{"cards_removed":["Strike_G"],"damage_healed":0,"gold_gain":0,"player_choice":"Card Removal","damage_taken":7,"max_hp_gain":0,"max_hp_loss":0,"event_name":"Golden Wing","floor":2,"gold_loss":0},{"damage_healed":0,"gold_gain":0,"player_choice":"2 cards matched","damage_taken":0,"max_hp_gain":0,"max_hp_loss":0,"event_name":"Match and Keep!","floor":4,"gold_loss":0,"cards_obtained":["Flying Knee","Neutralize"]},{"cards_removed":["Strike_G"],"damage_healed":0,"gold_gain":0,"player_choice":"Offered Basic","damage_taken":0,"max_hp_gain":0,"max_hp_loss":0,"event_name":"Bonfire Elementals","floor":12,"gold_loss":0},{"damage_healed":0,"gold_gain":0,"player_choice":"","damage_taken":7,"max_hp_gain":0,"max_hp_loss":0,"event_name":"Knowing Skull","floor":20,"potions_obtained":[],"gold_loss":0,"cards_obtained":[]},{"damage_healed":0,"gold_gain":0,"player_choice":"Inject Mutagens","damage_taken":0,"relics_obtained":["MutagenicStrength"],"max_hp_gain":0,"max_hp_loss":0,"event_name":"Drug Dealer","floor":22,"gold_loss":0}],"is_beta":false,"boss_relics":[{"not_picked":["Runic Pyramid","Fusion Hammer"],"picked":"Cursed Key"}],"items_purged_floors":[31],"is_endless":false,"potions_floor_spawned":[5,13,16,19,21,29,30],"killed_by":"Champ","ascension_level":12}