{"gold_per_floor":[114,132,6,26,45,45,56,56,56,72,72,98,108,142,142,244,244,259,278,278,295,295,295,395,414,441,441,441,456,8,18,18,123,123,135,155,155,166,166],"floor_reached":39,"playtime":2092,"items_purged":["Defend_R","Defend_R"],"score":476,"play_id":"eccf3f77-9511-47c2-adaf-f551a6658ec2","local_time":"20180626122331","is_ascension_mode":true,"campfire_choices":[{"floor":6,"key":"REST"},{"floor":15,"key":"REST"},{"floor":23,"key":"REST"},{"floor":27,"key":"REST"},{"floor":32,"key":"REST"}],"neow_cost":"NONE","seed_source_timestamp":145209623879244,"circlet_count":0,"master_deck":["Strike_R","Strike_R","Strike_R","Strike_R","Strike_R","Bash","Inflame","Cleave","Perfected Strike","Twin Strike","Twin Strike","Shrug It Off","Intimidate","Shrug It Off+1","True Grit+1","Limit Break+1","Armaments+1","Necronomicurse","Wild Strike+1","Perfected Strike","Pommel Strike+1","Perfected Strike","Pommel Strike","Demon Form+1"],"relics":["Black Blood","Bronze Scales","Dodecahedron","Toxic Egg 2","Frozen Egg 2","Empty Cage","Necronomicon","Juzu Bracelet","Kunai"],"potions_floor_usage":[12,12,14,16,33,33,33],"damage_taken":[{"damage":1,"enemies":"Cultist","floor":1,"turns":3},{"damage":16,"enemies":"2 Louse","floor":2,"turns":3},{"damage":14,"enemies":"Jaw Worm","floor":4,"turns":2},{"damage":21,"enemies":"Lots of Slimes","floor":5,"turns":3},{"damage":3,"enemies":"3 Louse","floor":7,"turns":2},{"damage":7,"enemies":"2 Fungi Beasts","floor":10,"turns":2},{"damage":22,"enemies":"Lagavulin","floor":12,"turns":5},{"damage":3,"enemies":"Looter","floor":13,"turns":2},{"damage":46,"enemies":"Gremlin Nob","floor":14,"turns":5},{"damage":38,"enemies":"Slime Boss","floor":16,"turns":8},{"damage":25,"enemies":"2 Thieves","floor":18,"turns":4},{"damage":14,"enemies":"Shell Parasite","floor":19,"turns":4},{"damage":31,"enemies":"Snake Plant","floor":21,"turns":4},{"damage":27,"enemies":"3 Cultists","floor":25,"turns":5},{"damage":20,"enemies":"Chosen and Byrds","floor":29,"turns":6},{"damage":33,"enemies":"Sentry and Sphere","floor":31,"turns":5},{"damage":47,"enemies":"Champ","floor":33,"turns":7},{"damage":41,"enemies":"3 Darklings","floor":35,"turns":5},{"damage":11,"enemies":"Orb Walker","floor":36,"turns":2},{"damage":26,"enemies":"4 Shapes","floor":38,"turns":7},{"damage":32,"enemies":"3 Darklings","floor":39,"turns":4}],"seed_played":"-7682346172841420624","potions_obtained":[{"floor":5,"key":"PowerPotion"},{"floor":7,"key":"Poison Potion"},{"floor":12,"key":"SkillPotion"},{"floor":13,"key":"AttackPotion"},{"floor":16,"key":"Weak Potion"},{"floor":18,"key":"FearPotion"},{"floor":31,"key":"SteroidPotion"},{"floor":33,"key":"Poison Potion"}],"is_trial":false,"path_per_floor":["M","M","$","M","M","R","M","$","T","M","?","E","M","E","R","B",null,"M","M","?","M","?","R","?","M","T","R","?","M","$","M","R","B",null,"M","M","?","M"],"character_chosen":"IRONCLAD","items_purchased":["Perfected Strike","Kunai","Perfected Strike","Pommel Strike"],"campfire_rested":5,"item_purchase_floors":[3,30,30,30],"current_hp_per_floor":[80,70,70,62,47,71,74,74,74,73,73,57,60,20,44,12,80,61,53,37,12,12,36,36,15,15,39,65,51,51,24,48,7,80,49,48,48,32,0],"gold":166,"neow_bonus":"RANDOM_COMMON_RELIC","is_prod":false,"is_daily":false,"chose_seed":false,"campfire_upgraded":0,"win_rate":0,"timestamp":1530030211,"path_taken":["M","M","$","M","M","R","M","$","T","M","?","E","M","E","R","BOSS","M","?","?","M","?","R","?","?","T","R","?","M","$","M","R","BOSS","M","M","?","M","M"],"build_version":"2018-06-21v2","purchased_purges":2,"victory":false,"max_hp_per_floor":[80,80,80,80,80,80,80,80,80,80,80,80,80,80,80,80,80,80,80,80,80,80,80,80,80,80,80,80,80,80,80,80,80,80,80,80,80,80,80],"card_choices":[{"not_picked":["True Grit","Corruption"],"picked":"Inflame","floor":1},{"not_picked":["Warcry","Shrug It Off"],"picked":"Cleave","floor":2},{"not_picked":["Body Slam","Second Wind"],"picked":"Twin Strike","floor":4},{"not_picked":["Inflame","Clash"],"picked":"Twin Strike","floor":5},{"not_picked":["Feel No Pain","True Grit"],"picked":"Shrug It Off","floor":7},{"not_picked":["Power Through","Thunderclap"],"picked":"Intimidate","floor":10},{"not_picked":["Clothesline","Sever Soul","Corruption"],"picked":"SKIP","floor":12},{"not_picked":["Cleave","Second Wind+1"],"picked":"Shrug It Off+1","floor":13},{"not_picked":["Berserk","Fire Breathing"],"picked":"True Grit+1","floor":14},{"not_picked":["Bludgeon","Juggernaut+1"],"picked":"Limit Break+1","floor":16},{"not_picked":["Clothesline","Warcry+1"],"picked":"Armaments+1","floor":18},{"not_picked":["Body Slam+1","Sever Soul+1","Evolve+1"],"picked":"SKIP","floor":19},{"not_picked":["Clash+1","Warcry+1"],"picked":"Wild Strike+1","floor":21},{"not_picked":["Body Slam","Brutality+1"],"picked":"Pommel Strike+1","floor":25},{"not_picked":["Anger","Rampage","Warcry+1"],"picked":"SKIP","floor":29},{"not_picked":["Clash","Warcry+1","Flex+1"],"picked":"SKIP","floor":31},{"not_picked":["Reaper","Exhume+1"],"picked":"Demon Form+1","floor":33},{"not_picked":["Anger","Rampage+1","Corruption+1"],"picked":"SKIP","floor":35},{"not_picked":["Clothesline","Iron Wave","Sword Boomerang+1"],"picked":"SKIP","floor":36},{"not_picked":["Iron Wave+1","Pummel","Headbutt"],"picked":"SKIP","floor":38}],"player_experience":789083,"relics_obtained":[{"floor":9,"key":"Dodecahedron"},{"floor":12,"key":"Toxic Egg 2"},{"floor":14,"key":"Frozen Egg 2"},{"floor":20,"key":"Necronomicon"},{"floor":26,"key":"Juzu Bracelet"}],"event_choices":[{"event_name":"Shining Light","player_choice":"Ignored","floor":11,"damage_taken":0},{"event_name":"Cursed Tome","player_choice":"Obtained Book","floor":20,"damage_taken":0},{"event_name":"Duplicator","player_choice":"One dupe","floor":22,"damage_taken":0},{"event_name":"Golden Shrine","player_choice":"Pray","floor":24,"damage_taken":0},{"event_name":"The Library","player_choice":"Heal","floor":28,"damage_taken":0},{"event_name":"SensoryStone","player_choice":"Memory 1","floor":37,"damage_taken":0}],"boss_relics":[{"not_picked":["Runic Dome","Calling Bell"],"picked":"Empty Cage"},{"not_picked":["Astrolabe","Eternal Feather"],"picked":"Black Blood"}],"items_purged_floors":[3,30],"is_endless":false,"potions_floor_spawned":[5,7,12,13,16,18,31,33],"killed_by":"3 Darklings","ascension_level":4}