{"gold_per_floor":[111,124,74,74,74,99,99,118,118,118,128,144,144,158,158,261,261,274,286,17,34,49,69,69,69,117,133,133,133,133],"floor_reached":30,"playtime":1501,"items_purged":["Dualcast"],"score":284,"play_id":"69a5eab8-4556-411c-a3c7-ce0995bf2b75","local_time":"20190208160047","is_ascension_mode":false,"campfire_choices":[{"data":"Zap","floor":7,"key":"SMITH"},{"data":"Coolheaded","floor":10,"key":"SMITH"},{"data":"Double Energy","floor":15,"key":"SMITH"},{"data":"Amplify","floor":29,"key":"SMITH"}],"neow_cost":"NONE","seed_source_timestamp":1292125901538,"circlet_count":0,"master_deck":["Defend_B","Defend_B","Defend_B","Zap+1","Hello World","Amplify","Coolheaded+1","Loop","Defragment","Double Energy+1","Creative AI","Sweeping Beam+1","Gash+1","Bite","Bite","Bite","Bite","Bite","Amplify+1","Self Repair+1"],"relics":["Cracked Core","NeowsBlessing","Kunai","Dodecahedron","Sozu","OrangePellets","Strawberry"],"potions_floor_usage":[23,30],"damage_taken":[{"damage":0,"enemies":"2 Louse","floor":1,"turns":1},{"damage":0,"enemies":"Small Slimes","floor":2,"turns":1},{"damage":0,"enemies":"Gremlin Nob","floor":6,"turns":1},{"damage":1,"enemies":"Cultist","floor":8,"turns":3},{"damage":0,"enemies":"Large Slime","floor":11,"turns":4},{"damage":24,"enemies":"Lots of Slimes","floor":12,"turns":4},{"damage":10,"enemies":"Looter","floor":14,"turns":3},{"damage":25,"enemies":"The Guardian","floor":16,"turns":13},{"damage":17,"enemies":"3 Byrds","floor":18,"turns":3},{"damage":10,"enemies":"Chosen","floor":19,"turns":6},{"damage":20,"enemies":"Centurion and Healer","floor":21,"turns":8},{"damage":0,"enemies":"Snecko","floor":22,"turns":5},{"damage":10,"enemies":"Chosen and Byrds","floor":23,"turns":6},{"damage":28,"enemies":"Snake Plant","floor":27,"turns":4},{"damage":35,"enemies":"Cultist and Chosen","floor":30,"turns":4}],"seed_played":"-8046476577543537796","potions_obtained":[{"floor":1,"key":"Swift Potion"},{"floor":6,"key":"GamblersBrew"},{"floor":11,"key":"SteroidPotion"}],"is_trial":false,"path_per_floor":["M","M","?","$","?","E","R","M","T","R","M","M","?","M","R","B",null,"M","M","$","M","M","M","?","?","T","M","?","R","M"],"character_chosen":"DEFECT","items_purchased":["OrangePellets"],"campfire_rested":0,"item_purchase_floors":[20],"current_hp_per_floor":[75,75,75,75,68,68,68,67,67,67,67,43,43,33,33,8,75,58,48,48,28,28,18,18,18,25,11,11,11,0],"gold":133,"neow_bonus":"THREE_ENEMY_KILL","is_prod":false,"is_daily":false,"chose_seed":false,"campfire_upgraded":4,"win_rate":0.0,"timestamp":1549638047,"path_taken":["M","M","?","$","?","E","R","M","T","R","M","M","?","M","R","BOSS","M","M","$","M","M","M","?","?","T","?","?","R","?"],"build_version":"2019-01-23","purchased_purges":1,"victory":false,"max_hp_per_floor":[75,75,75,75,75,75,75,75,75,75,75,75,75,75,75,75,75,75,75,75,75,75,75,52,52,59,59,59,59,59],"card_choices":[{"not_picked":["Streamline","Stack"],"picked":"Hello World","floor":1},{"not_picked":["Auto Shields","Stack","Streamline"],"picked":"SKIP","floor":2},{"not_picked":["Stack","Darkness"],"picked":"Amplify","floor":6},{"not_picked":["Self Repair","Barrage"],"picked":"Coolheaded","floor":8},{"not_picked":["Stack","Steam Power"],"picked":"Loop","floor":11},{"not_picked":["Genetic Algorithm","Cold Snap"],"picked":"Defragment","floor":12},{"not_picked":["Stack","Ball Lightning"],"picked":"Double Energy","floor":14},{"not_picked":["All For One","Biased Cognition"],"picked":"Creative AI","floor":16},{"not_picked":["Beam Cell","Force Field"],"picked":"Sweeping Beam+1","floor":18},{"not_picked":["Doom and Gloom","Leap","Compile Driver"],"picked":"SKIP","floor":19},{"not_picked":["Barrage+1","Scrape"],"picked":"Gash+1","floor":21},{"not_picked":["Reboot","Static Discharge","Streamline"],"picked":"SKIP","floor":22},{"not_picked":["Conserve Battery","Go for the Eyes","Blizzard"],"picked":"SKIP","floor":23},{"not_picked":["Fusion","Go for the Eyes"],"picked":"Self Repair","floor":27}],"player_experience":11220,"relics_obtained":[{"floor":6,"key":"Kunai"},{"floor":9,"key":"Dodecahedron"},{"floor":26,"key":"Strawberry"}],"event_choices":[{"cards_removed":["Strike_B"],"damage_healed":0,"gold_gain":0,"player_choice":"Card Removal","damage_taken":0,"max_hp_gain":0,"max_hp_loss":0,"event_name":"The Cleric","floor":3,"gold_loss":50},{"cards_removed":["Defend_B"],"damage_healed":0,"gold_gain":0,"player_choice":"Card Removal","damage_taken":7,"max_hp_gain":0,"max_hp_loss":0,"event_name":"Golden Wing","floor":5,"gold_loss":0},{"cards_removed":["Strike_B"],"damage_healed":0,"gold_gain":0,"player_choice":"Forget","damage_taken":0,"max_hp_gain":0,"max_hp_loss":0,"event_name":"Living Wall","floor":13,"gold_loss":0},{"damage_healed":0,"gold_gain":0,"player_choice":"Became a vampire","damage_taken":0,"max_hp_gain":0,"max_hp_loss":23,"event_name":"Vampires","floor":24,"gold_loss":0,"cards_obtained":["Bite","Bite","Bite","Bite","Bite"]},{"damage_healed":0,"gold_gain":0,"player_choice":"Copied","damage_taken":0,"max_hp_gain":0,"max_hp_loss":0,"event_name":"Duplicator","floor":25,"gold_loss":0,"cards_obtained":["Amplify"]},{"damage_healed":0,"gold_gain":0,"player_choice":"Forge","damage_taken":0,"max_hp_gain":0,"max_hp_loss":0,"event_name":"Accursed Blacksmith","floor":28,"gold_loss":0,"cards_upgraded":["Self Repair"]}],"is_beta":false,"boss_relics":[{"not_picked":["Cursed Key","Velvet Choker"],"picked":"Sozu"}],"items_purged_floors":[20],"is_endless":false,"potions_floor_spawned":[1,6,11,18,22,23,27],"killed_by":"Cultist and Chosen","ascension_level":0}