{"path_per_floor":["M","?","?","$","?","R","M","R","T","M","M","M","M","E","R","B",null,"M","$","M","T","M","R","M","R","T","$","$","?","M","M","R","B",null,"M","?","$","?","M","R","?","M","T","R","M","M","M"],"character_chosen":"THE_SILENT","items_purchased":["Malaise","Infinite Blades","Footwork","Backflip","Quick Slash","Noxious Fumes","Panacea"],"gold_per_floor":[115,115,115,9,9,9,24,24,24,40,54,73,93,127,127,227,227,214,7,27,27,40,40,50,50,50,50,26,0,14,33,33,136,136,156,156,21,21,34,34,0,10,78,78,98,112,132,132],"floor_reached":48,"campfire_rested":6,"playtime":4298,"item_purchase_floors":[4,4,19,19,28,37,37],"current_hp_per_floor":[69,66,66,66,71,71,59,75,75,75,68,56,47,16,38,1,75,47,47,45,45,35,57,30,52,52,52,52,52,47,32,54,47,75,45,35,35,70,57,57,57,16,16,37,36,42,36,0],"items_purged":["Strike_G"],"gold":132,"score":483,"play_id":"135ef045-9453-48c7-9fb7-8cd7b42b9fce","local_time":"20180610001204","is_prod":false,"is_daily":false,"chose_seed":false,"is_ascension_mode":true,"campfire_upgraded":2,"win_rate":0,"timestamp":1528603924,"campfire_choices":[{"data":"Infinite Blades","floor":6,"key":"SMITH"},{"floor":8,"key":"REST"},{"floor":15,"key":"REST"},{"floor":23,"key":"REST"},{"floor":25,"key":"REST"},{"floor":32,"key":"REST"},{"data":"Noxious Fumes","floor":40,"key":"SMITH"},{"floor":44,"key":"REST"}],"path_taken":["M","?","?","$","?","R","M","R","T","M","M","M","M","E","R","BOSS","M","$","M","?","M","R","M","R","T","?","$","?","M","M","R","BOSS","M","?","$","?","M","R","?","?","T","R","M","?","M","M"],"build_version":"2018-06-07v3","seed_source_timestamp":273988323421421,"purchased_purges":1,"victory":false,"master_deck":["Defend_G","Defend_G","Defend_G","Defend_G","Defend_G","Strike_G","Strike_G","Strike_G","Survivor","Neutralize","Venomology","Riddle With Holes","Malaise","Infinite Blades+1","Leg Sweep","Caltrops","Accuracy","Dodge and Roll","Predator","Burst","Sucker Punch","Footwork","Backflip","Dagger Spray+1","Heel Hook","Flechettes+1","Quick Slash","Heel Hook+1","Predator+1","Slice","Madness","Madness","Noxious Fumes+1","Panacea","Malaise+1","Cloak And Dagger+1","PiercingWail"],"max_hp_per_floor":[70,70,70,70,75,75,75,75,75,75,75,75,75,75,75,75,75,75,75,75,75,75,75,75,75,75,75,75,75,75,75,75,75,75,80,80,80,70,70,70,70,70,70,70,70,70,70,70],"relics":["Ring of the Snake","Calipers","Kunai","Bottled Flame","Lizard Tail","Pantograph","Snake Skull","Philosopher\u0027s Stone","Red Mask","Meat on the Bone"],"card_choices":[{"not_picked":["Dagger Spray","Dodge and Roll"],"picked":"Riddle With Holes","floor":1},{"not_picked":["Riddle With Holes","Predator"],"picked":"Leg Sweep","floor":7},{"not_picked":["All Out Attack","Bane"],"picked":"Caltrops","floor":10},{"not_picked":["Outmaneuver","Infinite Blades"],"picked":"Accuracy","floor":11},{"not_picked":["Accuracy","Flechettes","Acrobatics"],"picked":"SKIP","floor":12},{"not_picked":["Expertise","Concentrate"],"picked":"Dodge and Roll","floor":13},{"not_picked":["Bane","Infinite Blades"],"picked":"Predator","floor":14},{"not_picked":["Doppelganger","Die Die Die"],"picked":"Burst","floor":16},{"not_picked":["Poisoned Stab","Acrobatics"],"picked":"Sucker Punch","floor":18},{"not_picked":["Dodge and Roll+1","Poisoned Stab"],"picked":"Dagger Spray+1","floor":20},{"not_picked":["Footwork+1","Backflip"],"picked":"Heel Hook","floor":22},{"not_picked":["Dagger Throw+1","Skewer"],"picked":"Flechettes+1","floor":24},{"not_picked":["Storm of Steel","Dagger Throw"],"picked":"Heel Hook+1","floor":30},{"not_picked":["Acrobatics","Bane"],"picked":"Predator+1","floor":31},{"not_picked":["Flying Knee+1","Reflex+1"],"picked":"Slice","floor":35},{"not_picked":["Predator","Caltrops+1"],"picked":"Malaise+1","floor":39},{"not_picked":["Prepared+1","Catalyst"],"picked":"Cloak And Dagger+1","floor":42},{"not_picked":["All Out Attack","Poisoned Stab+1"],"picked":"PiercingWail","floor":45},{"not_picked":["Deflect","Footwork","Bane"],"picked":"SKIP","floor":46},{"not_picked":["Flying Knee","Cloak And Dagger","Dagger Spray"],"picked":"SKIP","floor":47}],"player_experience":452007,"potions_floor_usage":[1,11,14,16,16,18,20,20,33,33,33,35,39,46,47,48],"damage_taken":[{"damage":1,"enemies":"Cultist","floor":1,"turns":4},{"damage":12,"enemies":"Small Slimes","floor":7,"turns":4},{"damage":0,"enemies":"2 Louse","floor":10,"turns":3},{"damage":7,"enemies":"Looter","floor":11,"turns":3},{"damage":12,"enemies":"Blue Slaver","floor":12,"turns":4},{"damage":9,"enemies":"Red Slaver","floor":13,"turns":5},{"damage":31,"enemies":"Gremlin Nob","floor":14,"turns":5},{"damage":37,"enemies":"Hexaghost","floor":16,"turns":16},{"damage":28,"enemies":"2 Thieves","floor":18,"turns":4},{"damage":2,"enemies":"3 Byrds","floor":20,"turns":3},{"damage":48,"enemies":"Cultist and Chosen","floor":22,"turns":13},{"damage":27,"enemies":"Slaver and Parasite","floor":24,"turns":10},{"damage":5,"enemies":"Snecko","floor":30,"turns":6},{"damage":15,"enemies":"Centurion and Healer","floor":31,"turns":11},{"damage":28,"enemies":"Automaton","floor":33,"turns":19},{"damage":35,"enemies":"3 Darklings","floor":35,"turns":9},{"damage":13,"enemies":"3 Shapes","floor":39,"turns":11},{"damage":41,"enemies":"3 Darklings","floor":42,"turns":7},{"damage":13,"enemies":"4 Shapes","floor":45,"turns":4},{"damage":6,"enemies":"Maw","floor":46,"turns":10},{"damage":18,"enemies":"Sphere and 2 Shapes","floor":47,"turns":8},{"damage":36,"enemies":"3 Darklings","floor":48,"turns":4}],"relics_obtained":[{"floor":9,"key":"Kunai"},{"floor":14,"key":"Bottled Flame"},{"floor":21,"key":"Pantograph"},{"floor":26,"key":"Snake Skull"},{"floor":43,"key":"Meat on the Bone"}],"event_choices":[{"event_name":"Scrap Ooze","player_choice":"success","floor":2,"damage_taken":3},{"event_name":"Living Wall","player_choice":"Forget","floor":3,"damage_taken":0},{"event_name":"Big Fish","player_choice":"Donut","floor":5,"damage_taken":0},{"event_name":"Masked Bandits","player_choice":"Paid Bandits 26 gold","floor":29,"damage_taken":0},{"event_name":"Winding Halls","player_choice":"Embrace Madness","floor":36,"damage_taken":0},{"event_name":"The Moai Head","player_choice":"Heal","floor":38,"damage_taken":0},{"event_name":"Tomb of Lord Red Mask","player_choice":"Paid","floor":41,"damage_taken":0}],"boss_relics":[{"not_picked":["Tiny House","Runic Dome"],"picked":"Lizard Tail"},{"not_picked":["Eternal Feather","Runic Pyramid"],"picked":"Philosopher\u0027s Stone"}],"items_purged_floors":[19],"potions_floor_spawned":[10,12,13,16,18,30,33,35,42,46],"seed_played":"-1449554097857056015","killed_by":"3 Darklings","ascension_level":1,"potions_obtained":[{"floor":10,"key":"Poison Potion"},{"floor":12,"key":"SkillPotion"},{"floor":13,"key":"Block Potion"},{"floor":16,"key":"Energy Potion"},{"floor":18,"key":"Explosive Potion"},{"floor":30,"key":"Fire Potion"},{"floor":33,"key":"Fruit Juice"},{"floor":35,"key":"Explosive Potion"},{"floor":42,"key":"GhostInAJar"},{"floor":46,"key":"Dexterity Potion"}],"is_trial":false}