{"gold_per_floor":[146,96,171,189,205,205,231,244,244,254,268,285,285,35,35,133,133,153,153,153,6,18,18,18,37,105,121,121,136,162,175,175,175],"floor_reached":33,"playtime":1506,"items_purged":["Strike_B","Strike_B"],"score":429,"play_id":"bf309236-40b5-4b27-a306-9760e44cdde7","local_time":"20180625210045","is_ascension_mode":true,"campfire_choices":[{"floor":6,"key":"REST"},{"floor":13,"key":"REST"},{"floor":15,"key":"REST"},{"data":"Gash","floor":23,"key":"SMITH"},{"floor":28,"key":"REST"},{"floor":32,"key":"REST"}],"neow_cost":"NONE","seed_source_timestamp":90440058235384,"circlet_count":0,"master_deck":["Strike_B+1","Defend_B","Defend_B","Defend_B","Defend_B","Zap","Dualcast","Gash","Gash+1","FTL","Stack","Go for the Eyes","Streamline","Gash","Go for the Eyes","Gash","Reboot","Sweeping Beam","Self Repair","Hologram","Skim+1","Hologram"],"relics":["Tiny House","Bronze Scales","Strawberry","Boot","Busted Crown","Enchiridion","Meat on the Bone","DataDisk"],"potions_floor_usage":[1,12,16,16,22,25,27,27,30,33],"damage_taken":[{"damage":7,"enemies":"Small Slimes","floor":1,"turns":4},{"damage":1,"enemies":"2 Louse","floor":4,"turns":3},{"damage":7,"enemies":"Jaw Worm","floor":5,"turns":2},{"damage":17,"enemies":"3 Louse","floor":8,"turns":3},{"damage":0,"enemies":"Blue Slaver","floor":10,"turns":4},{"damage":23,"enemies":"Lots of Slimes","floor":11,"turns":3},{"damage":9,"enemies":"Exordium Wildlife","floor":12,"turns":3},{"damage":0,"enemies":"Slime Boss","floor":16,"turns":6},{"damage":0,"enemies":"3 Byrds","floor":18,"turns":2},{"damage":6,"enemies":"Spheric Guardian","floor":22,"turns":3},{"damage":28,"enemies":"Cultist and Chosen","floor":25,"turns":5},{"damage":11,"enemies":"Sentry and Sphere","floor":27,"turns":3},{"damage":18,"enemies":"Snake Plant","floor":29,"turns":3},{"damage":29,"enemies":"Book of Stabbing","floor":30,"turns":4},{"damage":13,"enemies":"3 Cultists","floor":31,"turns":4},{"damage":104,"enemies":"Collector","floor":33,"turns":7}],"seed_played":"-6862720654012342762","potions_obtained":[{"floor":0,"key":"SkillPotion"},{"floor":8,"key":"Fire Potion"},{"floor":11,"key":"Explosive Potion"},{"floor":12,"key":"Poison Potion"},{"floor":20,"key":"AttackPotion"},{"floor":20,"key":"LiquidBronze"},{"floor":20,"key":"Swift Potion"},{"floor":25,"key":"Explosive Potion"},{"floor":29,"key":"SkillPotion"},{"floor":31,"key":"Dexterity Potion"}],"is_trial":false,"path_per_floor":["M","?","?","M","M","R","T","M","T","M","M","M","R","$","R","B",null,"M","?","?","$","M","R","?","M","T","M","R","M","E","M","R"],"character_chosen":"DEFECT","items_purchased":["Gash","Boot","Sweeping Beam"],"campfire_rested":5,"item_purchase_floors":[14,14,21],"current_hp_per_floor":[66,66,55,54,47,71,71,54,61,61,38,29,55,55,81,81,86,86,70,70,70,64,64,64,43,43,44,70,59,42,55,81,0],"gold":175,"neow_bonus":"BOSS_RELIC","is_prod":false,"is_daily":false,"chose_seed":false,"campfire_upgraded":1,"win_rate":0,"timestamp":1529974845,"path_taken":["M","?","?","M","M","R","?","M","T","M","?","M","R","$","R","BOSS","M","?","?","$","?","R","?","M","T","M","R","M","E","M","R","BOSS"],"build_version":"2018-06-21v2","purchased_purges":2,"victory":false,"max_hp_per_floor":[80,80,80,80,80,80,80,80,87,87,87,87,87,87,87,87,87,87,87,87,87,87,87,87,87,87,87,87,87,87,87,87,87],"card_choices":[{"not_picked":["Compile Driver","BootSequence"],"picked":"Gash","floor":0},{"not_picked":["Coolheaded","Streamline"],"picked":"Gash","floor":1},{"not_picked":["Genetic Algorithm","Reinforced Body"],"picked":"FTL","floor":4},{"not_picked":["Redo","Creative AI"],"picked":"Stack","floor":5},{"not_picked":["Redo","Loop"],"picked":"Go for the Eyes","floor":8},{"not_picked":["Rebound","Leap"],"picked":"Streamline","floor":10},{"not_picked":["Steam Power","Cold Snap"],"picked":"Gash","floor":11},{"not_picked":["Chill","Steam"],"picked":"Go for the Eyes","floor":12},{"not_picked":["Fission","Meteor Strike"],"picked":"Reboot","floor":16},{"not_picked":["Compile Driver"],"picked":"SKIP","floor":18},{"not_picked":[],"picked":"Self Repair","floor":22},{"not_picked":["Streamline"],"picked":"SKIP","floor":25},{"not_picked":[],"picked":"Hologram","floor":27},{"not_picked":[],"picked":"Skim+1","floor":29},{"not_picked":["Recycle"],"picked":"SKIP","floor":30},{"not_picked":[],"picked":"Hologram","floor":31}],"player_experience":769627,"relics_obtained":[{"floor":7,"key":"Bronze Scales"},{"floor":9,"key":"Strawberry"},{"floor":19,"key":"Enchiridion"},{"floor":26,"key":"Meat on the Bone"},{"floor":30,"key":"DataDisk"}],"event_choices":[{"event_name":"The Cleric","player_choice":"Card Removal","floor":2,"damage_taken":0},{"event_name":"World of Goop","player_choice":"Gather Gold","floor":3,"damage_taken":0},{"event_name":"Cursed Tome","player_choice":"Obtained Book","floor":19,"damage_taken":0},{"event_name":"The Lab","player_choice":"Got Potions","floor":20,"damage_taken":0},{"event_name":"Addict","player_choice":"Ignored","floor":24,"damage_taken":0}],"boss_relics":[{"not_picked":["Snecko Eye","Runic Dome"],"picked":"Busted Crown"}],"items_purged_floors":[14,21],"is_endless":false,"potions_floor_spawned":[8,11,12,25,29,31],"killed_by":"Collector","ascension_level":6}