{"gold_per_floor":[110,35,35,35,49,49,49,49,131,158,176,193,101,113,113,191,191,208,208,220,220,220,220,231,248,248,264,264],"floor_reached":28,"playtime":909,"items_purged":[],"score":418,"play_id":"9884cd0d-3719-48c5-b90a-d7fca5c5a598","local_time":"20190215165300","is_ascension_mode":true,"campfire_choices":[{"data":"Zap","floor":6.0,"key":"SMITH"},{"data":"Dualcast","floor":8.0,"key":"SMITH"},{"floor":15.0,"key":"REST"},{"floor":23.0,"key":"REST"}],"neow_cost":"NONE","seed_source_timestamp":2012644831448363,"circlet_count":0,"master_deck":["AscendersBane","Strike_B","Strike_B","Strike_B","Defend_B","Defend_B","Defend_B","Defend_B","Zap+1","Dualcast+1","Reinforced Body+1","Cold Snap","Sunder+1","Ball Lightning","Static Discharge","Go for the Eyes","White Noise","Electrodynamics","Capacitor","Hologram","Defragment"],"special_seed":0,"relics":["Cracked Core","Regal Pillow","Shuriken","Bottled Flame","Anchor","Cursed Key","Nilry\u0027s Codex"],"potions_floor_usage":[27,28,28],"damage_taken":[{"damage":1.0,"enemies":"Cultist","floor":1.0,"turns":3.0},{"damage":9.0,"enemies":"Jaw Worm","floor":5.0,"turns":4.0},{"damage":45.0,"enemies":"3 Sentries","floor":10.0,"turns":11.0},{"damage":0.0,"enemies":"2 Louse","floor":11.0,"turns":2.0},{"damage":0.0,"enemies":"Blue Slaver","floor":12.0,"turns":2.0},{"damage":0.0,"enemies":"Large Slime","floor":14.0,"turns":3.0},{"damage":23.0,"enemies":"The Guardian","floor":16.0,"turns":9.0},{"damage":20.0,"enemies":"Shell Parasite","floor":18.0,"turns":5.0},{"damage":0.0,"enemies":"3 Byrds","floor":20.0,"turns":2.0},{"damage":4.0,"enemies":"Centurion and Healer","floor":24.0,"turns":5.0},{"damage":26.0,"enemies":"Snecko","floor":25.0,"turns":4.0},{"damage":35,"enemies":"Cultist and Chosen","floor":27,"turns":6},{"damage":11,"enemies":"Shelled Parasite and Fungi","floor":28,"turns":2}],"seed_played":"-6604006487021179517","potions_obtained":[{"floor":5.0,"key":"Ancient Potion"},{"floor":11.0,"key":"SteroidPotion"},{"floor":12.0,"key":"AttackPotion"},{"floor":20.0,"key":"Energy Potion"},{"floor":25.0,"key":"SkillPotion"},{"floor":27,"key":"Poison Potion"}],"is_trial":false,"path_per_floor":["M","?","T","?","M","R","?","R","T","E","M","M","$","M","R","B",null,"M","?","M","?","?","R","M","M","T","M","M"],"character_chosen":"DEFECT","items_purchased":["Static Discharge","Go for the Eyes"],"campfire_rested":2,"item_purchase_floors":[13,13],"current_hp_per_floor":[63,63,63,68,59,59,59,59,59,14,14,14,14,14,51,28,64,44,59,59,38,38,75,71,45,45,10,0],"gold":264,"neow_bonus":"RANDOM_COMMON_RELIC","is_prod":false,"is_daily":false,"chose_seed":false,"campfire_upgraded":2,"win_rate":0,"timestamp":1550217180,"path_taken":["M","?","?","?","M","R","?","R","T","E","M","?","$","M","R","BOSS","M","?","M","?","?","R","M","?","T","M","M"],"build_version":"2019-01-23","purchased_purges":0,"victory":false,"max_hp_per_floor":[71,71,71,76,76,76,76,76,76,76,76,76,76,76,76,76,76,76,76,76,76,76,76,76,76,76,76,76],"card_choices":[{"not_picked":["Beam Cell","Redo","Sweeping Beam"],"picked":"SKIP","floor":1.0},{"not_picked":["Compile Driver","Melter"],"picked":"Reinforced Body","floor":5.0},{"not_picked":["Beam Cell","Coolheaded"],"picked":"Cold Snap","floor":10.0},{"not_picked":["Compile Driver","Fusion"],"picked":"Sunder","floor":11.0},{"not_picked":["Steam Power","Fusion"],"picked":"Ball Lightning","floor":12.0},{"not_picked":["Reboot","Cold Snap"],"picked":"White Noise","floor":14.0},{"not_picked":["Rainbow","Reboot"],"picked":"Electrodynamics","floor":16.0},{"not_picked":["Steam","Stack","Compile Driver"],"picked":"SKIP","floor":18.0},{"not_picked":["Streamline","Sweeping Beam"],"picked":"Capacitor","floor":20.0},{"not_picked":["Recycle","Rebound","Redo"],"picked":"SKIP","floor":24.0},{"not_picked":["Turbo+1","Coolheaded"],"picked":"Hologram","floor":25.0},{"not_picked":["Capacitor","Conserve Battery"],"picked":"Defragment","floor":27}],"player_experience":542760,"relics_obtained":[{"floor":3.0,"key":"Shuriken"},{"floor":9.0,"key":"Bottled Flame"},{"floor":10.0,"key":"Anchor"},{"floor":21.0,"key":"Nilry\u0027s Codex"}],"event_choices":[{"cards_removed":["Strike_B"],"damage_healed":0.0,"max_hp_gain":0.0,"max_hp_loss":0.0,"gold_gain":0.0,"event_name":"The Cleric","player_choice":"Card Removal","floor":2.0,"gold_loss":75.0,"damage_taken":0.0},{"damage_healed":0.0,"max_hp_gain":5.0,"max_hp_loss":0.0,"gold_gain":0.0,"event_name":"Big Fish","player_choice":"Donut","floor":4.0,"gold_loss":0.0,"damage_taken":0.0},{"damage_healed":0.0,"max_hp_gain":0.0,"max_hp_loss":0.0,"gold_gain":0.0,"event_name":"Living Wall","player_choice":"Grow","floor":7.0,"gold_loss":0.0,"damage_taken":0.0,"cards_upgraded":["Reinforced Body"]},{"damage_healed":15.0,"max_hp_gain":0.0,"max_hp_loss":0.0,"gold_gain":0.0,"event_name":"The Library","player_choice":"Heal","floor":19.0,"gold_loss":0.0,"damage_taken":0.0},{"damage_healed":0.0,"max_hp_gain":0.0,"max_hp_loss":0.0,"gold_gain":0.0,"event_name":"Cursed Tome","player_choice":"Obtained Book","floor":21.0,"gold_loss":0.0,"damage_taken":21.0},{"damage_healed":0.0,"max_hp_gain":0.0,"max_hp_loss":0.0,"gold_gain":0.0,"event_name":"Accursed Blacksmith","player_choice":"Forge","floor":22.0,"gold_loss":0.0,"damage_taken":0.0,"cards_upgraded":["Sunder"]}],"is_beta":false,"boss_relics":[{"not_picked":["Eternal Feather","Snecko Eye"],"picked":"Cursed Key"}],"items_purged_floors":[],"is_endless":false,"potions_floor_spawned":[5,11,12,20,25,27],"killed_by":"Shelled Parasite and Fungi","ascension_level":18}