{"gold_per_floor":[119,137,147,147,47,47,76,76,76,94,105,115,135,148,148,148],"floor_reached":16,"playtime":904,"items_purged":["Strike_R"],"score":159,"play_id":"da7899cc-9ddd-4807-9cf1-41106fe77e6b","local_time":"20180812220934","is_ascension_mode":true,"campfire_choices":[{"data":"Bash","floor":6,"key":"SMITH"},{"floor":15,"key":"REST"}],"neow_cost":"NONE","seed_source_timestamp":8681468964405,"circlet_count":0,"master_deck":["Strike_R","Strike_R","Strike_R","Strike_R","Defend_R","Defend_R","Defend_R","Defend_R","Bash","AscendersBane","Dark Embrace","Clash","Clothesline","Clash","Bash+1","Iron Wave","Shrug It Off","Reaper","Pommel Strike","Shrug It Off","Pommel Strike","Armaments","True Grit","Thunderclap"],"relics":["Burning Blood","Gremlin Horn","Blood Vial","Dream Catcher"],"potions_floor_usage":[7,7,16,16],"damage_taken":[{"damage":16,"enemies":"Cultist","floor":1,"turns":4},{"damage":4,"enemies":"2 Louse","floor":2,"turns":4},{"damage":9,"enemies":"Jaw Worm","floor":3,"turns":2},{"damage":45,"enemies":"Lagavulin","floor":7,"turns":7},{"damage":8,"enemies":"Red Slaver","floor":10,"turns":3},{"damage":5,"enemies":"2 Fungi Beasts","floor":11,"turns":3},{"damage":21,"enemies":"Lots of Slimes","floor":12,"turns":3},{"damage":12,"enemies":"Exordium Wildlife","floor":13,"turns":4},{"damage":33,"enemies":"Exordium Thugs","floor":14,"turns":7},{"damage":69,"enemies":"Hexaghost","floor":16,"turns":11}],"seed_played":"-3787983584639324421","potions_obtained":[{"floor":1,"key":"Explosive Potion"},{"floor":2,"key":"Poison Potion"},{"floor":7,"key":"Strength Potion"},{"floor":14,"key":"BloodPotion"}],"is_trial":false,"path_per_floor":["M","M","M","?","$","R","E","?","T","M","M","M","M","M","R"],"character_chosen":"IRONCLAD","items_purchased":["Shrug It Off"],"campfire_rested":1,"item_purchase_floors":[5],"current_hp_per_floor":[62,64,61,61,61,61,22,22,22,22,29,36,42,23,47,0],"gold":148,"neow_bonus":"ONE_RANDOM_RARE_CARD","is_prod":false,"is_daily":false,"chose_seed":false,"campfire_upgraded":1,"win_rate":0,"timestamp":1534126174,"path_taken":["M","M","M","?","$","R","E","?","T","M","?","M","M","M","R","BOSS"],"build_version":"2018-08-09","purchased_purges":1,"victory":false,"max_hp_per_floor":[80,80,80,80,80,80,80,80,80,80,80,80,80,80,80,80],"card_choices":[{"not_picked":["Sentinel","Wild Strike"],"picked":"Clash","floor":1},{"not_picked":["Sword Boomerang","Wild Strike"],"picked":"Clothesline","floor":2},{"not_picked":["Havoc","Anger"],"picked":"Clash","floor":3},{"not_picked":["Clash","Headbutt"],"picked":"Reaper","floor":7},{"not_picked":["Sword Boomerang","Wild Strike"],"picked":"Pommel Strike","floor":10},{"not_picked":["Intimidate","Twin Strike"],"picked":"Shrug It Off","floor":11},{"not_picked":["Warcry","Seeing Red"],"picked":"Pommel Strike","floor":12},{"not_picked":["Wild Strike","Second Wind"],"picked":"Armaments","floor":13},{"not_picked":["Flex","Wild Strike"],"picked":"True Grit","floor":14},{"not_picked":["Armaments","Cleave"],"picked":"Thunderclap","floor":15}],"player_experience":1495308,"relics_obtained":[{"floor":7,"key":"Gremlin Horn"},{"floor":9,"key":"Dream Catcher"}],"event_choices":[{"event_name":"Match and Keep!","player_choice":"2 cards matched","floor":4,"damage_taken":0},{"event_name":"Wheel of Change","player_choice":"Relic","floor":8,"damage_taken":0}],"is_beta":false,"boss_relics":[],"items_purged_floors":[5],"is_endless":false,"potions_floor_spawned":[1,2,7,14],"killed_by":"Hexaghost","ascension_level":10}