{"gold_per_floor":[14,32,44,57,73,102,102,120,120,120,140,140,159,259,259,354,354,364,374,37,136,154,183,203,223,269,298,310],"floor_reached":28,"playtime":1018,"items_purged":["Strike_R"],"score":298,"play_id":"e646bf63-af6a-4deb-a46a-9c8e65eeef6d","local_time":"20181021182233","is_ascension_mode":true,"campfire_choices":[{"data":"Uppercut","floor":7,"key":"SMITH"},{"data":"Clothesline","floor":10,"key":"SMITH"},{"data":"True Grit","floor":15,"key":"SMITH"}],"neow_cost":"NO_GOLD","seed_source_timestamp":97411622706422,"circlet_count":0,"master_deck":["Strike_R","Strike_R","Strike_R","Strike_R","Defend_R","Defend_R","Defend_R","Defend_R","Bash","Uppercut+1","Metallicize","Spot Weakness","Rampage","Iron Wave","Clothesline+1","Rampage","True Grit+1","Juggernaut","True Grit","Iron Wave","True Grit+1","Whirlwind"],"relics":["Burning Blood","Strawberry","Shuriken","Incense Burner","Mark of Pain","Singing Bowl","Gremlin Horn","MawBank"],"potions_floor_usage":[3,6,13,16,18,18,22,24,27],"damage_taken":[{"damage":6,"enemies":"Jaw Worm","floor":1,"turns":5},{"damage":0,"enemies":"Small Slimes","floor":2,"turns":3},{"damage":2,"enemies":"2 Louse","floor":3,"turns":2},{"damage":11,"enemies":"Red Slaver","floor":4,"turns":7},{"damage":10,"enemies":"Exordium Wildlife","floor":5,"turns":5},{"damage":12,"enemies":"Gremlin Nob","floor":6,"turns":4},{"damage":5,"enemies":"2 Fungi Beasts","floor":8,"turns":4},{"damage":0,"enemies":"Large Slime","floor":11,"turns":4},{"damage":7,"enemies":"Exordium Thugs","floor":13,"turns":5},{"damage":47,"enemies":"Hexaghost","floor":16,"turns":10},{"damage":3,"enemies":"Chosen","floor":18,"turns":4},{"damage":24,"enemies":"3 Byrds","floor":19,"turns":5},{"damage":37,"enemies":"Centurion and Healer","floor":22,"turns":5},{"damage":27,"enemies":"Book of Stabbing","floor":23,"turns":7},{"damage":42,"enemies":"Sentry and Sphere","floor":24,"turns":6},{"damage":8,"enemies":"Snecko","floor":25,"turns":5},{"damage":0,"enemies":"Snake Plant","floor":27,"turns":3},{"damage":24,"enemies":"Centurion and Healer","floor":28,"turns":2}],"seed_played":"-7282370888825380685","potions_obtained":[{"floor":1,"key":"PowerPotion"},{"floor":4,"key":"Ancient Potion"},{"floor":5,"key":"SteroidPotion"},{"floor":6,"key":"Ancient Potion"},{"floor":11,"key":"Fire Potion"},{"floor":16,"key":"Swift Potion"},{"floor":18,"key":"Strength Potion"},{"floor":23,"key":"BloodPotion"},{"floor":25,"key":"Fire Potion"},{"floor":27,"key":"GamblersBrew"}],"is_trial":false,"path_per_floor":["M","M","M","M","M","E","R","M","T","R","M","?","M","?","R","B",null,"M","M","$","?","M","E","M","M","T","M"],"character_chosen":"IRONCLAD","items_purchased":["Singing Bowl"],"campfire_rested":0,"item_purchase_floors":[20],"current_hp_per_floor":[96,96,96,91,87,88,88,89,89,89,95,95,94,94,94,53,103,103,85,85,85,56,35,11,11,11,17,0],"gold":310,"neow_bonus":"TWENTY_PERCENT_HP_BONUS","is_prod":false,"is_daily":false,"chose_seed":false,"campfire_upgraded":3,"win_rate":0,"timestamp":1540164153,"path_taken":["M","M","M","M","M","E","R","M","T","R","M","?","M","?","R","BOSS","M","M","$","?","M","E","M","M","T","M","M"],"build_version":"2018-10-19","purchased_purges":1,"victory":false,"max_hp_per_floor":[96,96,96,96,96,103,103,103,103,103,103,103,103,103,103,103,103,103,103,103,103,105,105,107,109,109,109,109],"card_choices":[{"not_picked":["Burning Pact","Headbutt"],"picked":"Uppercut","floor":1},{"not_picked":["Burning Pact","Armaments"],"picked":"Metallicize","floor":2},{"not_picked":["Corruption","Uppercut"],"picked":"Spot Weakness","floor":3},{"not_picked":["Spot Weakness","Dropkick"],"picked":"Rampage","floor":4},{"not_picked":["Cleave","Headbutt"],"picked":"Iron Wave","floor":5},{"not_picked":["Power Through","Dropkick","Warcry"],"picked":"SKIP","floor":6},{"not_picked":["Rampage","Wild Strike"],"picked":"Clothesline","floor":8},{"not_picked":["Burning Pact","Juggernaut"],"picked":"Rampage","floor":11},{"not_picked":["Sentinel","Dual Wield"],"picked":"True Grit","floor":13},{"not_picked":["Dark Embrace","Reaper"],"picked":"Juggernaut","floor":16},{"not_picked":["Iron Wave","Clothesline"],"picked":"True Grit","floor":18},{"not_picked":["Seeing Red+1","Entrench"],"picked":"Iron Wave","floor":19},{"not_picked":["Evolve","Uppercut","Anger+1"],"picked":"Singing Bowl","floor":22},{"not_picked":["Power Through","Second Wind"],"picked":"True Grit+1","floor":23},{"not_picked":["Twin Strike","Anger","Clash"],"picked":"Singing Bowl","floor":24},{"not_picked":["Dual Wield+1","Havoc","Pommel Strike"],"picked":"Singing Bowl","floor":25},{"not_picked":["Shrug It Off","Entrench"],"picked":"Whirlwind","floor":27}],"player_experience":440753,"relics_obtained":[{"floor":6,"key":"Strawberry"},{"floor":9,"key":"Shuriken"},{"floor":23,"key":"Gremlin Horn"},{"floor":26,"key":"MawBank"}],"event_choices":[{"damage_healed":0,"gold_gain":0,"player_choice":"Searched \u00271\u0027 times","damage_taken":0,"relics_obtained":["Incense Burner"],"max_hp_gain":0,"max_hp_loss":0,"event_name":"Dead Adventurer","floor":12,"gold_loss":0},{"damage_healed":0,"gold_gain":100,"player_choice":"Pray","damage_taken":0,"max_hp_gain":0,"max_hp_loss":0,"event_name":"Golden Shrine","floor":14,"gold_loss":0},{"damage_healed":0,"gold_gain":99,"player_choice":"Stole From Cult","damage_taken":0,"max_hp_gain":0,"max_hp_loss":0,"event_name":"Nest","floor":21,"gold_loss":0}],"is_beta":true,"boss_relics":[{"not_picked":["Coffee Dripper","Black Star"],"picked":"Mark of Pain"}],"items_purged_floors":[20],"is_endless":false,"potions_floor_spawned":[1,4,5,6,11,16,18,23,25,27],"killed_by":"Centurion and Healer","ascension_level":2}