{"gold_per_floor":[118,39,59,59,77,77,96,96,96,96,21,21],"floor_reached":12,"playtime":458,"items_purged":["Strike_B"],"score":119,"play_id":"a81aae94-5e85-431c-ad7f-260b9d23b4f2","local_time":"20180809173936","is_ascension_mode":true,"campfire_choices":[{"data":"Coolheaded","floor":6,"key":"SMITH"},{"floor":8,"key":"REST"},{"data":"Zap","floor":10,"key":"SMITH"}],"neow_cost":"NONE","seed_source_timestamp":188234036433262,"circlet_count":0,"master_deck":["Strike_B","Strike_B","Strike_B","Defend_B","Defend_B","Defend_B","Defend_B","Zap+1","Dualcast","AscendersBane","Sunder","Coolheaded","Redo","Blizzard","Compile Driver","Blizzard","Core Surge","Capacitor","Coolheaded+1","Echo Form"],"relics":["Orrery","Anchor"],"potions_floor_usage":[],"damage_taken":[{"damage":0,"enemies":"Small Slimes","floor":1,"turns":3},{"damage":8,"enemies":"Cultist","floor":3,"turns":4},{"damage":6,"enemies":"2 Louse","floor":5,"turns":2},{"damage":41,"enemies":"Exordium Thugs","floor":7,"turns":6},{"damage":38,"enemies":"Gremlin Nob","floor":12,"turns":4}],"seed_played":"-2599024034204457124","potions_obtained":[],"is_trial":false,"path_per_floor":["M","$","M","?","M","R","M","R","T","R","$"],"character_chosen":"DEFECT","items_purchased":["Core Surge"],"campfire_rested":1,"item_purchase_floors":[2],"current_hp_per_floor":[64,64,56,56,50,50,9,30,30,30,30,0],"gold":21,"neow_bonus":"BOSS_RELIC","is_prod":false,"is_daily":false,"chose_seed":false,"campfire_upgraded":2,"win_rate":0,"timestamp":1533850776,"path_taken":["M","$","M","?","M","R","M","R","T","R","$","E"],"build_version":"2018-08-02","purchased_purges":1,"victory":false,"max_hp_per_floor":[71,71,71,71,71,71,71,71,71,71,71,71],"card_choices":[{"not_picked":["Rebound","Ball Lightning"],"picked":"Sunder","floor":0},{"not_picked":["Sweeping Beam","Leap"],"picked":"Coolheaded","floor":0},{"not_picked":["Steam","Static Discharge"],"picked":"Redo","floor":0},{"not_picked":["Hologram","Chaos"],"picked":"Blizzard","floor":0},{"not_picked":["Aggregate","Beam Cell"],"picked":"Compile Driver","floor":0},{"not_picked":["Gash","Ball Lightning"],"picked":"Blizzard","floor":1},{"not_picked":["Streamline","Conserve Battery"],"picked":"Capacitor","floor":3},{"not_picked":["Tempest","Steam"],"picked":"Coolheaded","floor":5},{"not_picked":["Auto Shields","Turbo"],"picked":"Echo Form","floor":7}],"player_experience":1470692,"relics_obtained":[{"floor":9,"key":"Anchor"}],"event_choices":[{"event_name":"The Cleric","player_choice":"Leave","floor":4,"damage_taken":0}],"is_beta":false,"boss_relics":[],"items_purged_floors":[11],"is_endless":false,"potions_floor_spawned":[],"killed_by":"Gremlin Nob","ascension_level":15}