{"gold_per_floor":[210,230,260,275,200,235,235,247,247,247,0,41,55,86,86,217,217,233,233,233,58,81,81,206,242,242,255,293,293,308,323,323,453,453,467,592,592,84,100,138,159,200,200,223,248,248,291,291,291,291],"floor_reached":51,"playtime":4994,"items_purged":["Defend_R","Strike_R","Strike_R"],"score":920,"play_id":"a6cd7060-f514-4d49-82ac-f4ef83325147","local_time":"20190204183728","is_ascension_mode":false,"campfire_choices":[{"data":"Uppercut","floor":7,"key":"SMITH"},{"data":"Armaments","floor":15,"key":"SMITH"},{"data":"Armaments","floor":23,"key":"SMITH"},{"data":"1","floor":32,"key":"LIFT"},{"data":"2","floor":46,"key":"LIFT"},{"floor":49,"key":"REST"}],"neow_cost":"NONE","seed_source_timestamp":2307756017566430,"circlet_count":0,"master_deck":["Strike_R","Strike_R","Defend_R","Defend_R","Bash","Uppercut+1","Shrug It Off","Armaments+1","Anger","Armaments+1","Disarm","Reaper","Disarm+1","Ghostly","Ghostly","Ghostly","Ghostly","Ghostly","Demon Form","Armaments+1","Metallicize+1","Disarm","Metallicize","Corruption","Flame Barrier+1","Battle Trance"],"relics":["Burning Blood","Tiny Chest","Bottled Lightning","Lantern","Golden Idol","Gremlin Horn","Shuriken","Pear","Sozu","Mummified Hand","Girya","Mercury Hourglass","Question Card","Bottled Tornado","Regal Pillow","Fusion Hammer","Incense Burner","Magic Flower","Membership Card","Charon\u0027s Ashes","Happy Flower","Dodecahedron","Orichalcum","Letter Opener","Gambling Chip"],"potions_floor_usage":[14,16,16],"damage_taken":[{"damage":6,"enemies":"Jaw Worm","floor":1,"turns":3},{"damage":0,"enemies":"Small Slimes","floor":2,"turns":3},{"damage":0,"enemies":"2 Louse","floor":4,"turns":3},{"damage":34,"enemies":"Lagavulin","floor":6,"turns":7},{"damage":4,"enemies":"Blue Slaver","floor":8,"turns":3},{"damage":21,"enemies":"Gremlin Nob","floor":12,"turns":4},{"damage":2,"enemies":"Looter","floor":13,"turns":3},{"damage":16,"enemies":"Lagavulin","floor":14,"turns":4},{"damage":25,"enemies":"The Guardian","floor":16,"turns":11},{"damage":29,"enemies":"2 Thieves","floor":18,"turns":4},{"damage":6,"enemies":"Chosen","floor":22,"turns":6},{"damage":20,"enemies":"Colosseum Slavers","floor":24,"turns":5},{"damage":31,"enemies":"Colosseum Nobs","floor":24,"turns":8},{"damage":6,"enemies":"Book of Stabbing","floor":25,"turns":7},{"damage":1,"enemies":"Snecko","floor":27,"turns":5},{"damage":0,"enemies":"Gremlin Leader","floor":28,"turns":7},{"damage":0,"enemies":"Shelled Parasite and Fungi","floor":30,"turns":6},{"damage":0,"enemies":"3 Cultists","floor":31,"turns":6},{"damage":38,"enemies":"Collector","floor":33,"turns":9},{"damage":23,"enemies":"3 Shapes","floor":35,"turns":3},{"damage":0,"enemies":"Mind Bloom Boss Battle","floor":36,"turns":7},{"damage":0,"enemies":"Orb Walker","floor":39,"turns":5},{"damage":0,"enemies":"Giant Head","floor":40,"turns":9},{"damage":0,"enemies":"4 Shapes","floor":41,"turns":3},{"damage":0,"enemies":"Reptomancer","floor":42,"turns":5},{"damage":0,"enemies":"Sphere and 2 Shapes","floor":44,"turns":4},{"damage":0,"enemies":"Jaw Worm Horde","floor":45,"turns":4},{"damage":24,"enemies":"Nemesis","floor":47,"turns":11},{"damage":24,"enemies":"Time Eater","floor":50,"turns":11}],"seed_played":"2148436948991765916","potions_obtained":[{"floor":1,"key":"SteroidPotion"},{"floor":4,"key":"PowerPotion"},{"floor":8,"key":"Strength Potion"},{"floor":14,"key":"SmokeBomb"}],"is_trial":false,"path_per_floor":["M","M","?","M","$","E","R","M","T","?","$","E","M","E","R","B",null,"M","?","T","$","M","R","?","E","T","M","E","?","M","M","R","B",null,"M","?","T","$","M","E","M","E","T","M","M","R","E","?","R","B",null],"character_chosen":"IRONCLAD","items_purchased":["Gremlin Horn","Demon Form","Membership Card","Corruption","Charon\u0027s Ashes","Happy Flower"],"campfire_rested":1,"item_purchase_floors":[11,21,38,38,38,38],"current_hp_per_floor":[80,80,73,79,79,51,51,53,53,53,53,38,42,42,42,23,84,68,42,42,42,42,42,15,20,20,25,42,42,42,42,42,42,42,25,42,42,42,42,42,42,42,42,42,42,42,29,29,42,42],"gold":291,"neow_bonus":"HUNDRED_GOLD","is_prod":false,"is_daily":false,"chose_seed":false,"campfire_upgraded":3,"win_rate":0.0,"timestamp":1549327048,"path_taken":["M","M","?","M","$","E","R","M","T","?","?","E","M","E","R","BOSS","M","?","?","$","M","R","?","E","T","M","E","?","M","M","R","BOSS","M","?","?","$","M","E","?","E","T","M","M","R","E","?","R","BOSS"],"build_version":"2019-01-23","purchased_purges":3,"victory":true,"max_hp_per_floor":[80,80,80,80,80,80,80,80,80,74,74,74,74,84,84,84,84,84,42,42,42,42,42,42,42,42,42,42,42,42,42,42,42,42,42,42,42,42,42,42,42,42,42,42,42,42,42,42,42,42],"card_choices":[{"not_picked":["Iron Wave","Burning Pact"],"picked":"Uppercut","floor":1},{"not_picked":["Perfected Strike","Headbutt"],"picked":"Shrug It Off","floor":2},{"not_picked":["Shrug It Off","Twin Strike"],"picked":"Armaments","floor":4},{"not_picked":["Infernal Blade","Clothesline"],"picked":"Anger","floor":6},{"not_picked":["Sword Boomerang","Iron Wave"],"picked":"Armaments","floor":8},{"not_picked":["Cleave","Thunderclap","Hemokinesis"],"picked":"SKIP","floor":12},{"not_picked":["Feel No Pain","Pommel Strike"],"picked":"Disarm","floor":13},{"not_picked":["Reckless Charge","Sword Boomerang","Hemokinesis"],"picked":"SKIP","floor":14},{"not_picked":["Double Tap","Bludgeon"],"picked":"Reaper","floor":16},{"not_picked":["Cleave","Flex"],"picked":"Disarm+1","floor":18},{"not_picked":["Warcry","Body Slam"],"picked":"Armaments+1","floor":22},{"not_picked":["Pommel Strike","Thunderclap","Headbutt"],"picked":"SKIP","floor":25},{"not_picked":["Flex","Twin Strike","Barricade"],"picked":"Metallicize+1","floor":27},{"not_picked":["Rage+1","Body Slam+1","Combust","Entrench"],"picked":"SKIP","floor":28},{"not_picked":["Feel No Pain","Anger+1","Body Slam+1"],"picked":"Disarm","floor":30},{"not_picked":["Cleave","Iron Wave","Thunderclap","Perfected Strike"],"picked":"SKIP","floor":31},{"not_picked":["Clash","Anger","Iron Wave+1"],"picked":"Metallicize","floor":35},{"not_picked":["Rage+1","Armaments+1","True Grit"],"picked":"Flame Barrier+1","floor":39},{"not_picked":["Demon Form","Flex","Rampage+1","Iron Wave"],"picked":"SKIP","floor":40},{"not_picked":["Pommel Strike","Sword Boomerang","Combust","Dropkick+1"],"picked":"SKIP","floor":41},{"not_picked":["Combust","Pommel Strike+1","Anger+1"],"picked":"Battle Trance","floor":42},{"not_picked":["Headbutt","Anger+1","Cleave+1","Power Through+1"],"picked":"SKIP","floor":44},{"not_picked":["Cleave","Brutality","Sword Boomerang","Flex"],"picked":"SKIP","floor":45},{"not_picked":["Armaments+1","Twin Strike+1","Body Slam","Carnage+1"],"picked":"SKIP","floor":47}],"player_experience":9354,"relics_obtained":[{"floor":6,"key":"Bottled Lightning"},{"floor":9,"key":"Lantern"},{"floor":12,"key":"Shuriken"},{"floor":14,"key":"Pear"},{"floor":20,"key":"Mummified Hand"},{"floor":24,"key":"Girya"},{"floor":24,"key":"Mercury Hourglass"},{"floor":25,"key":"Question Card"},{"floor":26,"key":"Bottled Tornado"},{"floor":28,"key":"Regal Pillow"},{"floor":36,"key":"Incense Burner"},{"floor":37,"key":"Magic Flower"},{"floor":40,"key":"Dodecahedron"},{"floor":42,"key":"Orichalcum"},{"floor":43,"key":"Letter Opener"},{"floor":47,"key":"Gambling Chip"}],"event_choices":[{"damage_healed":0,"gold_gain":0,"player_choice":"Success","damage_taken":7,"relics_obtained":["Tiny Chest"],"max_hp_gain":0,"max_hp_loss":0,"event_name":"Scrap Ooze","floor":3,"gold_loss":0},{"damage_healed":0,"gold_gain":0,"player_choice":"Lose Max HP","damage_taken":0,"relics_obtained":["Golden Idol"],"max_hp_gain":0,"max_hp_loss":6,"event_name":"Golden Idol","floor":10,"gold_loss":0},{"damage_healed":0,"gold_gain":0,"player_choice":"Became a Ghost","damage_taken":0,"max_hp_gain":0,"max_hp_loss":42,"event_name":"Ghosts","floor":19,"gold_loss":0,"cards_obtained":["Ghostly","Ghostly","Ghostly","Ghostly","Ghostly"]},{"damage_healed":0,"gold_gain":0,"player_choice":"Fight","damage_taken":0,"max_hp_gain":0,"max_hp_loss":0,"event_name":"Colosseum","floor":24,"gold_loss":0},{"damage_healed":0,"gold_gain":0,"player_choice":"Fought Nobs","damage_taken":0,"max_hp_gain":0,"max_hp_loss":0,"event_name":"Colosseum","floor":24,"gold_loss":0},{"cards_removed":["Strike_R"],"damage_healed":0,"gold_gain":0,"player_choice":"Elegance","damage_taken":0,"max_hp_gain":0,"max_hp_loss":0,"event_name":"Back to Basics","floor":29,"gold_loss":0},{"damage_healed":0,"gold_gain":0,"player_choice":"Fight","damage_taken":0,"max_hp_gain":0,"max_hp_loss":0,"event_name":"MindBloom","floor":36,"gold_loss":0},{"cards_removed":["Defend_R"],"damage_healed":0,"gold_gain":0,"player_choice":"Card Removal","damage_taken":0,"max_hp_gain":0,"max_hp_loss":0,"event_name":"Wheel of Change","floor":48,"gold_loss":0}],"is_beta":true,"boss_relics":[{"not_picked":["Calling Bell","Runic Dome"],"picked":"Sozu"},{"not_picked":["Runic Cube","Busted Crown"],"picked":"Fusion Hammer"}],"items_purged_floors":[5,21,38],"is_endless":false,"potions_floor_spawned":[1,4,8,14,22,24,28,31,35,36,41,45],"ascension_level":0}