{"gold_per_floor":[117,132,132,132,159,159,185,195,195,225,150,161,189,209,209,284,284,302,215,215,225,52,52,71,71,71,71],"floor_reached":27,"playtime":1046,"items_purged":[],"score":461,"play_id":"d734af36-a223-45e1-b4e8-9bce7d285ba0","local_time":"20181214072603","is_ascension_mode":true,"campfire_choices":[{"floor":6,"key":"REST"},{"floor":15,"key":"REST"},{"floor":23,"key":"REST"},{"floor":25,"key":"RECALL"}],"neow_cost":"NONE","seed_source_timestamp":128415774455248,"circlet_count":0,"master_deck":["AscendersBane","Zap","Dualcast","Coolheaded","Sunder+1","Loop","Glacier","Ball Lightning","BootSequence","Buffer","Go for the Eyes","Creative AI+1","Redo","Biased Cognition","Heatsinks","Capacitor","Streamline","Multi-Cast","Gash","Static Discharge","Conserve Battery","Auto Shields"],"relics":["Cracked Core","NeowsBlessing","Anchor","Dodecahedron","Ginger","Du-Vu Doll","Blue Candle","Pandora\u0027s Box","DataDisk","Toxic Egg 2"],"potions_floor_usage":[10,13,16,24],"damage_taken":[{"damage":0,"enemies":"Small Slimes","floor":1,"turns":1},{"damage":0,"enemies":"Jaw Worm","floor":2,"turns":1},{"damage":0,"enemies":"Gremlin Nob","floor":7,"turns":1},{"damage":0,"enemies":"2 Louse","floor":8,"turns":2},{"damage":1,"enemies":"3 Sentries","floor":10,"turns":7},{"damage":4,"enemies":"Lots of Slimes","floor":12,"turns":3},{"damage":34,"enemies":"Gremlin Nob","floor":13,"turns":4},{"damage":5,"enemies":"Red Slaver","floor":14,"turns":3},{"damage":27,"enemies":"Hexaghost","floor":16,"turns":16},{"damage":12,"enemies":"Shell Parasite","floor":18,"turns":8},{"damage":32,"enemies":"3 Byrds","floor":21,"turns":6},{"damage":6,"enemies":"Snecko","floor":24,"turns":4},{"damage":28,"enemies":"Sentry and Sphere","floor":27,"turns":4}],"seed_played":"1930712465998916239","potions_obtained":[{"floor":7,"key":"PowerPotion"},{"floor":12,"key":"Poison Potion"},{"floor":13,"key":"AttackPotion"},{"floor":21,"key":"Block Potion"}],"is_trial":false,"path_per_floor":["M","M","?","?","T","R","E","M","T","E","?","M","E","M","R","B",null,"M","$","?","M","$","R","M","R","T","M"],"character_chosen":"DEFECT","items_purchased":["Static Discharge","DataDisk"],"campfire_rested":3,"item_purchase_floors":[19,22],"current_hp_per_floor":[64,64,43,43,43,64,64,64,64,63,63,59,25,20,41,14,57,45,45,45,13,13,34,28,28,28,0],"gold":71,"neow_bonus":"THREE_ENEMY_KILL","is_prod":false,"is_daily":false,"chose_seed":false,"campfire_upgraded":0,"win_rate":0,"timestamp":1544790363,"path_taken":["M","M","?","?","?","R","E","M","T","E","?","M","E","M","R","BOSS","M","$","?","?","?","R","M","R","T","M"],"build_version":"2018-12-13","purchased_purges":0,"victory":false,"max_hp_per_floor":[71,71,71,71,71,71,71,71,71,71,71,71,71,71,71,71,71,71,71,71,71,71,71,71,71,71,71],"card_choices":[{"not_picked":["Auto Shields","Turbo"],"picked":"Coolheaded","floor":1},{"not_picked":["Turbo","Loop"],"picked":"Sunder","floor":2},{"not_picked":["Turbo","Coolheaded"],"picked":"Loop","floor":7},{"not_picked":["Consume","Ball Lightning"],"picked":"Glacier","floor":8},{"not_picked":["Compile Driver","Chill"],"picked":"Ball Lightning","floor":10},{"not_picked":["Rebound","Gash"],"picked":"BootSequence","floor":12},{"not_picked":["White Noise","Self Repair"],"picked":"Buffer","floor":13},{"not_picked":["Sweeping Beam","Redo"],"picked":"Go for the Eyes","floor":14},{"not_picked":["Machine Learning","Hyperbeam"],"picked":"Creative AI","floor":16},{"not_picked":["Chaos","Darkness+1","Turbo"],"picked":"SKIP","floor":18},{"not_picked":["Tempest","Sunder"],"picked":"Conserve Battery","floor":21},{"not_picked":["Gash","Melter"],"picked":"Auto Shields","floor":24}],"player_experience":1902315,"relics_obtained":[{"floor":5,"key":"Anchor"},{"floor":7,"key":"Dodecahedron"},{"floor":9,"key":"Ginger"},{"floor":10,"key":"Du-Vu Doll"},{"floor":13,"key":"Blue Candle"},{"floor":26,"key":"Toxic Egg 2"}],"event_choices":[{"damage_healed":0,"gold_gain":0,"player_choice":"Entered Light","damage_taken":21,"max_hp_gain":0,"max_hp_loss":0,"event_name":"Shining Light","floor":3,"gold_loss":0,"cards_upgraded":["Strike_B","Defend_B"]},{"damage_healed":0,"gold_gain":0,"player_choice":"Grow","damage_taken":0,"max_hp_gain":0,"max_hp_loss":0,"event_name":"Living Wall","floor":4,"gold_loss":0,"cards_upgraded":["Sunder"]},{"cards_removed":["Strike_B"],"damage_healed":0,"gold_gain":0,"player_choice":"Card Removal","damage_taken":0,"max_hp_gain":0,"max_hp_loss":0,"event_name":"The Cleric","floor":11,"gold_loss":75},{"damage_healed":0,"gold_gain":0,"player_choice":"Upgraded","damage_taken":0,"max_hp_gain":0,"max_hp_loss":0,"event_name":"Upgrade Shrine","floor":20,"gold_loss":0,"cards_upgraded":["Creative AI"]}],"is_beta":false,"boss_relics":[{"not_picked":["Snecko Eye","Coffee Dripper"],"picked":"Pandora\u0027s Box"}],"items_purged_floors":[],"is_endless":false,"potions_floor_spawned":[7,12,13,21],"killed_by":"Sentry and Sphere","ascension_level":16}