{"gold_per_floor":[118,131,147,224,236,236,251,251,251,270,332,332,136,136,136,266,266,237,237,250,250,250],"floor_reached":22,"playtime":1240,"items_purged":[],"score":176,"play_id":"0cd244f9-313c-47b5-ad7f-30fac49c6dce","local_time":"20190113223222","is_ascension_mode":false,"campfire_choices":[{"data":"Crippling Poison","floor":6,"key":"SMITH"},{"data":"Bane","floor":8,"key":"SMITH"},{"floor":15,"key":"REST"}],"neow_cost":"NONE","seed_source_timestamp":191448149662614,"circlet_count":0,"master_deck":["Defend_G+1","Defend_G+1","Defend_G+1","Defend_G+1","Defend_G+1","Strike_G+1","Strike_G+1","Strike_G+1","Strike_G+1","Strike_G+1","Survivor","Neutralize","Crippling Poison+1","Bane+1","Underhanded Strike","Noxious Fumes","Poisoned Stab","Leg Sweep","Footwork","Night Terror","Flechettes"],"relics":["Ring of the Snake","Singing Bowl","Omamori","Golden Idol","Runic Pyramid","Necronomicon"],"potions_floor_usage":[7,7,16,16,22],"damage_taken":[{"damage":0,"enemies":"Cultist","floor":1,"turns":3},{"damage":0,"enemies":"Small Slimes","floor":2,"turns":3},{"damage":0,"enemies":"2 Louse","floor":3,"turns":3},{"damage":10,"enemies":"Blue Slaver","floor":5,"turns":3},{"damage":22,"enemies":"Large Slime","floor":7,"turns":10},{"damage":2,"enemies":"3 Louse","floor":10,"turns":3},{"damage":11,"enemies":"Slime Boss","floor":16,"turns":11},{"damage":43,"enemies":"2 Thieves","floor":18,"turns":5},{"damage":0,"enemies":"Shell Parasite","floor":20,"turns":7},{"damage":30,"enemies":"Snake Plant","floor":22,"turns":5}],"seed_played":"-4497198248916356010","potions_obtained":[{"floor":2,"key":"SteroidPotion"},{"floor":3,"key":"Weak Potion"},{"floor":5,"key":"AttackPotion"},{"floor":10,"key":"Explosive Potion"},{"floor":20,"key":"Regen Potion"}],"is_trial":false,"path_per_floor":["M","M","M","T","M","R","M","R","T","M","?","?","$","?","R","B",null,"M","?","M","?","M"],"character_chosen":"THE_SILENT","items_purchased":["Poisoned Stab","Leg Sweep","Footwork"],"campfire_rested":1,"item_purchase_floors":[13,13,13],"current_hp_per_floor":[77,77,77,77,69,69,47,47,47,47,47,47,47,32,54,43,75,34,18,18,18,0],"gold":250,"neow_bonus":"TEN_PERCENT_HP_BONUS","is_prod":false,"is_daily":false,"chose_seed":false,"campfire_upgraded":2,"win_rate":0.0,"timestamp":1547447542,"path_taken":["M","M","?","?","M","R","M","R","T","M","?","?","?","?","R","BOSS","M","?","M","?","M"],"build_version":"2019-01-10","purchased_purges":0,"victory":false,"max_hp_per_floor":[77,77,77,77,79,79,79,79,79,81,81,75,75,75,75,75,75,77,77,77,77,77],"card_choices":[{"not_picked":["Slice","Acrobatics"],"picked":"Crippling Poison","floor":1},{"not_picked":["Deadly Poison","Backflip"],"picked":"Bane","floor":2},{"not_picked":["Poisoned Stab","Prepared"],"picked":"Underhanded Strike","floor":3},{"not_picked":["Doppelganger","Deflect","Slice"],"picked":"Singing Bowl","floor":5},{"not_picked":["Masterful Stab","Quick Slash"],"picked":"Noxious Fumes","floor":7},{"not_picked":["Cloak And Dagger","Underhanded Strike","Blade Dance"],"picked":"Singing Bowl","floor":10},{"not_picked":["Storm of Steel","Malaise"],"picked":"Night Terror","floor":16},{"not_picked":["Dagger Spray+1","Deflect","Blade Dance+1"],"picked":"Singing Bowl","floor":18},{"not_picked":["Dodge and Roll","Acrobatics"],"picked":"Flechettes","floor":20}],"player_experience":127642,"relics_obtained":[{"floor":4,"key":"Singing Bowl"},{"floor":9,"key":"Omamori"},{"floor":19,"key":"Necronomicon"}],"event_choices":[{"damage_healed":0,"gold_gain":62,"player_choice":"Gained Gold","damage_taken":0,"max_hp_gain":0,"max_hp_loss":0,"event_name":"Golden Wing","floor":11,"gold_loss":0},{"damage_healed":0,"gold_gain":0,"player_choice":"Lose Max HP","damage_taken":0,"relics_obtained":["Golden Idol"],"max_hp_gain":0,"max_hp_loss":6,"event_name":"Golden Idol","floor":12,"gold_loss":0},{"damage_healed":0,"gold_gain":0,"player_choice":"Entered Light","damage_taken":15,"max_hp_gain":0,"max_hp_loss":0,"event_name":"Shining Light","floor":14,"gold_loss":0,"cards_upgraded":["Defend_G","Defend_G"]},{"damage_healed":0,"gold_gain":0,"player_choice":"Obtained Book","damage_taken":16,"max_hp_gain":0,"max_hp_loss":0,"event_name":"Cursed Tome","floor":19,"gold_loss":0},{"damage_healed":0,"gold_gain":0,"player_choice":"Simplicity","damage_taken":0,"max_hp_gain":0,"max_hp_loss":0,"event_name":"Back to Basics","floor":21,"gold_loss":0,"cards_upgraded":["Defend_G","Defend_G","Defend_G","Strike_G","Strike_G","Strike_G","Strike_G","Strike_G"]}],"is_beta":false,"boss_relics":[{"not_picked":["Orrery","Cursed Key"],"picked":"Runic Pyramid"}],"items_purged_floors":[],"is_endless":false,"potions_floor_spawned":[2,3,5,10,20],"killed_by":"Snake Plant","ascension_level":0}