{"gold_per_floor":[109,109,41,41,41,75,75,89,89,116,131,151,151],"floor_reached":13,"playtime":970,"items_purged":[],"score":123,"play_id":"07df59e3-173d-4577-8f8f-cc11b1eb0d4c","local_time":"20180726164302","is_ascension_mode":true,"campfire_choices":[{"floor":7,"key":"REST"}],"neow_cost":"NONE","seed_source_timestamp":1076919347155582,"circlet_count":0,"master_deck":["Strike_R","Strike_R","Strike_R","Strike_R","Defend_R","Defend_R","Defend_R","Defend_R","Bash","Clothesline","True Grit","Shrug It Off+1","Armaments+1"],"relics":["Burning Blood","Regal Pillow","Letter Opener","Peace Pipe","Toxic Egg 2","Juzu Bracelet","Odd Mushroom"],"potions_floor_usage":[12,13],"damage_taken":[{"damage":10,"enemies":"Small Slimes","floor":1,"turns":4},{"damage":40,"enemies":"Gremlin Nob","floor":6,"turns":5},{"damage":4,"enemies":"2 Louse","floor":8,"turns":4},{"damage":41,"enemies":"3 Sentries","floor":10,"turns":14},{"damage":11,"enemies":"Cultist","floor":11,"turns":4},{"damage":20,"floor":12,"turns":4},{"damage":24,"enemies":"Gremlin Nob","floor":13,"turns":3}],"seed_played":"-9145685301711770134","potions_obtained":[{"floor":6,"key":"PowerPotion"},{"floor":10,"key":"Explosive Potion"}],"is_trial":false,"path_per_floor":["M","?","?","?","$","E","R","M","T","E","M","?"],"character_chosen":"IRONCLAD","items_purchased":[],"campfire_rested":1,"item_purchase_floors":[],"current_hp_per_floor":[76,69,69,62,62,28,69,71,71,36,31,17,0],"gold":151,"neow_bonus":"TEN_PERCENT_HP_BONUS","is_prod":false,"is_daily":false,"chose_seed":false,"campfire_upgraded":0,"win_rate":0,"timestamp":1532641382,"path_taken":["M","?","?","?","$","E","R","?","T","E","M","?","E"],"build_version":"2018-07-25","purchased_purges":0,"victory":false,"max_hp_per_floor":[88,88,88,88,88,88,88,88,88,88,88,88,88],"card_choices":[{"not_picked":["Heavy Blade","Headbutt"],"picked":"Clothesline","floor":1},{"not_picked":["Hemokinesis","Corruption"],"picked":"True Grit","floor":6},{"not_picked":["Burning Pact","Combust","Thunderclap"],"picked":"SKIP","floor":8},{"not_picked":["Searing Blow","Rage+1","Fire Breathing"],"picked":"SKIP","floor":10},{"not_picked":["Body Slam","True Grit+1"],"picked":"Shrug It Off+1","floor":11},{"not_picked":["Corruption","Evolve"],"picked":"Armaments+1","floor":12}],"player_experience":297338,"relics_obtained":[{"floor":6,"key":"Peace Pipe"},{"floor":9,"key":"Toxic Egg 2"},{"floor":10,"key":"Juzu Bracelet"},{"floor":12,"key":"Odd Mushroom"}],"event_choices":[{"event_name":"Scrap Ooze","player_choice":"success","floor":2,"damage_taken":7},{"event_name":"WeMeetAgain","player_choice":"Gold","floor":3,"damage_taken":0},{"event_name":"Golden Wing","player_choice":"Card Removal","floor":4,"damage_taken":0},{"event_name":"Mushrooms","player_choice":"Fought Mushrooms","floor":12,"damage_taken":0}],"is_beta":true,"boss_relics":[],"items_purged_floors":[],"is_endless":false,"potions_floor_spawned":[6,10],"killed_by":"Gremlin Nob","ascension_level":7}