{"gold_per_floor":[110,260,274,274,294,294,323,323,323,333,333],"floor_reached":11,"playtime":363,"items_purged":[],"score":142,"play_id":"17fb9126-bb98-4bea-91d5-b10c0ea0a1d3","local_time":"20190204190409","is_ascension_mode":true,"campfire_choices":[{"floor":6,"key":"REST"},{"floor":8,"key":"REST"}],"neow_cost":"NONE","seed_source_timestamp":104062039772560,"circlet_count":0,"master_deck":["AscendersBane","Strike_B","Strike_B","Strike_B","Defend_B","Defend_B","Defend_B","Defend_B","Zap","Dualcast","Sunder","Doubt","Loop","Fission","Auto Shields","Cold Snap","FTL"],"special_seed":0,"relics":["Cracked Core","Strawberry","Pocketwatch","Dodecahedron"],"potions_floor_usage":[3,5],"damage_taken":[{"damage":0,"enemies":"2 Louse","floor":1,"turns":1},{"damage":8,"enemies":"Small Slimes","floor":3,"turns":3},{"damage":6,"enemies":"Cultist","floor":5,"turns":3},{"damage":50,"enemies":"3 Sentries","floor":7,"turns":11},{"damage":12,"enemies":"2 Fungi Beasts","floor":10,"turns":3},{"damage":49,"enemies":"Lagavulin","floor":11,"turns":6}],"seed_played":"6916201863049474726","potions_obtained":[{"floor":1,"key":"Fire Potion"},{"floor":5,"key":"Fruit Juice"}],"is_trial":false,"path_per_floor":["M","?","M","?","M","R","E","R","T","M","E"],"character_chosen":"DEFECT","items_purchased":[],"campfire_rested":2,"item_purchase_floors":[],"current_hp_per_floor":[71,71,63,63,62,83,33,57,57,45,0],"gold":333,"neow_bonus":"RANDOM_COMMON_RELIC","is_prod":false,"is_daily":false,"chose_seed":false,"campfire_upgraded":0,"win_rate":0,"timestamp":1549325049,"path_taken":["M","?","M","?","?","R","E","R","T","M","E"],"build_version":"2019-01-23","purchased_purges":0,"victory":false,"max_hp_per_floor":[78,78,78,78,83,83,83,83,83,83,83],"card_choices":[{"not_picked":["White Noise","Darkness"],"picked":"Sunder","floor":1},{"not_picked":["Compile Driver","Reinforced Body"],"picked":"Loop","floor":3},{"not_picked":["Hologram","Ball Lightning"],"picked":"Auto Shields","floor":5},{"not_picked":["Lockon","Leap"],"picked":"Cold Snap","floor":7},{"not_picked":["White Noise","Steam"],"picked":"FTL","floor":10}],"player_experience":2321488,"relics_obtained":[{"floor":7,"key":"Pocketwatch"},{"floor":9,"key":"Dodecahedron"}],"event_choices":[{"damage_healed":0,"gold_gain":150,"player_choice":"AGREE","damage_taken":0,"max_hp_gain":0,"max_hp_loss":0,"event_name":"Liars Game","floor":2,"gold_loss":0,"cards_obtained":["Doubt"]},{"damage_healed":0,"gold_gain":0,"cards_transformed":["Strike_B"],"player_choice":"Transformed","damage_taken":0,"max_hp_gain":0,"max_hp_loss":0,"event_name":"Transmorgrifier","floor":4,"gold_loss":0,"cards_obtained":["Fission"]}],"is_beta":false,"boss_relics":[],"items_purged_floors":[],"is_endless":false,"potions_floor_spawned":[1,5],"killed_by":"Lagavulin","ascension_level":19}