{"gold_per_floor":[112,124,124,138,63,63,91,91,91,109,128,128,128],"floor_reached":13,"playtime":371,"items_purged":["Defend_B"],"score":89,"play_id":"43757c42-73d9-4cb5-a837-fea54fb34677","local_time":"20190210202735","is_ascension_mode":true,"campfire_choices":[{"data":"Creative AI","floor":6,"key":"SMITH"},{"floor":8,"key":"RECALL"}],"neow_cost":"NONE","seed_source_timestamp":23871387641906,"circlet_count":0,"master_deck":["Strike_B","Strike_B","Strike_B","Defend_B","Defend_B","Defend_B","Zap","Dualcast","Creative AI+1","Coolheaded","Beam Cell","Turbo"],"relics":["Cracked Core","NeowsBlessing","Prayer Wheel","Bottled Flame"],"potions_floor_usage":[],"damage_taken":[{"damage":0,"enemies":"Cultist","floor":1,"turns":1},{"damage":0,"enemies":"2 Louse","floor":2,"turns":1},{"damage":0,"enemies":"Jaw Worm","floor":4,"turns":1},{"damage":36,"enemies":"Gremlin Nob","floor":7,"turns":6},{"damage":10,"enemies":"Large Slime","floor":10,"turns":7},{"damage":20,"enemies":"Exordium Wildlife","floor":11,"turns":7}],"seed_played":"-8193846417755317208","potions_obtained":[{"floor":4,"key":"Dexterity Potion"},{"floor":7,"key":"SpeedPotion"},{"floor":10,"key":"Strength Potion"},{"floor":11,"key":"Regen Potion"}],"is_trial":false,"path_per_floor":["M","M","?","M","$","R","E","R","T","M","M","?","?"],"character_chosen":"DEFECT","items_purchased":[],"campfire_rested":0,"item_purchase_floors":[],"current_hp_per_floor":[75,75,75,75,75,75,39,39,39,29,9,9,0],"gold":128,"neow_bonus":"THREE_ENEMY_KILL","is_prod":false,"is_daily":false,"chose_seed":false,"campfire_upgraded":1,"win_rate":0,"timestamp":1549826855,"path_taken":["M","M","?","?","$","R","E","R","T","M","M","?","?"],"build_version":"2019-01-23","purchased_purges":1,"victory":false,"max_hp_per_floor":[75,75,75,75,75,75,75,75,75,75,75,75,75],"card_choices":[{"not_picked":["Steam","Hologram","Scrape"],"picked":"SKIP","floor":1},{"not_picked":["Fusion","Leap","Skim"],"picked":"SKIP","floor":2},{"not_picked":["Self Repair","Heatsinks"],"picked":"Coolheaded","floor":4},{"not_picked":["Darkness","Compile Driver","Sunder"],"picked":"SKIP","floor":7},{"not_picked":["Compile Driver","Sweeping Beam"],"picked":"Beam Cell","floor":10},{"not_picked":["Compile Driver","Barrage","Cold Snap"],"picked":"SKIP","floor":10},{"not_picked":["Chill","FTL"],"picked":"Turbo","floor":11},{"not_picked":["Rip and Tear","Barrage","Rebound"],"picked":"SKIP","floor":11}],"player_experience":46174,"relics_obtained":[{"floor":7,"key":"Prayer Wheel"},{"floor":9,"key":"Bottled Flame"}],"event_choices":[{"damage_healed":0,"gold_gain":0,"cards_transformed":["Strike_B"],"player_choice":"Transformed","damage_taken":0,"max_hp_gain":0,"max_hp_loss":0,"event_name":"Transmorgrifier","floor":3,"gold_loss":0,"cards_obtained":["Creative AI"]},{"damage_healed":0,"gold_gain":0,"player_choice":"Ignored","damage_taken":0,"max_hp_gain":0,"max_hp_loss":0,"event_name":"Liars Game","floor":12,"gold_loss":0}],"is_beta":false,"boss_relics":[],"items_purged_floors":[5],"is_endless":false,"potions_floor_spawned":[4,7,10,11],"ascension_level":1}