{"gold_per_floor":[113,63,63,79,6,40,40,6,31,47,67,67,99,111,111,190,190,203,214,214,214,214],"floor_reached":22,"playtime":911,"items_purged":[],"score":361,"play_id":"81fd730b-e90b-4490-9fb9-50e650645be4","local_time":"20190114102702","is_ascension_mode":true,"campfire_choices":[{"data":"Searing Blow","floor":7,"key":"SMITH"},{"data":"Searing Blow+1","floor":12,"key":"SMITH"},{"data":"Searing Blow+2","floor":15,"key":"SMITH"}],"neow_cost":"NONE","seed_source_timestamp":456675165028872,"circlet_count":0,"master_deck":["AscendersBane","Strike_R","Strike_R","Strike_R","Strike_R","Defend_R","Defend_R","Defend_R","Defend_R","Bash","Inflame","Thunderclap","Searing Blow+3","Feel No Pain","Power Through","Cleave","Thunderclap","Shrug It Off","Impervious","Feed","Shockwave"],"special_seed":0,"relics":["Black Blood","NeowsBlessing","Bag of Marbles","Pen Nib","Question Card","MutagenicStrength"],"potions_floor_usage":[13,13,16,18],"damage_taken":[{"damage":0.0,"enemies":"2 Louse","floor":1.0,"turns":1.0},{"damage":0.0,"enemies":"Jaw Worm","floor":4.0,"turns":1.0},{"damage":0,"enemies":"3 Sentries","floor":6,"turns":1},{"damage":6,"enemies":"Cultist","floor":10,"turns":3},{"damage":12,"enemies":"Looter","floor":11,"turns":3},{"damage":30,"enemies":"Lagavulin","floor":13,"turns":5},{"damage":0,"enemies":"3 Louse","floor":14,"turns":2},{"damage":8,"enemies":"Hexaghost","floor":16,"turns":10},{"damage":32,"enemies":"Shell Parasite","floor":18,"turns":6},{"damage":18,"enemies":"3 Byrds","floor":19,"turns":7},{"damage":31,"enemies":"Snake Plant","floor":22,"turns":3}],"seed_played":"7211795270594629160","potions_obtained":[{"floor":1.0,"key":"Weak Potion"},{"floor":3.0,"key":"PowerPotion"},{"floor":3.0,"key":"Fire Potion"},{"floor":14,"key":"SkillPotion"},{"floor":16,"key":"SkillPotion"}],"is_trial":false,"path_per_floor":["M","?","?","M","$","E","R","$","T","M","M","R","E","M","R","B",null,"M","M","?","?","M"],"character_chosen":"IRONCLAD","items_purchased":["Searing Blow","Power Through"],"campfire_rested":0,"item_purchase_floors":[5,8],"current_hp_per_floor":[78,78,78,80,80,80,80,80,80,80,74,74,50,56,56,54,74,52,47,47,31,0],"gold":214,"neow_bonus":"THREE_ENEMY_KILL","is_prod":false,"is_daily":false,"chose_seed":false,"campfire_upgraded":3,"win_rate":0,"timestamp":1547479622,"path_taken":["M","?","?","M","$","E","R","$","T","M","M","R","E","?","R","BOSS","M","M","?","?","M"],"build_version":"2019-01-10","purchased_purges":0,"victory":false,"max_hp_per_floor":[80,80,80,80,80,80,80,80,80,80,80,80,80,80,80,80,80,80,83,83,88,88],"card_choices":[{"not_picked":["Rupture","Heavy Blade"],"picked":"Inflame","floor":1.0},{"not_picked":["Anger","Ghostly Armor"],"picked":"Thunderclap","floor":4.0},{"not_picked":["Thunderclap","Combust"],"picked":"Feel No Pain","floor":6},{"not_picked":["Twin Strike","Thunderclap"],"picked":"Cleave","floor":10},{"not_picked":["Second Wind","Armaments"],"picked":"Thunderclap","floor":11},{"not_picked":["Sever Soul","Limit Break"],"picked":"Shrug It Off","floor":13},{"not_picked":["Armaments","Perfected Strike","Warcry"],"picked":"Impervious","floor":14},{"not_picked":["Bludgeon","Berserk","Barricade"],"picked":"Feed","floor":16},{"not_picked":["Havoc","Clothesline","Intimidate"],"picked":"Shockwave","floor":18},{"not_picked":["Seeing Red","Clash","Heavy Blade","Anger"],"picked":"SKIP","floor":19}],"player_experience":2112487,"relics_obtained":[{"floor":6,"key":"Bag of Marbles"},{"floor":9,"key":"Pen Nib"},{"floor":13,"key":"Question Card"}],"event_choices":[{"cards_removed":["Strike_R"],"damage_healed":0.0,"max_hp_gain":0.0,"max_hp_loss":0.0,"gold_gain":0.0,"event_name":"The Cleric","player_choice":"Card Removal","floor":2.0,"gold_loss":50.0,"damage_taken":0.0},{"damage_healed":0.0,"max_hp_gain":0.0,"max_hp_loss":0.0,"gold_gain":0.0,"event_name":"Lab","player_choice":"Got Potions","floor":3.0,"gold_loss":0.0,"damage_taken":0.0},{"damage_healed":0,"gold_gain":0,"player_choice":"Inject Mutagens","damage_taken":0,"relics_obtained":["MutagenicStrength"],"max_hp_gain":0,"max_hp_loss":0,"event_name":"Drug Dealer","floor":20,"gold_loss":0},{"damage_healed":0,"gold_gain":0,"player_choice":"Shed Blood","damage_taken":21,"max_hp_gain":5,"max_hp_loss":0,"event_name":"Forgotten Altar","floor":21,"gold_loss":0}],"is_beta":false,"boss_relics":[{"not_picked":["Runic Pyramid","Coffee Dripper"],"picked":"Black Blood"}],"items_purged_floors":[],"is_endless":false,"potions_floor_spawned":[1,11,14,16],"killed_by":"Snake Plant","ascension_level":13}