{"gold_per_floor":[111,129,129,129,144,144,46,71,71,87,99,99,46,110,110,211,211,211,19,19,19,0,0],"floor_reached":23,"playtime":914,"items_purged":["Strike_B"],"score":302,"play_id":"b55c5488-4324-4fee-9dc1-9dca6fcf6e36","local_time":"20190119092521","is_ascension_mode":true,"campfire_choices":[{"data":"Tempest","floor":6,"key":"SMITH"},{"data":"Capacitor","floor":12,"key":"SMITH"},{"data":"Go for the Eyes","floor":15,"key":"SMITH"}],"neow_cost":"NONE","seed_source_timestamp":1240333640212923,"circlet_count":0,"master_deck":["AscendersBane","Strike_B","Strike_B","Strike_B","Defend_B","Defend_B","Defend_B","Defend_B","Zap+1","Dualcast","Finesse","Tempest+1","FTL","Ball Lightning","Leap","Electrodynamics","Capacitor+1","Consume","Go for the Eyes+1","Echo Form","Multi-Cast","Capacitor","Stack","Leap","Heatsinks"],"relics":["Cracked Core","Unceasing Top","Boot","Shovel","Prayer Wheel","Ectoplasm","OrangePellets"],"potions_floor_usage":[16,16,18,23],"damage_taken":[{"damage":1,"enemies":"Cultist","floor":1,"turns":3},{"damage":0,"enemies":"Jaw Worm","floor":2,"turns":3},{"damage":1,"enemies":"Small Slimes","floor":5,"turns":3},{"damage":14,"enemies":"3 Sentries","floor":8,"turns":6},{"damage":3,"enemies":"Blue Slaver","floor":10,"turns":3},{"damage":5,"enemies":"Exordium Thugs","floor":11,"turns":3},{"damage":19,"enemies":"3 Sentries","floor":14,"turns":4},{"damage":9,"enemies":"Hexaghost","floor":16,"turns":7},{"damage":12,"enemies":"Spheric Guardian","floor":18,"turns":4},{"damage":7,"enemies":"Chosen","floor":20,"turns":3},{"damage":50,"enemies":"Book of Stabbing","floor":23,"turns":5}],"seed_played":"5249846802008829624","potions_obtained":[{"floor":1,"key":"Weak Potion"},{"floor":8,"key":"Weak Potion"},{"floor":10,"key":"FocusPotion"},{"floor":16,"key":"SkillPotion"},{"floor":20,"key":"AttackPotion"}],"is_trial":false,"path_per_floor":["M","M","?","T","M","R","$","E","T","M","M","R","$","?","R","B",null,"M","$","M","?","?","E"],"character_chosen":"DEFECT","items_purchased":["Leap","Go for the Eyes","OrangePellets"],"campfire_rested":0,"item_purchase_floors":[7,13,19],"current_hp_per_floor":[67,67,67,67,66,66,66,52,52,49,44,44,44,25,25,16,60,48,48,41,41,41,0],"gold":0,"neow_bonus":"RANDOM_COLORLESS","is_prod":false,"is_daily":false,"chose_seed":false,"campfire_upgraded":3,"win_rate":0,"timestamp":1547857521,"path_taken":["M","M","?","?","?","R","$","E","T","M","M","R","$","?","R","BOSS","M","$","M","?","?","E"],"build_version":"2019-01-17v2","purchased_purges":1,"victory":false,"max_hp_per_floor":[75,75,75,75,75,75,75,75,75,75,75,75,75,75,75,75,75,75,75,75,75,75,75],"card_choices":[{"not_picked":["Leap","Sweeping Beam"],"picked":"Tempest","floor":1},{"not_picked":["Gash","Doom and Gloom"],"picked":"FTL","floor":2},{"not_picked":["Sweeping Beam","Beam Cell"],"picked":"Ball Lightning","floor":5},{"not_picked":["Ball Lightning","Lockon"],"picked":"Electrodynamics","floor":8},{"not_picked":["Sweeping Beam","Streamline"],"picked":"Capacitor","floor":10},{"not_picked":["Lockon","Blizzard"],"picked":"Consume","floor":11},{"not_picked":["Cold Snap","Barrage"],"picked":"Echo Form","floor":14},{"not_picked":["Rainbow","Meteor Strike"],"picked":"Multi-Cast","floor":16},{"not_picked":["Stack","Aggregate+1"],"picked":"Capacitor","floor":18},{"not_picked":["Coolheaded","Streamline"],"picked":"Stack","floor":18},{"not_picked":["Stack","Tempest"],"picked":"Leap","floor":20},{"not_picked":["Go for the Eyes","Genetic Algorithm"],"picked":"Heatsinks","floor":20}],"player_experience":408439,"relics_obtained":[{"floor":4,"key":"Unceasing Top"},{"floor":8,"key":"Boot"},{"floor":9,"key":"Shovel"},{"floor":14,"key":"Prayer Wheel"}],"event_choices":[{"damage_healed":0,"gold_gain":0,"player_choice":"Grow","damage_taken":0,"max_hp_gain":0,"max_hp_loss":0,"event_name":"Living Wall","floor":3,"gold_loss":0,"cards_upgraded":["Zap"]},{"damage_healed":0,"gold_gain":30,"player_choice":"Searched \u00272\u0027 times","damage_taken":0,"max_hp_gain":0,"max_hp_loss":0,"event_name":"Dead Adventurer","floor":14,"gold_loss":0},{"damage_healed":0,"gold_gain":0,"player_choice":"Ignored","damage_taken":0,"max_hp_gain":0,"max_hp_loss":0,"event_name":"Cursed Tome","floor":21,"gold_loss":0},{"damage_healed":0,"gold_gain":0,"player_choice":"Paid Fearfully","damage_taken":0,"max_hp_gain":0,"max_hp_loss":0,"event_name":"Masked Bandits","floor":22,"gold_loss":19}],"is_beta":false,"boss_relics":[{"not_picked":["Fusion Hammer","Coffee Dripper"],"picked":"Ectoplasm"}],"items_purged_floors":[7],"is_endless":false,"potions_floor_spawned":[1,8,10,16,20],"killed_by":"Book of Stabbing","ascension_level":12}