{"gold_per_floor":[20,35,45,45,58,93,93,113,136,136,116,149,167,199,199,300,300,313,44,44,58,68,68,68],"floor_reached":24,"playtime":1903,"items_purged":["Strike_G"],"score":292,"play_id":"fa005b1c-00d6-42c2-b547-f11b30a9e953","local_time":"20190213195804","is_ascension_mode":true,"campfire_choices":[{"floor":7,"key":"REST"},{"floor":10,"key":"REST"},{"floor":15,"key":"REST"},{"floor":23,"key":"REST"}],"neow_cost":"NO_GOLD","seed_source_timestamp":2789098656104507,"circlet_count":0,"master_deck":["Defend_G","Defend_G","Defend_G","Defend_G","Defend_G","Strike_G","Strike_G","Strike_G","Strike_G","Survivor","Neutralize","Corpse Explosion","Poisoned Stab","PiercingWail","Acrobatics","Dodge and Roll","Infinite Blades","Backflip","Adrenaline","Blur","After Image","Sucker Punch+1","Infinite Blades","PiercingWail"],"relics":["Ring of the Snake","Ornamental Fan","Omamori","Happy Flower","Smiling Mask","Black Star","Snake Skull","Enchiridion"],"potions_floor_usage":[14,16,18,24],"damage_taken":[{"damage":2,"enemies":"2 Louse","floor":1,"turns":3},{"damage":10,"enemies":"Cultist","floor":2,"turns":4},{"damage":1,"enemies":"Jaw Worm","floor":3,"turns":4},{"damage":0,"enemies":"3 Louse","floor":5,"turns":4},{"damage":51,"enemies":"Gremlin Nob","floor":6,"turns":6},{"damage":7,"enemies":"Large Slime","floor":8,"turns":8},{"damage":14,"enemies":"3 Sentries","floor":12,"turns":4},{"damage":2,"enemies":"2 Fungi Beasts","floor":13,"turns":4},{"damage":14,"enemies":"Lagavulin","floor":14,"turns":7},{"damage":20,"enemies":"Slime Boss","floor":16,"turns":13},{"damage":28,"enemies":"Chosen","floor":18,"turns":10},{"damage":13,"enemies":"Spheric Guardian","floor":21,"turns":10},{"damage":5,"enemies":"Centurion and Healer","floor":22,"turns":6},{"damage":35,"enemies":"Gremlin Leader","floor":24,"turns":7}],"seed_played":"-8722407365102095330","potions_obtained":[{"floor":3,"key":"Explosive Potion"},{"floor":5,"key":"LiquidBronze"},{"floor":8,"key":"Block Potion"},{"floor":11,"key":"Swift Potion"},{"floor":14,"key":"SkillPotion"},{"floor":16,"key":"SteroidPotion"}],"is_trial":false,"path_per_floor":["M","M","M","?","M","E","R","M","T","R","?","E","M","E","R","B",null,"M","$","?","M","M","R","E"],"character_chosen":"THE_SILENT","items_purchased":["Snake Skull","Infinite Blades"],"campfire_rested":4,"item_purchase_floors":[19,19],"current_hp_per_floor":[68,58,57,57,57,6,27,20,20,41,41,27,25,11,32,12,70,42,42,26,13,8,29,0],"gold":68,"neow_bonus":"THREE_RARE_CARDS","is_prod":false,"is_daily":false,"chose_seed":false,"campfire_upgraded":0,"win_rate":0,"timestamp":1550059084,"path_taken":["M","M","M","?","?","E","R","M","T","R","?","E","?","E","R","BOSS","M","$","?","M","M","R","E"],"build_version":"2019-01-23","purchased_purges":1,"victory":false,"max_hp_per_floor":[70,70,70,70,70,70,70,70,70,70,70,70,70,70,70,70,70,70,70,70,70,70,70,70],"card_choices":[{"not_picked":["Tools of the Trade","Malaise"],"picked":"Corpse Explosion","floor":0},{"not_picked":["Quick Slash","Finisher"],"picked":"Poisoned Stab","floor":1},{"not_picked":["Setup","Prepared"],"picked":"PiercingWail","floor":2},{"not_picked":["Distraction","Accuracy","Choke"],"picked":"SKIP","floor":3},{"not_picked":["Accuracy","Underhanded Strike"],"picked":"Dodge and Roll","floor":5},{"not_picked":["PiercingWail","Masterful Stab"],"picked":"Infinite Blades","floor":6},{"not_picked":["Quick Slash","Bouncing Flask"],"picked":"Backflip","floor":8},{"not_picked":["Deadly Poison","Flying Knee","Expertise"],"picked":"SKIP","floor":12},{"not_picked":["Deadly Poison","Flying Knee","Expertise"],"picked":"SKIP","floor":12},{"not_picked":["Concentrate","Quick Slash"],"picked":"Adrenaline","floor":13},{"not_picked":["Backflip","Infinite Blades"],"picked":"Blur","floor":14},{"not_picked":["Die Die Die","Corpse Explosion"],"picked":"After Image","floor":16},{"not_picked":["Slice","Bouncing Flask"],"picked":"Sucker Punch+1","floor":18},{"not_picked":["Slice","Flechettes","Poisoned Stab"],"picked":"SKIP","floor":21},{"not_picked":["Setup","Cloak And Dagger"],"picked":"PiercingWail","floor":22}],"player_experience":117819,"relics_obtained":[{"floor":6,"key":"Ornamental Fan"},{"floor":9,"key":"Omamori"},{"floor":12,"key":"Happy Flower"},{"floor":14,"key":"Smiling Mask"},{"floor":20,"key":"Enchiridion"}],"event_choices":[{"damage_healed":0,"gold_gain":0,"player_choice":"1 cards matched","damage_taken":0,"max_hp_gain":0,"max_hp_loss":0,"event_name":"Match and Keep!","floor":4,"gold_loss":0,"cards_obtained":["Acrobatics"]},{"damage_healed":0,"gold_gain":0,"player_choice":"1 cards matched","damage_taken":0,"max_hp_gain":0,"max_hp_loss":0,"event_name":"Match and Keep!","floor":4,"gold_loss":0,"cards_obtained":["Acrobatics"]},{"damage_healed":0,"gold_gain":0,"player_choice":"Bought 1 Potion","damage_taken":0,"max_hp_gain":0,"max_hp_loss":0,"event_name":"The Woman in Blue","floor":11,"gold_loss":0},{"damage_healed":0,"gold_gain":0,"player_choice":"Obtained Book","damage_taken":16,"max_hp_gain":0,"max_hp_loss":0,"event_name":"Cursed Tome","floor":20,"gold_loss":0}],"is_beta":false,"boss_relics":[{"not_picked":["Velvet Choker","Tiny House"],"picked":"Black Star"}],"items_purged_floors":[19],"is_endless":false,"potions_floor_spawned":[3,5,8,14,16],"killed_by":"Gremlin Leader","ascension_level":4}