{"gold_per_floor":[119,219,231,248,258,258,284,284,334,334,352,352,429,38,38,133,133,120,120,134,0,0,0,18,18,43,43,59,59],"floor_reached":29,"playtime":1761,"items_purged":["Strike_G"],"score":357,"play_id":"182eac93-145c-41d8-9d67-cf85143889bb","local_time":"20181025122408","is_ascension_mode":true,"campfire_choices":[{"data":"Infinite Blades","floor":6,"key":"SMITH"},{"data":"Cloak And Dagger","floor":10,"key":"SMITH"},{"floor":15,"key":"REST"},{"floor":23,"key":"REST"}],"neow_cost":"NONE","seed_source_timestamp":1326829519760382,"circlet_count":0,"master_deck":["Defend_G","Defend_G","Defend_G","Defend_G","Defend_G","Strike_G","Survivor","Neutralize","AscendersBane","Dash","Infinite Blades","Infinite Blades+1","Tools of the Trade","Cloak And Dagger+1","Blade Dance","Accuracy","Dodge and Roll","Phantasmal Killer","Calculated Gamble+1","Riddle With Holes","Accuracy","Blur"],"relics":["Empty Cage","Bottled Lightning","CultistMask","PreservedInsect","Oddly Smooth Stone","Ninja Scroll","Strange Spoon","White Beast Statue","Blood Vial"],"potions_floor_usage":[5,11,16,22,28],"damage_taken":[{"damage":4,"enemies":"Small Slimes","floor":1,"turns":6},{"damage":1,"enemies":"Cultist","floor":3,"turns":5},{"damage":0,"enemies":"2 Louse","floor":4,"turns":3},{"damage":7,"enemies":"Large Slime","floor":5,"turns":9},{"damage":18,"enemies":"Lagavulin","floor":7,"turns":9},{"damage":0,"enemies":"Looter","floor":11,"turns":3},{"damage":38,"enemies":"The Guardian","floor":16,"turns":13},{"damage":16,"enemies":"2 Thieves","floor":18,"turns":4},{"damage":9,"enemies":"Shell Parasite","floor":20,"turns":5},{"damage":24,"enemies":"Colosseum Slavers","floor":22,"turns":5},{"damage":9,"enemies":"Centurion and Healer","floor":24,"turns":8},{"damage":11,"enemies":"Chosen and Byrds","floor":28,"turns":6},{"damage":17,"enemies":"Snake Plant","floor":29,"turns":3}],"seed_played":"-6116208309780702288","potions_obtained":[{"floor":4,"key":"Regen Potion"},{"floor":7,"key":"AttackPotion"},{"floor":11,"key":"GamblersBrew"},{"floor":18,"key":"Ancient Potion"},{"floor":20,"key":"Fire Potion"},{"floor":24,"key":"SpeedPotion"},{"floor":28,"key":"GamblersBrew"}],"is_trial":false,"path_per_floor":["M","?","M","M","M","R","E","?","T","R","M","?","T","$","R","B",null,"M","?","M","?","?","R","M","$","T","$","M"],"character_chosen":"THE_SILENT","items_purchased":["Accuracy","Strange Spoon","Dodge and Roll"],"campfire_rested":2,"item_purchase_floors":[14,14,14],"current_hp_per_floor":[59,59,58,58,65,65,47,47,47,47,47,22,22,22,43,5,54,38,38,29,29,5,26,17,17,17,17,8,0],"gold":59,"neow_bonus":"BOSS_RELIC","is_prod":false,"is_daily":false,"chose_seed":false,"campfire_upgraded":2,"win_rate":0,"timestamp":1540484648,"path_taken":["M","?","M","M","M","R","E","?","T","R","?","?","?","$","R","BOSS","M","?","?","?","?","R","M","?","T","$","M","M"],"build_version":"2018-10-18","purchased_purges":1,"victory":false,"max_hp_per_floor":[70,70,70,70,70,70,70,70,70,70,70,70,70,70,70,70,70,70,70,70,70,70,70,70,70,70,70,70,70],"card_choices":[{"not_picked":["Dagger Spray","Prepared"],"picked":"Dash","floor":1},{"not_picked":["Outmaneuver","Dagger Throw"],"picked":"Infinite Blades","floor":3},{"not_picked":["Predator","Flying Knee"],"picked":"Infinite Blades","floor":4},{"not_picked":["Sucker Punch","Prepared"],"picked":"Tools of the Trade","floor":5},{"not_picked":["Backstab","Blade Dance"],"picked":"Cloak And Dagger","floor":7},{"not_picked":["Crippling Poison","Quick Slash"],"picked":"Blade Dance","floor":11},{"not_picked":["Night Terror","Corpse Explosion"],"picked":"Phantasmal Killer","floor":16},{"not_picked":["Dagger Throw","Heel Hook"],"picked":"Calculated Gamble+1","floor":18},{"not_picked":["Dagger Spray","Masterful Stab","Sucker Punch"],"picked":"SKIP","floor":20},{"not_picked":["Cloak And Dagger","Noxious Fumes"],"picked":"Accuracy","floor":24},{"not_picked":["PiercingWail","Dagger Throw"],"picked":"Blur","floor":28}],"player_experience":1585947,"relics_obtained":[{"floor":7,"key":"Bottled Lightning"},{"floor":9,"key":"PreservedInsect"},{"floor":13,"key":"Ninja Scroll"},{"floor":26,"key":"Blood Vial"}],"event_choices":[{"damage_healed":0,"gold_gain":100,"player_choice":"Pray","damage_taken":0,"max_hp_gain":0,"max_hp_loss":0,"event_name":"Golden Shrine","floor":2,"gold_loss":0},{"damage_healed":0,"gold_gain":0,"player_choice":"Trade","damage_taken":0,"relics_obtained":["CultistMask"],"max_hp_gain":0,"max_hp_loss":0,"event_name":"FaceTrader","floor":8,"gold_loss":0},{"damage_healed":0,"gold_gain":0,"player_choice":"Success","damage_taken":25,"relics_obtained":["Oddly Smooth Stone"],"max_hp_gain":0,"max_hp_loss":0,"event_name":"Scrap Ooze","floor":12,"gold_loss":0},{"damage_healed":0,"gold_gain":0,"cards_transformed":["Strike_G"],"player_choice":"Transformed","damage_taken":0,"max_hp_gain":0,"max_hp_loss":0,"event_name":"Transmorgrifier","floor":19,"gold_loss":0,"cards_obtained":["Riddle With Holes"]},{"damage_healed":0,"gold_gain":0,"player_choice":"Paid Fearfully","damage_taken":0,"max_hp_gain":0,"max_hp_loss":0,"event_name":"Masked Bandits","floor":21,"gold_loss":134},{"damage_healed":0,"gold_gain":0,"player_choice":"Fight","damage_taken":0,"max_hp_gain":0,"max_hp_loss":0,"event_name":"Colosseum","floor":22,"gold_loss":0},{"damage_healed":0,"gold_gain":0,"player_choice":"Fled From Nobs","damage_taken":0,"max_hp_gain":0,"max_hp_loss":0,"event_name":"Colosseum","floor":22,"gold_loss":0}],"is_beta":false,"boss_relics":[{"not_picked":["Ectoplasm","HoveringKite"],"picked":"White Beast Statue"}],"items_purged_floors":[14],"is_endless":false,"potions_floor_spawned":[4,7,11,18,20,22,24,28],"killed_by":"Snake Plant","ascension_level":12}