{"gold_per_floor":[114,9,21,21,34,66,66,92,92,111,140,140,151,164,164,242,242,227,12,28,39,89,89,89,101,125,44,64,95,95,105,105,184,184,196,196,196,129,149,149,149,149,230,230,230,260,275,289,289,289],"floor_reached":51,"playtime":3086,"items_purged":[],"score":1542,"play_id":"ac47f40d-7adf-409f-8011-202644a5f776","local_time":"20180705172444","is_ascension_mode":true,"campfire_choices":[{"data":"Malaise","floor":7.0,"key":"SMITH"},{"floor":15.0,"key":"REST"},{"data":"Blade Dance","floor":23.0,"key":"SMITH"},{"floor":32.0,"key":"REST"},{"data":"Neutralize","floor":40,"key":"SMITH"},{"data":"Die Die Die","floor":42,"key":"SMITH"},{"floor":49,"key":"REST"}],"neow_cost":"","seed_source_timestamp":0,"circlet_count":0,"master_deck":["Defend_G","Defend_G","Defend_G","Defend_G","Defend_G","Strike_G","Strike_G","Strike_G","Strike_G","Survivor","Neutralize+1","AscendersBane","Slice","Sucker Punch","Leg Sweep","Malaise+1","Heel Hook","Die Die Die+1","Blade Dance+1","Neutralize","Burst","Escape Plan","Glass Knife","Backflip","Footwork+1","Well Laid Plans","Backstab","Sucker Punch","Skewer+1","Dodge and Roll","Deflect","Masterful Stab+1"],"special_seed":0,"relics":["Ring of the Snake","Regal Pillow","Dead Branch","Blue Candle","Ancient Tea Set","Busted Crown","Bag of Preparation","Anchor","Shuriken","White Beast Statue","Molten Egg 2","Tiny Chest","Bird Faced Urn","Bottled Flame"],"potions_floor_usage":[39,46,47,48,48],"damage_taken":[{"damage":1.0,"enemies":"Cultist","floor":1.0,"turns":5.0},{"damage":0.0,"enemies":"Jaw Worm","floor":3.0,"turns":7.0},{"damage":0.0,"enemies":"Small Slimes","floor":5.0,"turns":5.0},{"damage":10.0,"enemies":"Lagavulin","floor":6.0,"turns":9.0},{"damage":11.0,"enemies":"3 Sentries","floor":8.0,"turns":10.0},{"damage":0.0,"enemies":"2 Fungi Beasts","floor":10.0,"turns":3.0},{"damage":20.0,"enemies":"Gremlin Nob","floor":11.0,"turns":6.0},{"damage":4.0,"enemies":"Looter","floor":13.0,"turns":4.0},{"damage":7.0,"enemies":"Lots of Slimes","floor":14.0,"turns":5.0},{"damage":1.0,"enemies":"The Guardian","floor":16.0,"turns":14.0},{"damage":19.0,"enemies":"2 Thieves","floor":18.0,"turns":4.0},{"damage":3.0,"enemies":"3 Byrds","floor":20.0,"turns":7.0},{"damage":6.0,"enemies":"Centurion and Healer","floor":21.0,"turns":9.0},{"damage":8.0,"enemies":"Snake Plant","floor":25.0,"turns":5.0},{"damage":10.0,"enemies":"3 Cultists","floor":28.0,"turns":6.0},{"damage":8.0,"enemies":"Book of Stabbing","floor":29.0,"turns":7.0},{"damage":0.0,"enemies":"Chosen and Byrds","floor":31.0,"turns":4.0},{"damage":3.0,"enemies":"Automaton","floor":33.0,"turns":10.0},{"damage":7,"enemies":"Orb Walker","floor":35,"turns":3},{"damage":7,"enemies":"3 Darklings","floor":39,"turns":4},{"damage":15,"floor":44,"turns":7},{"damage":33,"enemies":"Giant Head","floor":46,"turns":7},{"damage":10,"enemies":"Maw","floor":47,"turns":8},{"damage":2,"enemies":"4 Shapes","floor":48,"turns":4},{"damage":30,"enemies":"Time Eater","floor":50,"turns":18}],"seed_played":"-244673183813149294","potions_obtained":[{"floor":3.0,"key":"Block Potion"},{"floor":5.0,"key":"AttackPotion"},{"floor":6.0,"key":"AttackPotion"},{"floor":8.0,"key":"Swift Potion"},{"floor":14.0,"key":"Fire Potion"},{"floor":18.0,"key":"Ancient Potion"},{"floor":25.0,"key":"SteroidPotion"},{"floor":31.0,"key":"SkillPotion"},{"floor":35,"key":"Strength Potion"},{"floor":39,"key":"Fire Potion"},{"floor":46,"key":"Block Potion"},{"floor":47,"key":"GhostInAJar"},{"floor":48,"key":"FairyPotion"}],"is_trial":false,"path_per_floor":["M","$","M","?","M","E","R","E","T","M","E","?","M","M","R","B",null,"M","$","M","M","?","R","?","M","T","$","M","E","?","M","R","B",null,"M","?","T","$","M","R","$","R","T","?","?","E","M","M","R","B"],"character_chosen":"THE_SILENT","items_purchased":["Sucker Punch","Leg Sweep","Bag of Preparation","Footwork","Well Laid Plans","Skewer+1"],"campfire_rested":3,"item_purchase_floors":[],"current_hp_per_floor":[58,58,58,63,63,53,53,42,42,42,22,22,18,11,47,46,65,46,46,43,37,37,37,37,29,29,29,19,11,11,11,47,44,64,57,57,57,57,50,50,50,50,50,35,35,8,2,6,42,20],"gold":289,"neow_bonus":"","is_prod":false,"is_daily":false,"chose_seed":false,"campfire_upgraded":4,"win_rate":0,"timestamp":1530804284,"path_taken":["M","?","M","?","M","E","R","E","T","M","E","?","M","?","R","BOSS","M","$","M","M","?","R","?","M","T","$","M","E","?","M","R","BOSS","M","?","?","$","?","R","$","R","T","?","?","E","M","M","R","BOSS"],"build_version":"2018-06-28","purchased_purges":0,"victory":true,"max_hp_per_floor":[66,66,66,71,71,71,71,71,71,71,71,71,71,71,71,71,71,71,71,71,71,71,71,71,71,71,71,71,71,71,71,71,71,71,71,71,71,71,71,71,71,71,71,71,71,71,71,71,71,71],"card_choices":[{"not_picked":["Quick Slash","Bane"],"picked":"Slice","floor":1.0},{"not_picked":["Terror","Bouncing Flask"],"picked":"Malaise","floor":3.0},{"not_picked":["Caltrops","Underhanded Strike","Quick Slash"],"picked":"SKIP","floor":5.0},{"not_picked":["Blade Dance","Deflect"],"picked":"Heel Hook","floor":6.0},{"not_picked":["A Thousand Cuts","Unload"],"picked":"Die Die Die","floor":8.0},{"not_picked":["Choke","Heel Hook","Dodge and Roll"],"picked":"SKIP","floor":10.0},{"not_picked":["Bane","Heel Hook"],"picked":"Blade Dance","floor":11.0},{"not_picked":["Acrobatics","Sucker Punch"],"picked":"Heel Hook","floor":13.0},{"not_picked":["Slice","Poisoned Stab"],"picked":"Escape Plan","floor":14.0},{"not_picked":["Envenom","Phantasmal Killer"],"picked":"Glass Knife","floor":16.0},{"not_picked":[],"picked":"Backflip","floor":18.0},{"not_picked":["Sucker Punch"],"picked":"SKIP","floor":20.0},{"not_picked":["Caltrops"],"picked":"SKIP","floor":21.0},{"not_picked":["Bane"],"picked":"SKIP","floor":25.0},{"not_picked":["Outmaneuver"],"picked":"SKIP","floor":28.0},{"not_picked":["Setup"],"picked":"SKIP","floor":29.0},{"not_picked":[],"picked":"Backstab","floor":31.0},{"not_picked":[],"picked":"Sucker Punch","floor":35},{"not_picked":["Deadly Poison"],"picked":"SKIP","floor":39},{"not_picked":[],"picked":"Dodge and Roll","floor":44},{"not_picked":[],"picked":"Deflect","floor":46},{"not_picked":["Flying Knee+1"],"picked":"SKIP","floor":47},{"not_picked":[],"picked":"Masterful Stab+1","floor":48}],"player_experience":980162,"relics_obtained":[{"floor":6.0,"key":"Regal Pillow"},{"floor":8.0,"key":"Dead Branch"},{"floor":9.0,"key":"Blue Candle"},{"floor":11.0,"key":"Ancient Tea Set"},{"floor":26.0,"key":"Anchor"},{"floor":29.0,"key":"Shuriken"},{"floor":37,"key":"Molten Egg 2"},{"floor":43,"key":"Tiny Chest"},{"floor":44,"key":"Bird Faced Urn"},{"floor":46,"key":"Bottled Flame"}],"event_choices":[{"event_name":"Big Fish","player_choice":"Donut","floor":4.0,"damage_taken":0.0},{"event_name":"Match and Keep!","player_choice":"2 cards matched","floor":12.0,"damage_taken":0.0},{"event_name":"Nest","player_choice":"Stole From Cult","floor":22.0,"damage_taken":0.0},{"event_name":"Purifier","player_choice":"One Purge","floor":24.0,"damage_taken":0.0},{"event_name":"Upgrade Shrine","player_choice":"Upgraded","floor":30.0,"damage_taken":0.0},{"event_name":"Tomb of Lord Red Mask","player_choice":"Ignored","floor":36,"damage_taken":0},{"event_name":"MindBloom","player_choice":"Fight","floor":44,"damage_taken":0},{"event_name":"Falling","player_choice":"Removed Attack","floor":45,"damage_taken":0}],"boss_relics":[{"not_picked":["Runic Pyramid","Ectoplasm"],"picked":"Busted Crown"},{"not_picked":["Fusion Hammer","Pandora\u0027s Box"],"picked":"White Beast Statue"}],"items_purged_floors":[],"is_endless":false,"potions_floor_spawned":[3,5,6,8,14,18,25,29,31,35,39,44,46,47,48],"ascension_level":15}