{"gold_per_floor":[110,128,128,73,88,88,88,116,128,151,238,42,42,56,56,56],"floor_reached":16,"playtime":644,"items_purged":[],"score":200,"play_id":"2bf08e3b-4cba-4c88-889d-4a6dfe470ebe","local_time":"20181029022252","is_ascension_mode":true,"campfire_choices":[{"data":"Underhanded Strike","floor":6,"key":"SMITH"},{"floor":13,"key":"REST"},{"floor":15,"key":"REST"}],"neow_cost":"NONE","seed_source_timestamp":168223175009824,"circlet_count":0,"master_deck":["Defend_G+1","Defend_G","Defend_G","Defend_G","Defend_G","Strike_G","Strike_G","Strike_G","Strike_G","Strike_G","Survivor","Neutralize+1","AscendersBane","Underhanded Strike+1","Cloak And Dagger","Dagger Throw","Catalyst","Catalyst","PiercingWail","Apotheosis","Crippling Poison"],"relics":["HoveringKite","Sundial","MawBank","Matryoshka"],"potions_floor_usage":[8,16],"damage_taken":[{"damage":1,"enemies":"2 Louse","floor":1,"turns":5},{"damage":3,"enemies":"Small Slimes","floor":2,"turns":4},{"damage":3,"enemies":"Cultist","floor":5,"turns":4},{"damage":21,"enemies":"Gremlin Nob","floor":8,"turns":4},{"damage":4,"enemies":"Blue Slaver","floor":10,"turns":5},{"damage":4,"enemies":"Looter","floor":14,"turns":4},{"damage":40,"enemies":"Slime Boss","floor":16,"turns":9}],"seed_played":"1363381620470630563","potions_obtained":[{"floor":5,"key":"SteroidPotion"},{"floor":10,"key":"EssenceOfSteel"},{"floor":14,"key":"SteroidPotion"}],"is_trial":false,"path_per_floor":["M","M","?","$","M","R","?","E","T","M","?","$","R","M","R"],"character_chosen":"THE_SILENT","items_purchased":["Dagger Throw","Apotheosis"],"campfire_rested":2,"item_purchase_floors":[4,12],"current_hp_per_floor":[58,55,35,35,32,32,27,6,6,2,2,2,21,17,36,0],"gold":56,"neow_bonus":"BOSS_RELIC","is_prod":false,"is_daily":false,"chose_seed":false,"campfire_upgraded":1,"win_rate":0,"timestamp":1540797772,"path_taken":["M","M","?","$","?","R","?","E","T","M","?","$","R","M","R","BOSS"],"build_version":"2018-10-25v2","purchased_purges":0,"victory":false,"max_hp_per_floor":[66,66,66,66,66,66,66,66,66,66,66,66,66,66,66,66],"card_choices":[{"not_picked":["Deadly Poison","Dagger Spray"],"picked":"Underhanded Strike","floor":1},{"not_picked":["Poisoned Stab","Concentrate"],"picked":"Cloak And Dagger","floor":2},{"not_picked":["Deflect","Poisoned Stab"],"picked":"Catalyst","floor":5},{"not_picked":["Dodge and Roll","Infinite Blades"],"picked":"Catalyst","floor":8},{"not_picked":["Dodge and Roll","Slice"],"picked":"PiercingWail","floor":10},{"not_picked":["Blur","Endless Agony"],"picked":"Crippling Poison","floor":14}],"player_experience":717035,"relics_obtained":[{"floor":8,"key":"MawBank"},{"floor":9,"key":"Matryoshka"}],"event_choices":[{"damage_healed":0,"gold_gain":0,"player_choice":"Entered Light","damage_taken":20,"max_hp_gain":0,"max_hp_loss":0,"event_name":"Shining Light","floor":3,"gold_loss":0,"cards_upgraded":["Neutralize","Defend_G"]},{"damage_healed":0,"gold_gain":0,"player_choice":"Success","damage_taken":5,"relics_obtained":["Sundial"],"max_hp_gain":0,"max_hp_loss":0,"event_name":"Scrap Ooze","floor":7,"gold_loss":0},{"damage_healed":0,"gold_gain":75,"player_choice":"Gained Gold","damage_taken":0,"max_hp_gain":0,"max_hp_loss":0,"event_name":"Golden Wing","floor":11,"gold_loss":0}],"is_beta":true,"boss_relics":[],"items_purged_floors":[],"is_endless":false,"potions_floor_spawned":[5,10,14],"killed_by":"Slime Boss","ascension_level":20}