{"gold_per_floor":[110,110,110,110,125,158,168,168,168,200,6,19,31,64,64,162,162,181,3,93,112,124,124,135,135,158,158,173,191,201,201,201,201],"floor_reached":33,"playtime":2226,"items_purged":["Strike_G"],"score":294,"play_id":"f4ceddc9-d041-49c0-ad40-0aaf78dfda90","local_time":"20181212214509","is_ascension_mode":false,"campfire_choices":[{"data":"Dash","floor":15,"key":"SMITH"},{"floor":23,"key":"RECALL"},{"data":"After Image","floor":25,"key":"SMITH"},{"data":"Cloak And Dagger","floor":32,"key":"SMITH"}],"neow_cost":"NONE","seed_source_timestamp":5984596715390,"circlet_count":0,"master_deck":["Defend_G","Defend_G","Defend_G","Defend_G","Defend_G","Strike_G","Survivor","Neutralize","Dash+1","Predator","Quick Slash","Tools of the Trade","Cloak And Dagger","Neutralize","Finisher","Cloak And Dagger+1","Slice","PiercingWail","After Image+1","Quick Slash","Backstab","Crippling Poison","Riddle With Holes","Dash","Dash","Slice+1"],"relics":["Coffee Dripper","Mango","Bottled Flame","Centennial Puzzle","Lee\u0027s Waffle","Matryoshka","Empty Cage","Pen Nib","Art of War","NlothsMask"],"potions_floor_usage":[10,10,10,10,14,16,16,22,22,22,24,33,33],"damage_taken":[{"damage":0,"enemies":"2 Louse","floor":1,"turns":4},{"damage":0,"enemies":"Small Slimes","floor":5,"turns":3},{"damage":29,"enemies":"Gremlin Nob","floor":6,"turns":6},{"damage":0,"enemies":"Jaw Worm","floor":7,"turns":2},{"damage":7,"enemies":"3 Sentries","floor":10,"turns":6},{"damage":6,"enemies":"3 Louse","floor":12,"turns":3},{"damage":3,"enemies":"Red Slaver","floor":13,"turns":2},{"damage":13,"enemies":"Lagavulin","floor":14,"turns":4},{"damage":16,"enemies":"Hexaghost","floor":16,"turns":9},{"damage":14,"enemies":"Spheric Guardian","floor":18,"turns":4},{"damage":4,"enemies":"2 Thieves","floor":21,"turns":3},{"damage":15,"enemies":"Snake Plant","floor":22,"turns":3},{"damage":13,"enemies":"Cultist and Chosen","floor":24,"turns":7},{"damage":0,"enemies":"Snecko","floor":28,"turns":4},{"damage":2,"enemies":"Centurion and Healer","floor":29,"turns":6},{"damage":6,"enemies":"Sentry and Sphere","floor":30,"turns":6},{"damage":36,"enemies":"Automaton","floor":33,"turns":6}],"seed_played":"-9062724972703729621","potions_obtained":[{"floor":5,"key":"LiquidBronze"},{"floor":6,"key":"EntropicBrew"},{"floor":12,"key":"Explosive Potion"},{"floor":14,"key":"Weak Potion"},{"floor":21,"key":"EntropicBrew"},{"floor":28,"key":"SkillPotion"},{"floor":29,"key":"Energy Potion"}],"is_trial":false,"path_per_floor":["M","?","?","?","M","E","M","?","T","E","$","M","M","E","R","B",null,"M","$","?","M","M","R","M","R","T","?","M","M","M","?","R","B"],"character_chosen":"THE_SILENT","items_purchased":["Lee\u0027s Waffle","Backstab","Crippling Poison"],"campfire_rested":0,"item_purchase_floors":[11,19,19],"current_hp_per_floor":[70,75,75,68,68,53,53,53,53,46,96,90,87,74,74,58,96,82,82,64,60,45,45,32,32,32,32,32,30,24,24,24,0],"gold":201,"neow_bonus":"BOSS_RELIC","is_prod":false,"is_daily":false,"chose_seed":false,"campfire_upgraded":3,"win_rate":0,"timestamp":1544669109,"path_taken":["M","?","?","?","M","E","?","?","T","E","$","?","M","E","R","BOSS","M","$","?","?","M","R","M","R","T","?","M","?","M","?","R","BOSS"],"build_version":"2018-12-06","purchased_purges":1,"victory":false,"max_hp_per_floor":[70,75,75,75,75,89,89,89,89,89,96,96,96,96,96,96,96,96,96,96,96,96,96,96,96,96,96,96,96,96,96,96,96],"card_choices":[{"not_picked":["Underhanded Strike","Outmaneuver"],"picked":"Dash","floor":1},{"not_picked":["Reflex","Cloak And Dagger"],"picked":"Predator","floor":5},{"not_picked":["Acrobatics","Bane"],"picked":"Quick Slash","floor":6},{"not_picked":["Poisoned Stab","Blade Dance"],"picked":"Tools of the Trade","floor":7},{"not_picked":["Tactician","Reflex"],"picked":"Finisher","floor":10},{"not_picked":["Infinite Blades","Flechettes"],"picked":"Cloak And Dagger","floor":12},{"not_picked":["Dagger Spray","Choke"],"picked":"Slice","floor":13},{"not_picked":["Endless Agony","Choke"],"picked":"PiercingWail","floor":14},{"not_picked":["Die Die Die","Phantasmal Killer"],"picked":"After Image","floor":16},{"not_picked":["Deadly Poison","Accuracy"],"picked":"Quick Slash","floor":18},{"not_picked":["Quick Slash","Reflex+1"],"picked":"Riddle With Holes","floor":21},{"not_picked":["Deadly Poison","Caltrops"],"picked":"Dash","floor":22},{"not_picked":["Catalyst","Concentrate","Poisoned Stab+1"],"picked":"SKIP","floor":24},{"not_picked":["Quick Slash","Distraction"],"picked":"Dash","floor":28},{"not_picked":["Dagger Throw","Crippling Poison"],"picked":"Slice+1","floor":29},{"not_picked":["Masterful Stab","Outmaneuver","Dagger Spray"],"picked":"SKIP","floor":30}],"player_experience":1868526,"relics_obtained":[{"floor":6,"key":"Mango"},{"floor":9,"key":"Bottled Flame"},{"floor":10,"key":"Centennial Puzzle"},{"floor":14,"key":"Matryoshka"},{"floor":26,"key":"Pen Nib"},{"floor":27,"key":"Art of War"}],"event_choices":[{"damage_healed":0,"gold_gain":0,"player_choice":"Donut","damage_taken":0,"max_hp_gain":5,"max_hp_loss":0,"event_name":"Big Fish","floor":2,"gold_loss":0},{"damage_healed":0,"gold_gain":0,"player_choice":"Ignored","damage_taken":0,"max_hp_gain":0,"max_hp_loss":0,"event_name":"Liars Game","floor":3,"gold_loss":0},{"cards_removed":["Strike_G"],"damage_healed":0,"gold_gain":0,"player_choice":"Card Removal","damage_taken":7,"max_hp_gain":0,"max_hp_loss":0,"event_name":"Golden Wing","floor":4,"gold_loss":0},{"damage_healed":0,"gold_gain":0,"player_choice":"2 cards matched","damage_taken":0,"max_hp_gain":0,"max_hp_loss":0,"event_name":"Match and Keep!","floor":8,"gold_loss":0,"cards_obtained":["Cloak And Dagger","Neutralize"]},{"damage_healed":0,"gold_gain":90,"player_choice":"GOLD ","damage_taken":18,"max_hp_gain":0,"max_hp_loss":0,"event_name":"Knowing Skull","floor":20,"potions_obtained":[],"gold_loss":0,"cards_obtained":[]},{"damage_healed":0,"gold_gain":0,"player_choice":"Relic","damage_taken":0,"max_hp_gain":0,"max_hp_loss":0,"event_name":"Wheel of Change","floor":27,"gold_loss":0},{"damage_healed":0,"gold_gain":0,"player_choice":"Trade","damage_taken":0,"relics_obtained":["NlothsMask"],"max_hp_gain":0,"max_hp_loss":0,"event_name":"FaceTrader","floor":31,"gold_loss":0}],"is_beta":false,"boss_relics":[{"not_picked":["Fusion Hammer","Philosopher\u0027s Stone"],"picked":"Empty Cage"}],"items_purged_floors":[19],"is_endless":false,"potions_floor_spawned":[5,6,12,14,21,28,29],"killed_by":"Automaton","ascension_level":0}