{"path_per_floor":["M","?","?","?","M","E","R","?","T","R","T","M"],"character_chosen":"IRONCLAD","items_purchased":[],"gold_per_floor":[115,115,115,115,134,170,170,170,170,170,194,208,208],"floor_reached":13,"campfire_rested":2,"playtime":848,"current_hp_per_floor":[74,74,74,74,65,30,52,45,45,67,67,63,0],"items_purged":[],"gold":208,"score":81,"play_id":"d049cb79-3cfa-44c9-87d7-1f01571212be","local_time":"20180521093314","is_prod":false,"is_daily":false,"chose_seed":false,"is_ascension_mode":false,"campfire_upgraded":0,"timestamp":1526909594,"campfire_choices":[{"floor":7,"key":"REST"},{"floor":10,"key":"REST"}],"path_taken":["M","?","?","?","?","E","R","?","T","R","?","M","E"],"build_version":"2018-05-17","seed_source_timestamp":21666081960844,"purchased_purges":0,"victory":false,"master_deck":["Strike_R","Strike_R","Strike_R","Strike_R","Strike_R","Defend_R","Defend_R","Defend_R","Defend_R","Bash","Thunderclap","Burning Pact","Bash","Pommel Strike","Cleave","Shrug It Off"],"max_hp_per_floor":[80,74,74,74,74,74,74,74,74,74,74,74,74],"relics":["Runic Pyramid","Golden Idol","Bronze Scales","Ancient Tea Set","Blood Vial"],"card_choices":[{"not_picked":["Shrug It Off","Perfected Strike"],"picked":"Thunderclap","floor":1},{"not_picked":["True Grit","Body Slam"],"picked":"Pommel Strike","floor":5},{"not_picked":["Warcry","True Grit"],"picked":"Cleave","floor":6},{"not_picked":["Inflame","Sword Boomerang"],"picked":"Shrug It Off","floor":12}],"player_experience":17534,"potions_floor_usage":[13],"damage_taken":[{"damage":6,"enemies":"Jaw Worm","floor":1,"turns":6},{"damage":9,"enemies":"2 Louse","floor":5,"turns":3},{"damage":35,"enemies":"3 Sentries","floor":6,"turns":11},{"damage":6,"enemies":"Cultist","floor":12,"turns":3},{"damage":70,"enemies":"Gremlin Nob","floor":13,"turns":5}],"relics_obtained":[{"floor":6,"key":"Bronze Scales"},{"floor":9,"key":"Ancient Tea Set"},{"floor":11,"key":"Blood Vial"}],"event_choices":[{"event_name":"Golden Idol","player_choice":"Lose Max HP","floor":2,"damage_taken":0},{"event_name":"The Cleric","player_choice":"Leave","floor":3,"damage_taken":0},{"event_name":"Match and Keep!","player_choice":"3 cards matched","floor":4,"damage_taken":0},{"event_name":"Golden Wing","player_choice":"Card Removal","floor":8,"damage_taken":0}],"boss_relics":[],"potions_floor_spawned":[6,12],"seed_played":"-1129409146832266520","killed_by":"Gremlin Nob","ascension_level":0,"potions_obtained":[{"floor":6,"key":"Dexterity Potion"},{"floor":12,"key":"SpeedPotion"}],"is_trial":false}