{"gold_per_floor":[114,131,91,115,140,152,199,211,270,309,334,356,401,413,425,516,528,552,489,414,414,428,428,428,461,461,481,481,95,157,173,173,250,250,268,268,268,287,297,325,153,153,153,153,153,165,78,78,78,78,78],"floor_reached":51,"playtime":3175,"items_purged":["Strike_G"],"score":1492,"play_id":"0d0f88bf-789b-47b4-810b-47654d0da159","local_time":"20190107163717","is_ascension_mode":true,"campfire_choices":[{"data":"Noxious Fumes","floor":6,"key":"SMITH"},{"data":"Neutralize","floor":8,"key":"SMITH"},{"floor":15,"key":"REST"},{"data":"Envenom","floor":23,"key":"SMITH"},{"floor":28,"key":"REST"},{"data":"Well Laid Plans","floor":32,"key":"SMITH"},{"floor":42,"key":"REST"},{"data":"Catalyst","floor":44,"key":"SMITH"},{"floor":49,"key":"RECALL"}],"neow_cost":"NONE","seed_source_timestamp":5485566324609,"circlet_count":0,"master_deck":["AscendersBane","Defend_G","Defend_G","Defend_G","Defend_G","Defend_G","Strike_G","Survivor+1","Neutralize+1","Noxious Fumes+1","Footwork+1","Leg Sweep","Backstab","PiercingWail","Blur","Well Laid Plans+1","Envenom+1","Caltrops+1","Catalyst+1","Die Die Die","Backflip+1","Flechettes","Dagger Spray","Adrenaline","Blade Dance","Night Terror","Catalyst","Crippling Poison","Footwork","Doubt"],"relics":["Ring of the Snake","MawBank","Ornamental Fan","Happy Flower","Art of War","Mercury Hourglass","White Beast Statue","Paper Crane","Strawberry","Snake Skull","War Paint","Tiny Chest","Lizard Tail","Ancient Tea Set","Oddly Smooth Stone","Torii"],"potions_floor_usage":[7,7,7,11,13,25,25,30,33,40,40,50,50],"damage_taken":[{"damage":0,"enemies":"Cultist","floor":1,"turns":4},{"damage":2,"enemies":"Jaw Worm","floor":2,"turns":6},{"damage":4,"enemies":"2 Louse","floor":5,"turns":3},{"damage":13,"enemies":"3 Sentries","floor":7,"turns":8},{"damage":3,"enemies":"Exordium Thugs","floor":11,"turns":7},{"damage":0,"enemies":"2 Fungi Beasts","floor":12,"turns":6},{"damage":28,"enemies":"Gremlin Nob","floor":13,"turns":6},{"damage":21,"enemies":"Hexaghost","floor":16,"turns":13},{"damage":0,"enemies":"Chosen","floor":18,"turns":7},{"damage":0,"enemies":"3 Byrds","floor":22,"turns":2},{"damage":18,"enemies":"Gremlin Leader","floor":25,"turns":7},{"damage":15,"enemies":"Centurion and Healer","floor":27,"turns":10},{"damage":16,"enemies":"Book of Stabbing","floor":30,"turns":6},{"damage":4,"enemies":"Snake Plant","floor":31,"turns":5},{"damage":0,"enemies":"Automaton","floor":33,"turns":8},{"damage":0,"enemies":"3 Shapes","floor":35,"turns":6},{"damage":3,"enemies":"Orb Walker","floor":38,"turns":5},{"damage":31,"enemies":"Spire Growth","floor":39,"turns":6},{"damage":14,"enemies":"Nemesis","floor":40,"turns":7},{"damage":0,"enemies":"4 Shapes","floor":46,"turns":6},{"damage":16,"enemies":"Time Eater","floor":50,"turns":9},{"damage":123,"enemies":"Donu and Deca","floor":51,"turns":11}],"seed_played":"-3026188450008920926","potions_obtained":[{"floor":0,"key":"EntropicBrew"},{"floor":0,"key":"AttackPotion"},{"floor":7,"key":"Swift Potion"},{"floor":16,"key":"SpeedPotion"},{"floor":18,"key":"Energy Potion"},{"floor":25,"key":"FearPotion"},{"floor":27,"key":"Regen Potion"},{"floor":30,"key":"Regen Potion"},{"floor":31,"key":"Swift Potion"},{"floor":33,"key":"Explosive Potion"},{"floor":40,"key":"Energy Potion"},{"floor":46,"key":"SkillPotion"}],"is_trial":false,"path_per_floor":["M","M","$","T","M","R","E","R","T","T","M","M","E","?","R","B",null,"M","$","?","?","M","R","?","E","T","M","R","$","E","M","R","B",null,"M","$","$","M","M","E","$","R","T","R","T","M","$","?","R","B","B"],"character_chosen":"THE_SILENT","items_purchased":["Leg Sweep","Snake Skull","War Paint","Dagger Spray","Oddly Smooth Stone","Footwork"],"campfire_rested":3,"item_purchase_floors":[3,29,29,29,41,47],"current_hp_per_floor":[59,57,57,57,53,53,40,40,40,40,37,37,9,9,28,7,51,51,51,51,51,51,51,51,33,40,25,46,46,45,41,41,56,69,69,69,69,66,35,21,21,42,42,42,42,42,42,73,73,57,0],"gold":78,"neow_bonus":"THREE_SMALL_POTIONS","is_prod":false,"is_daily":false,"chose_seed":false,"campfire_upgraded":5,"win_rate":0,"timestamp":1546875437,"path_taken":["M","M","?","?","M","R","E","R","T","?","M","M","E","?","R","BOSS","M","$","?","?","M","R","?","E","T","?","R","$","E","M","R","BOSS","M","?","$","M","M","E","?","R","T","R","?","?","$","?","R","BOSS","BOSS"],"build_version":"2019-01-03v4","purchased_purges":1,"victory":false,"max_hp_per_floor":[66,66,66,66,66,66,66,66,66,66,66,66,66,66,66,66,66,66,66,66,66,66,66,66,66,73,73,73,73,73,73,73,73,73,73,73,73,73,73,73,73,73,73,73,73,73,73,73,73,73,73],"card_choices":[{"not_picked":["Concentrate","Distraction"],"picked":"Noxious Fumes","floor":1},{"not_picked":["Infinite Blades","Backflip"],"picked":"Footwork","floor":2},{"not_picked":["Expertise","Dagger Throw"],"picked":"Backstab","floor":5},{"not_picked":["Prepared","Infinite Blades"],"picked":"PiercingWail","floor":7},{"not_picked":["Predator","Concentrate"],"picked":"Blur","floor":11},{"not_picked":["Night Terror","Terror"],"picked":"Well Laid Plans","floor":12},{"not_picked":["Acrobatics","All Out Attack","Backflip"],"picked":"SKIP","floor":13},{"not_picked":["Grand Finale","Tools of the Trade"],"picked":"Envenom","floor":16},{"not_picked":["Outmaneuver+1","PiercingWail"],"picked":"Caltrops+1","floor":18},{"not_picked":["Bane","Acrobatics"],"picked":"Backflip","floor":22},{"not_picked":["Concentrate+1","Predator"],"picked":"Flechettes","floor":25},{"not_picked":["Underhanded Strike","Prepared","Acrobatics"],"picked":"SKIP","floor":27},{"not_picked":["Prepared+1","Dagger Spray"],"picked":"Adrenaline","floor":30},{"not_picked":["Tactician","Choke"],"picked":"Blade Dance","floor":31},{"not_picked":["Venomology","Envenom"],"picked":"Night Terror","floor":33},{"not_picked":["Leg Sweep","Cloak And Dagger"],"picked":"Catalyst","floor":35},{"not_picked":["Slice","Blade Dance","Flying Knee+1"],"picked":"SKIP","floor":38},{"not_picked":["Quick Slash","Bane+1"],"picked":"Crippling Poison","floor":39},{"not_picked":["Reflex","Dagger Throw+1","Deadly Poison"],"picked":"SKIP","floor":40},{"not_picked":["Eviscerate","Dagger Spray","Acrobatics"],"picked":"SKIP","floor":46}],"player_experience":1842974,"relics_obtained":[{"floor":4,"key":"MawBank"},{"floor":7,"key":"Ornamental Fan"},{"floor":9,"key":"Happy Flower"},{"floor":10,"key":"Art of War"},{"floor":13,"key":"Mercury Hourglass"},{"floor":25,"key":"Paper Crane"},{"floor":26,"key":"Strawberry"},{"floor":30,"key":"Tiny Chest"},{"floor":40,"key":"Ancient Tea Set"},{"floor":45,"key":"Torii"}],"event_choices":[{"damage_healed":0,"gold_gain":0,"player_choice":"Forge","damage_taken":0,"max_hp_gain":0,"max_hp_loss":0,"event_name":"Accursed Blacksmith","floor":14,"gold_loss":0,"cards_upgraded":["Footwork"]},{"cards_removed":["Strike_G"],"damage_healed":0,"gold_gain":0,"player_choice":"Gave Gold","damage_taken":0,"max_hp_gain":0,"max_hp_loss":0,"event_name":"Beggar","floor":20,"gold_loss":75},{"damage_healed":0,"gold_gain":0,"cards_transformed":["Strike_G","Strike_G"],"player_choice":"Became Test Subject","damage_taken":0,"max_hp_gain":0,"max_hp_loss":0,"event_name":"Drug Dealer","floor":21,"gold_loss":0,"cards_obtained":["Catalyst","Die Die Die"]},{"damage_healed":0,"gold_gain":0,"player_choice":"Ignored","damage_taken":0,"max_hp_gain":0,"max_hp_loss":0,"event_name":"The Mausoleum","floor":24,"gold_loss":0},{"damage_healed":31,"gold_gain":0,"player_choice":"Heal","damage_taken":0,"max_hp_gain":0,"max_hp_loss":0,"event_name":"MindBloom","floor":48,"gold_loss":0,"cards_obtained":["Doubt"]}],"is_beta":false,"boss_relics":[{"not_picked":["Black Star","Coffee Dripper"],"picked":"White Beast Statue"},{"not_picked":["Pandora\u0027s Box","Calling Bell"],"picked":"Lizard Tail"}],"items_purged_floors":[19],"is_endless":false,"potions_floor_spawned":[1,7,16,18,22,25,27,30,31,33,35,38,39,40,46],"killed_by":"Donu and Deca","ascension_level":20}