{"gold_per_floor":[159,159,172,172,182,214,214,232,232,232,242,45,45,45,45,147,147,160,179,179,17,84,15,47,67,94,110,110,120,134,161,161,265,265,283,294,344,394,406,434,434,466,466,127,177,177,227,241,241,241,241,241,47,73,73],"floor_reached":55,"playtime":4059,"items_purged":["Strike_B","Defend_B","Defend_B"],"score":822,"play_id":"d436d141-fe32-45cd-adcf-d143461e5c62","local_time":"20181206223556","is_ascension_mode":false,"campfire_choices":[{"floor":7.0,"key":"REST"},{"floor":13.0,"key":"REST"},{"floor":15.0,"key":"REST"},{"floor":28.0,"key":"RECALL"},{"data":"Trip","floor":32.0,"key":"SMITH"},{"data":"Machine Learning","floor":41.0,"key":"SMITH"},{"data":"Zap","floor":46.0,"key":"SMITH"},{"data":"Hologram","floor":49.0,"key":"SMITH"},{"data":"Hologram","floor":52.0,"key":"SMITH"}],"neow_cost":"NONE","seed_source_timestamp":352460395046058,"circlet_count":0,"master_deck":["Zap+1","Dualcast","Gash","Coolheaded","Steam","FTL","Go for the Eyes","Gash","All For One","Gash","Machine Learning+1","Chill","Coolheaded","Steam","Leap","Steam","FTL+1","Glacier+1","Trip+1","Scrape","FTL","Go for the Eyes","Hologram+1","Hologram+1","Beam Cell","Machine Learning","Beam Cell+1","Go for the Eyes+1","Defragment","Static Discharge"],"special_seed":0,"relics":["Tiny House","Mummified Hand","Ice Cream","WingedGreaves","Orrery","SsserpentHead","Bottled Flame","Lantern","Empty Cage","Mercury Hourglass","Ancient Tea Set","Gremlin Horn","Ornamental Fan","Pen Nib"],"potions_floor_usage":[],"damage_taken":[{"damage":1.0,"enemies":"2 Louse","floor":1.0,"turns":3.0},{"damage":6.0,"enemies":"Jaw Worm","floor":3.0,"turns":4.0},{"damage":10.0,"enemies":"Small Slimes","floor":5.0,"turns":3.0},{"damage":38.0,"enemies":"Lagavulin","floor":6.0,"turns":7.0},{"damage":5.0,"enemies":"3 Louse","floor":8.0,"turns":4.0},{"damage":15.0,"enemies":"Lots of Slimes","floor":11.0,"turns":5.0},{"damage":12.0,"enemies":"Slime Boss","floor":16.0,"turns":8.0},{"damage":4.0,"enemies":"Spheric Guardian","floor":18.0,"turns":4.0},{"damage":0.0,"enemies":"3 Byrds","floor":19.0,"turns":5.0},{"damage":0.0,"enemies":"Cultist and Chosen","floor":22.0,"turns":7.0},{"damage":0.0,"enemies":"Gremlin Leader","floor":24.0,"turns":6.0},{"damage":2.0,"enemies":"3 Cultists","floor":25.0,"turns":5.0},{"damage":0.0,"enemies":"Shelled Parasite and Fungi","floor":27.0,"turns":5.0},{"damage":0.0,"enemies":"Cultist and Chosen","floor":29.0,"turns":7.0},{"damage":0.0,"enemies":"3 Cultists","floor":30.0,"turns":3.0},{"damage":14.0,"enemies":"Slavers","floor":31.0,"turns":6.0},{"damage":8.0,"enemies":"Automaton","floor":33.0,"turns":9.0},{"damage":15.0,"enemies":"3 Darklings","floor":35.0,"turns":5.0},{"damage":0.0,"enemies":"3 Shapes","floor":36.0,"turns":4.0},{"damage":2.0,"enemies":"3 Darklings","floor":39.0,"turns":6.0},{"damage":5.0,"enemies":"Giant Head","floor":40.0,"turns":6.0},{"damage":29.0,"enemies":"Reptomancer","floor":42.0,"turns":5.0},{"damage":0.0,"enemies":"4 Shapes","floor":48.0,"turns":5.0},{"damage":55.0,"enemies":"Time Eater","floor":50.0,"turns":19.0},{"damage":36.0,"enemies":"Shield and Spear","floor":54.0,"turns":6.0},{"damage":60,"enemies":"The Heart","floor":55,"turns":5}],"seed_played":"5506670961004021184","potions_obtained":[{"floor":0.0,"key":"SpeedPotion"},{"floor":3.0,"key":"Strength Potion"},{"floor":8.0,"key":"FocusPotion"},{"floor":11.0,"key":"Weak Potion"},{"floor":24.0,"key":"LiquidBronze"},{"floor":25.0,"key":"Dexterity Potion"},{"floor":29.0,"key":"Strength Potion"},{"floor":33.0,"key":"SteroidPotion"},{"floor":39.0,"key":"FocusPotion"},{"floor":40.0,"key":"FocusPotion"},{"floor":42.0,"key":"PowerPotion"}],"is_trial":false,"path_per_floor":["M","?","M","?","M","E","R","M","T","?","M","$","R","?","R","B",null,"M","M","?","$","M","$","E","M","T","M","R","M","M","E","R","B",null,"M","M","?","?","M","E","R","E","T","$","?","R","?","M","R","B",null,"R","$","E","B"],"character_chosen":"DEFECT","items_purchased":["All For One","Gash","Trip","Scrape","Ornamental Fan","Defragment"],"campfire_rested":3,"item_purchase_floors":[12,12,21,23,44,53],"current_hp_per_floor":[79,84,78,78,68,30,55,50,50,50,35,35,60,53,78,66,85,81,81,81,81,81,81,81,79,79,79,79,79,79,65,65,57,85,70,70,70,70,68,63,63,34,34,34,34,34,95,95,95,40,95,95,95,59,0],"gold":73,"neow_bonus":"BOSS_RELIC","is_prod":false,"is_daily":false,"chose_seed":false,"campfire_upgraded":5,"win_rate":0,"timestamp":1544153756,"path_taken":["M","?","M","?","M","E","R","M","T","?","M","$","R","?","R","BOSS","M","M","?","$","?","$","E","M","T","M","R","M","M","E","R","BOSS","M","M","?","?","M","E","R","E","T","$","?","R","?","M","R","BOSS","R","$","E","BOSS"],"build_version":"2018-12-06","purchased_purges":3,"victory":false,"max_hp_per_floor":[80,85,85,85,85,85,85,85,85,85,85,85,85,85,85,85,85,85,85,85,85,85,85,85,85,85,85,85,85,85,85,85,85,85,85,85,85,85,85,85,85,85,85,85,85,85,95,95,95,95,95,95,95,95,95],"card_choices":[{"not_picked":["Leap","Conserve Battery"],"picked":"Gash","floor":0.0},{"not_picked":["Turbo","Recycle","Force Field"],"picked":"SKIP","floor":1.0},{"not_picked":["Chaos","Auto Shields"],"picked":"Coolheaded","floor":3.0},{"not_picked":["Loop","Reprogram"],"picked":"Steam","floor":5.0},{"not_picked":["Doom and Gloom","Redo"],"picked":"FTL","floor":6.0},{"not_picked":["Ball Lightning","Rebound"],"picked":"Go for the Eyes","floor":8.0},{"not_picked":["Ball Lightning","Self Repair"],"picked":"Gash","floor":11.0},{"not_picked":["Fission","Thunder Strike"],"picked":"Machine Learning","floor":16.0},{"not_picked":["Cold Snap","Storm"],"picked":"Chill","floor":17.0},{"not_picked":["Steam","White Noise"],"picked":"Coolheaded","floor":17.0},{"not_picked":["Coolheaded","Rebound"],"picked":"Steam","floor":17.0},{"not_picked":["Reprogram","Fusion"],"picked":"Leap","floor":17.0},{"not_picked":["Fusion","Stack"],"picked":"Steam","floor":17.0},{"not_picked":["Force Field+1","Barrage"],"picked":"FTL+1","floor":18.0},{"not_picked":["Conserve Battery","Consume"],"picked":"Glacier+1","floor":19.0},{"not_picked":["Consume","Coolheaded"],"picked":"Electrodynamics","floor":22.0},{"not_picked":["Coolheaded","Double Energy"],"picked":"FTL","floor":24.0},{"not_picked":["Fusion","Undo"],"picked":"Go for the Eyes","floor":25.0},{"not_picked":["Stack","Compile Driver"],"picked":"Hologram","floor":27.0},{"not_picked":["Skim","Compile Driver","Genetic Algorithm"],"picked":"SKIP","floor":29.0},{"not_picked":["Recycle","Cold Snap+1"],"picked":"Hologram","floor":30.0},{"not_picked":["Force Field","Loop+1"],"picked":"Beam Cell","floor":31.0},{"not_picked":["Reboot","Multi-Cast"],"picked":"Machine Learning","floor":33.0},{"not_picked":["Stack","Hello World+1","Lockon+1"],"picked":"SKIP","floor":35.0},{"not_picked":["Reinforced Body+1","Turbo"],"picked":"Beam Cell+1","floor":36.0},{"not_picked":["Conserve Battery+1","Stack","Steam"],"picked":"SKIP","floor":39.0},{"not_picked":["Rip and Tear+1","Rainbow"],"picked":"Go for the Eyes+1","floor":40.0},{"not_picked":["Blizzard","Turbo+1","Streamline+1"],"picked":"SKIP","floor":42.0},{"not_picked":["Streamline+1","Ball Lightning+1","Turbo"],"picked":"SKIP","floor":48.0},{"not_picked":["Sunder+1","Beam Cell"],"picked":"Static Discharge","floor":54.0}],"player_experience":1789492,"relics_obtained":[{"floor":6.0,"key":"Mummified Hand"},{"floor":9.0,"key":"Ice Cream"},{"floor":24.0,"key":"Bottled Flame"},{"floor":31.0,"key":"Lantern"},{"floor":40.0,"key":"Mercury Hourglass"},{"floor":42.0,"key":"Ancient Tea Set"},{"floor":43.0,"key":"Gremlin Horn"},{"floor":54.0,"key":"Pen Nib"}],"event_choices":[{"damage_healed":0.0,"max_hp_gain":5.0,"max_hp_loss":0.0,"gold_gain":0.0,"event_name":"Big Fish","player_choice":"Donut","floor":2.0,"gold_loss":0.0,"damage_taken":0.0},{"cards_removed":["Strike_B"],"damage_healed":0.0,"max_hp_gain":0.0,"max_hp_loss":0.0,"gold_gain":0.0,"event_name":"Living Wall","player_choice":"Forget","floor":4.0,"gold_loss":0.0,"damage_taken":0.0},{"damage_healed":0.0,"max_hp_gain":0.0,"max_hp_loss":0.0,"gold_gain":0.0,"event_name":"Dead Adventurer","player_choice":"Searched \u00271\u0027 times","floor":10.0,"gold_loss":0.0,"damage_taken":0.0,"relics_obtained":["WingedGreaves"]},{"cards_removed":["Strike_B"],"damage_healed":0.0,"max_hp_gain":0.0,"max_hp_loss":0.0,"gold_gain":0.0,"event_name":"Golden Wing","player_choice":"Card Removal","floor":14.0,"gold_loss":0.0,"damage_taken":7.0},{"damage_healed":0.0,"max_hp_gain":0.0,"max_hp_loss":0.0,"gold_gain":0.0,"event_name":"FaceTrader","player_choice":"Trade","floor":20.0,"gold_loss":0.0,"damage_taken":0.0,"relics_obtained":["SsserpentHead"]},{"cards_removed":["Defend_B"],"damage_healed":0.0,"max_hp_gain":0.0,"max_hp_loss":0.0,"gold_gain":0.0,"event_name":"Falling","player_choice":"Removed Skill","floor":37.0,"gold_loss":0.0,"damage_taken":0.0},{"damage_healed":0.0,"max_hp_gain":0.0,"max_hp_loss":0.0,"gold_gain":0.0,"event_name":"Tomb of Lord Red Mask","player_choice":"Ignored","floor":38.0,"gold_loss":0.0,"damage_taken":0.0},{"damage_healed":0.0,"max_hp_gain":0.0,"max_hp_loss":0.0,"gold_gain":0.0,"event_name":"SensoryStone","player_choice":"Memory 1","floor":45.0,"gold_loss":0.0,"damage_taken":0.0},{"cards_removed":["Electrodynamics"],"damage_healed":51.0,"max_hp_gain":10.0,"max_hp_loss":0.0,"gold_gain":0.0,"event_name":"Bonfire Elementals","player_choice":"Offered Rare","floor":47.0,"gold_loss":0.0,"damage_taken":0.0}],"is_beta":false,"boss_relics":[{"not_picked":["White Beast Statue","Calling Bell"],"picked":"Orrery"},{"not_picked":["Black Star","Velvet Choker"],"picked":"Empty Cage"}],"items_purged_floors":[21,44,53],"is_endless":false,"potions_floor_spawned":[3,8,11,24,25,29,33,39,40,42],"killed_by":"The Heart","ascension_level":0}