{"gold_per_floor":[115,127,25,36,47,47,81,81,81,81,81,81,96,123,123,228,228,247,43,45,60,77,77,110,110],"floor_reached":25,"playtime":1624,"items_purged":["Strike_G"],"score":233,"play_id":"5124207d-9743-489c-a6e1-742280690d86","local_time":"20180815111716","is_ascension_mode":false,"campfire_choices":[{"data":"Noxious Fumes","floor":6,"key":"SMITH"},{"data":"Footwork","floor":8,"key":"SMITH"},{"data":"Infinite Blades","floor":12,"key":"SMITH"},{"floor":15,"key":"REST"},{"floor":23,"key":"REST"}],"neow_cost":"","seed_source_timestamp":89162986768248,"circlet_count":0,"master_deck":["Defend_G","Defend_G","Defend_G","Defend_G","Defend_G","Strike_G","Strike_G","Strike_G","Survivor","Neutralize+1","Outmaneuver","Escape Plan","Infinite Blades+1","Dagger Throw","Backflip","Noxious Fumes+1","Footwork+1","All Out Attack","Night Terror","Dodge and Roll","Corpse Explosion","Quick Slash","Caltrops","Cloak And Dagger","Deadly Poison","Dodge and Roll+1","Outmaneuver","Deflect+1"],"relics":["Ring of the Snake"],"potions_floor_usage":[16,16,20,22],"damage_taken":[{"damage":0,"enemies":"Cultist","floor":1,"turns":5},{"damage":1,"enemies":"2 Louse","floor":2,"turns":4},{"damage":0,"enemies":"Small Slimes","floor":4,"turns":3},{"damage":0,"enemies":"Blue Slaver","floor":5,"turns":5},{"damage":17,"enemies":"Lagavulin","floor":7,"turns":8},{"damage":4,"enemies":"Red Slaver","floor":13,"turns":4},{"damage":18,"enemies":"3 Sentries","floor":14,"turns":6},{"damage":28,"enemies":"The Guardian","floor":16,"turns":10},{"damage":18,"enemies":"3 Byrds","floor":18,"turns":4},{"damage":13,"enemies":"2 Thieves","floor":20,"turns":4},{"damage":8,"enemies":"3 Cultists","floor":21,"turns":4},{"damage":21,"enemies":"Centurion and Healer","floor":22,"turns":9},{"damage":28,"enemies":"Book of Stabbing","floor":24,"turns":7},{"damage":4,"enemies":"Snake Plant","floor":25,"turns":3}],"seed_played":"-8987491895540452017","potions_obtained":[{"floor":2,"key":"Strength Potion"},{"floor":7,"key":"EssenceOfSteel"},{"floor":14,"key":"PowerPotion"},{"floor":18,"key":"Fire Potion"},{"floor":20,"key":"Energy Potion"}],"is_trial":false,"path_per_floor":["M","M","$","M","M","R","E","R","T","?","?","R","M","E","R","B",null,"M","$","M","M","M","R","E"],"character_chosen":"THE_SILENT","items_purchased":["Infinite Blades","Dagger Throw","Caltrops","Cloak And Dagger"],"campfire_rested":2,"item_purchase_floors":[3,3,19,19],"current_hp_per_floor":[70,69,69,69,69,69,52,52,52,52,52,52,48,30,51,23,70,52,52,39,31,10,31,3,0],"gold":110,"neow_bonus":"","is_prod":false,"is_daily":false,"chose_seed":false,"campfire_upgraded":3,"win_rate":0,"timestamp":1534297636,"path_taken":["M","M","?","M","?","R","E","R","T","?","?","R","M","E","R","BOSS","M","$","M","M","M","R","E","M"],"build_version":"2018-08-09","purchased_purges":1,"victory":false,"max_hp_per_floor":[70,70,70,70,70,70,70,70,70,70,70,70,70,70,70,70,70,70,70,70,70,70,70,70,70],"card_choices":[{"not_picked":["Poisoned Stab","Acrobatics"],"picked":"Outmaneuver","floor":1},{"not_picked":["Sucker Punch","PiercingWail"],"picked":"Escape Plan","floor":2},{"not_picked":["Underhanded Strike","Leg Sweep"],"picked":"Backflip","floor":4},{"not_picked":["Well Laid Plans","Dagger Throw"],"picked":"Noxious Fumes","floor":5},{"not_picked":["Acrobatics","Slice"],"picked":"Footwork","floor":7},{"not_picked":["Dodge and Roll","Dagger Spray"],"picked":"Night Terror","floor":13},{"not_picked":["Dagger Spray","Skewer"],"picked":"Dodge and Roll","floor":14},{"not_picked":["Grand Finale","Wraith Form v2"],"picked":"Corpse Explosion","floor":16},{"not_picked":["Prepared","Heel Hook"],"picked":"Quick Slash","floor":18},{"not_picked":["Prepared","Predator"],"picked":"Deadly Poison","floor":20},{"not_picked":["Slice+1","Sucker Punch"],"picked":"Dodge and Roll+1","floor":21},{"not_picked":["Acrobatics","Crippling Poison"],"picked":"Outmaneuver","floor":22},{"not_picked":["Endless Agony","Dagger Throw"],"picked":"Deflect+1","floor":24}],"player_experience":353478,"relics_obtained":[],"event_choices":[{"event_name":"Transmorgrifier","player_choice":"Transform","floor":10,"damage_taken":0},{"event_name":"Accursed Blacksmith","player_choice":"Forge","floor":11,"damage_taken":0}],"is_beta":false,"boss_relics":[{"not_picked":["Ring of the Serpent","Fusion Hammer","Philosopher\u0027s Stone"]}],"items_purged_floors":[19],"is_endless":false,"potions_floor_spawned":[2,7,14,18,20],"killed_by":"Snake Plant","ascension_level":0}