{"path_per_floor":["M","M","M","$","?","E","R","M","T","R","M","M","$","M","R","B",null,"M","M","?","$","M","R","E"],"character_chosen":"THE_SILENT","items_purchased":["Dagger Throw","Noxious Fumes","Underhanded Strike","Caltrops","Mind Blast"],"gold_per_floor":[113,128,146,45,45,88,88,101,131,131,146,164,90,110,110,230,268,286,307,307,29,45,45,81,81],"floor_reached":25,"campfire_rested":3,"playtime":2467,"item_purchase_floors":[4,13,21,21,21],"current_hp_per_floor":[70,68,68,68,68,44,65,45,45,66,66,66,66,61,61,31,75,38,30,30,30,1,23,3,0],"items_purged":["Strike_G","Strike_G"],"gold":81,"score":225,"play_id":"a1f49537-6505-42a1-9b8d-2848648e380c","local_time":"20180601095443","is_prod":false,"is_daily":false,"chose_seed":false,"is_ascension_mode":false,"campfire_upgraded":1,"win_rate":0.0,"timestamp":1527861283,"campfire_choices":[{"floor":7,"key":"REST"},{"floor":10,"key":"REST"},{"data":"Infinite Blades","floor":15,"key":"SMITH"},{"floor":23,"key":"REST"}],"path_taken":["M","M","M","$","?","E","R","M","T","R","M","M","$","M","R","BOSS","M","?","?","$","M","R","E","M"],"build_version":"2018-05-31","seed_source_timestamp":54885555677914,"purchased_purges":2,"victory":false,"master_deck":["Defend_G","Defend_G","Defend_G","Defend_G","Defend_G","Strike_G","Strike_G","Strike_G+1","Survivor","Neutralize+1","Sucker Punch","Predator","Noxious Fumes","Dagger Throw","Underhanded Strike","Backstab","Blade Dance","Infinite Blades+1","Noxious Fumes","Underhanded Strike","Adrenaline","Infinite Blades","Flying Knee","Dagger Throw+1","Underhanded Strike","Caltrops","Mind Blast","Adrenaline","Escape Plan+1"],"max_hp_per_floor":[70,70,70,70,70,70,70,70,70,70,70,70,70,70,70,70,75,75,75,75,75,75,75,75,75],"relics":["Ring of the Snake","Golden Idol","Boot","Tiny Chest","Tiny House","Dodecahedron"],"card_choices":[{"not_picked":["Acrobatics","Prepared"],"picked":"Sucker Punch","floor":1},{"not_picked":["Acrobatics","Finisher"],"picked":"Predator","floor":2},{"not_picked":["Bouncing Flask","Backstab"],"picked":"Noxious Fumes","floor":3},{"not_picked":["Sucker Punch","Heel Hook"],"picked":"Underhanded Strike","floor":6},{"not_picked":["Slice","Cloak And Dagger"],"picked":"Backstab","floor":8},{"not_picked":["Dodge and Roll","Deadly Poison"],"picked":"Blade Dance","floor":11},{"not_picked":["Blade Dance","Catalyst"],"picked":"Infinite Blades","floor":12},{"not_picked":["Outmaneuver","Riddle With Holes"],"picked":"Underhanded Strike","floor":14},{"not_picked":["Corpse Explosion","Tactician"],"picked":"Adrenaline","floor":16},{"not_picked":["Concentrate","Riddle With Holes"],"picked":"Infinite Blades","floor":17},{"not_picked":["Cloak And Dagger","Dagger Spray"],"picked":"Flying Knee","floor":18},{"not_picked":["Skewer","Prepared"],"picked":"Dagger Throw+1","floor":19},{"not_picked":["Dodge and Roll+1","Underhanded Strike"],"picked":"Adrenaline","floor":22},{"not_picked":["Poisoned Stab+1","Expertise+1"],"picked":"Escape Plan+1","floor":24}],"player_experience":240873,"potions_floor_usage":[6,16,16,19,24,24],"damage_taken":[{"damage":0,"enemies":"Small Slimes","floor":1,"turns":4},{"damage":2,"enemies":"Jaw Worm","floor":2,"turns":6},{"damage":0,"enemies":"2 Louse","floor":3,"turns":2},{"damage":24,"enemies":"Lagavulin","floor":6,"turns":7},{"damage":20,"enemies":"Lots of Slimes","floor":8,"turns":4},{"damage":0,"enemies":"Large Slime","floor":11,"turns":4},{"damage":0,"enemies":"Gremlin Gang","floor":12,"turns":4},{"damage":5,"enemies":"2 Fungi Beasts","floor":14,"turns":4},{"damage":30,"enemies":"The Guardian","floor":16,"turns":9},{"damage":37,"enemies":"Spheric Guardian","floor":18,"turns":5},{"damage":23,"enemies":"Shell Parasite","floor":19,"turns":6},{"damage":29,"enemies":"Centurion and Healer","floor":22,"turns":6},{"damage":29,"enemies":"Book of Stabbing","floor":24,"turns":4},{"damage":18,"enemies":"Snecko","floor":25,"turns":4}],"relics_obtained":[{"floor":6,"key":"Boot"},{"floor":9,"key":"Tiny Chest"},{"floor":24,"key":"Dodecahedron"}],"event_choices":[{"event_name":"Golden Idol","player_choice":"Take Wound","floor":5,"damage_taken":0},{"event_name":"Fountain of Cleansing","player_choice":"Removed Curse","floor":20,"damage_taken":0}],"boss_relics":[{"not_picked":["Velvet Choker","Snecko Eye"],"picked":"Tiny House"}],"items_purged_floors":[4,21],"potions_floor_spawned":[2,11,12,14,16,19,22],"seed_played":"1644538582233520076","killed_by":"Snecko","ascension_level":0,"potions_obtained":[{"floor":2,"key":"Strength Potion"},{"floor":11,"key":"Explosive Potion"},{"floor":12,"key":"Fire Potion"},{"floor":14,"key":"SteroidPotion"},{"floor":16,"key":"Regen Potion"},{"floor":17,"key":"Strength Potion"},{"floor":19,"key":"Ancient Potion"},{"floor":22,"key":"FairyPotion"}],"is_trial":false}