{"gold_per_floor":[110,122,122,122,51,78,78,92,138,138,149,149,160,185,185,287,287,297,32,43,118,128,128],"floor_reached":23,"playtime":1285,"items_purged":["Strike_R"],"score":216,"play_id":"2fc6beb7-43c5-49ae-9377-16214970086e","local_time":"20180711104512","is_ascension_mode":false,"campfire_choices":[{"data":"Whirlwind","floor":7,"key":"SMITH"},{"data":"Thunderclap","floor":10,"key":"SMITH"},{"data":"Defend_R","floor":15,"key":"SMITH"}],"neow_cost":"NONE","seed_source_timestamp":22028423494181,"circlet_count":0,"master_deck":["Strike_R","Strike_R","Strike_R","Strike_R","Defend_R+1","Defend_R","Defend_R","Bash","Flex+1","Wild Strike","Whirlwind+1","Thunderclap+1","Double Tap","Seeing Red"],"relics":["Burning Blood","NeowsBlessing","Centennial Puzzle","Happy Flower","Odd Mushroom","Eternal Feather","Ancient Tea Set"],"potions_floor_usage":[13,14,16,16,23],"damage_taken":[{"damage":0,"enemies":"Jaw Worm","floor":1,"turns":1},{"damage":0,"enemies":"Cultist","floor":2,"turns":1},{"damage":0,"enemies":"Lagavulin","floor":6,"turns":1},{"damage":0,"enemies":"Small Slimes","floor":8,"turns":2},{"damage":0,"enemies":"Gremlin Gang","floor":11,"turns":1},{"damage":3,"enemies":"2 Fungi Beasts","floor":13,"turns":2},{"damage":8,"floor":14,"turns":2},{"damage":60,"enemies":"The Guardian","floor":16,"turns":8},{"damage":0,"enemies":"3 Byrds","floor":18,"turns":2},{"damage":5,"enemies":"Spheric Guardian","floor":20,"turns":3},{"damage":36,"enemies":"Snake Plant","floor":22,"turns":4},{"damage":48,"enemies":"Book of Stabbing","floor":23,"turns":4}],"seed_played":"8609582390644719383","potions_obtained":[{"floor":6,"key":"SpeedPotion"},{"floor":8,"key":"Swift Potion"},{"floor":11,"key":"EssenceOfSteel"},{"floor":13,"key":"Dexterity Potion"},{"floor":20,"key":"Dexterity Potion"}],"is_trial":false,"path_per_floor":["M","M","?","?","$","E","R","M","T","R","M","?","M","?","R","B",null,"M","$","M","?","M"],"character_chosen":"IRONCLAD","items_purchased":["Whirlwind","Seeing Red","Ancient Tea Set"],"campfire_rested":0,"item_purchase_floors":[5,19,19],"current_hp_per_floor":[80,80,80,80,80,80,80,80,80,80,80,85,85,83,83,29,85,85,85,85,77,47,0],"gold":128,"neow_bonus":"THREE_ENEMY_KILL","is_prod":false,"is_daily":false,"chose_seed":false,"campfire_upgraded":3,"win_rate":0,"timestamp":1531323912,"path_taken":["M","M","?","?","$","E","R","?","T","R","M","?","M","?","R","BOSS","M","$","M","?","M","E"],"build_version":"2018-07-09","purchased_purges":1,"victory":false,"max_hp_per_floor":[80,80,80,80,80,80,80,80,80,80,80,85,85,85,85,85,85,85,85,85,85,85,85],"card_choices":[{"not_picked":["Perfected Strike","Rupture"],"picked":"Flex","floor":1},{"not_picked":["Fire Breathing","Reckless Charge","Rupture"],"picked":"SKIP","floor":2},{"not_picked":["Sword Boomerang","Flame Barrier"],"picked":"Thunderclap","floor":6},{"not_picked":["Thunderclap","Warcry","Rupture"],"picked":"SKIP","floor":8},{"not_picked":["Whirlwind","Cleave","Exhume"],"picked":"SKIP","floor":11},{"not_picked":["Heavy Blade","True Grit","Armaments"],"picked":"SKIP","floor":13},{"not_picked":["Dark Embrace","Juggernaut"],"picked":"Double Tap","floor":16},{"not_picked":["Flame Barrier","Armaments","Cleave"],"picked":"SKIP","floor":18},{"not_picked":["Power Through+1","Thunderclap","Flex"],"picked":"SKIP","floor":20},{"not_picked":["Flame Barrier+1","Havoc","Feel No Pain"],"picked":"SKIP","floor":22}],"player_experience":336615,"relics_obtained":[{"floor":6,"key":"Centennial Puzzle"},{"floor":9,"key":"Happy Flower"},{"floor":14,"key":"Odd Mushroom"}],"event_choices":[{"event_name":"Transmorgrifier","player_choice":"Transform","floor":3,"damage_taken":0},{"event_name":"Upgrade Shrine","player_choice":"Upgraded","floor":4,"damage_taken":0},{"event_name":"Big Fish","player_choice":"Donut","floor":12,"damage_taken":0},{"event_name":"Mushrooms","player_choice":"Fought Mushrooms","floor":14,"damage_taken":0},{"event_name":"FaceTrader","player_choice":"Touch","floor":21,"damage_taken":0}],"boss_relics":[{"not_picked":["Orrery","Velvet Choker"],"picked":"Eternal Feather"}],"items_purged_floors":[19],"is_endless":false,"potions_floor_spawned":[6,8,11,13,20],"killed_by":"Book of Stabbing","ascension_level":0}