{"gold_per_floor":[119,119,20,35,47,47,74,74,74,74,87,107,122,122,122,200,200,219,219,219,233,88,88,99,116,140,140,57,57,70,80,80,80],"floor_reached":33,"playtime":1723,"items_purged":[],"score":473,"play_id":"1d140af8-83f1-4dec-a83a-fe061a5e191b","local_time":"20181222222305","is_ascension_mode":true,"campfire_choices":[{"floor":6,"key":"REST"},{"floor":8,"key":"REST"},{"floor":10,"key":"REST"},{"floor":15,"key":"REST"},{"floor":23,"key":"REST"},{"floor":27,"key":"REST"},{"floor":32,"key":"REST"}],"neow_cost":"NONE","seed_source_timestamp":239868737541400,"circlet_count":0,"master_deck":["AscendersBane","Strike_B","Defend_B","Defend_B","Defend_B","Defend_B","Zap","Dualcast","Multi-Cast","Glacier","Creative AI","Static Discharge","Ball Lightning","Glacier","Glacier","Chill+1","Compile Driver","Stack+1","Creative AI","Static Discharge","Multi-Cast+1","Force Field+1","Defragment","Defragment","Loop","Static Discharge","Coolheaded+1","Reinforced Body+1"],"relics":["Cracked Core","Toxic Egg 2","Blue Candle","Eternal Feather","Pen Nib","CultistMask"],"potions_floor_usage":[16,24,25,25,33],"damage_taken":[{"damage":0,"enemies":"Small Slimes","floor":1,"turns":2},{"damage":13,"enemies":"Jaw Worm","floor":4,"turns":5},{"damage":14,"enemies":"Cultist","floor":5,"turns":4},{"damage":49,"enemies":"Gremlin Nob","floor":7,"turns":6},{"damage":7,"enemies":"2 Fungi Beasts","floor":11,"turns":5},{"damage":13,"enemies":"Exordium Wildlife","floor":12,"turns":6},{"damage":3,"enemies":"Blue Slaver","floor":13,"turns":5},{"damage":24,"enemies":"Hexaghost","floor":16,"turns":14},{"damage":26,"enemies":"Spheric Guardian","floor":18,"turns":8},{"damage":32,"enemies":"Shell Parasite","floor":21,"turns":12},{"damage":20,"enemies":"Snake Plant","floor":24,"turns":5},{"damage":12,"enemies":"Chosen and Byrds","floor":25,"turns":11},{"damage":20,"enemies":"Centurion and Healer","floor":30,"turns":10},{"damage":13,"enemies":"Snecko","floor":31,"turns":6},{"damage":63,"enemies":"Collector","floor":33,"turns":5}],"seed_played":"-7215668378169861068","potions_obtained":[{"floor":5,"key":"FearPotion"},{"floor":7,"key":"Strength Potion"},{"floor":12,"key":"Ancient Potion"},{"floor":24,"key":"Fire Potion"},{"floor":31,"key":"SkillPotion"}],"is_trial":false,"path_per_floor":["M","?","$","M","M","R","E","R","T","R","M","M","M","T","R","B",null,"M","?","?","M","$","R","M","M","T","R","$","?","M","M","R","B"],"character_chosen":"DEFECT","items_purchased":["Static Discharge","Ball Lightning","Defragment","PowerPotion","Static Discharge"],"campfire_rested":7,"item_purchase_floors":[3,3,22,22,28],"current_hp_per_floor":[64,64,64,51,37,58,9,30,30,51,44,31,28,28,49,25,60,34,34,34,2,2,35,15,3,3,39,39,39,19,6,42,0],"gold":80,"neow_bonus":"ONE_RANDOM_RARE_CARD","is_prod":false,"is_daily":false,"chose_seed":false,"campfire_upgraded":0,"win_rate":0,"timestamp":1545535385,"path_taken":["M","?","$","M","M","R","E","R","T","R","M","M","M","?","R","BOSS","M","?","?","M","?","R","M","M","T","R","?","?","M","M","R","BOSS"],"build_version":"2018-12-20","purchased_purges":0,"victory":false,"max_hp_per_floor":[71,71,71,71,71,71,71,71,71,71,71,71,71,71,71,71,71,71,71,71,71,71,71,71,71,71,71,71,71,71,71,71,71],"card_choices":[{"not_picked":["Steam","Streamline"],"picked":"Glacier","floor":1},{"not_picked":["Conserve Battery","Rebound"],"picked":"Glacier","floor":4},{"not_picked":["Sweeping Beam","Go for the Eyes"],"picked":"Glacier","floor":5},{"not_picked":["Skim","Biased Cognition"],"picked":"Chill","floor":7},{"not_picked":["Scrape","Tempest+1","Ball Lightning"],"picked":"SKIP","floor":11},{"not_picked":["Beam Cell","Sweeping Beam"],"picked":"Compile Driver","floor":12},{"not_picked":["Sweeping Beam","Redo+1"],"picked":"Stack+1","floor":13},{"not_picked":["Biased Cognition","All For One"],"picked":"Creative AI","floor":16},{"not_picked":["Streamline","Redo+1"],"picked":"Static Discharge","floor":18},{"not_picked":["Beam Cell+1","Compile Driver"],"picked":"Defragment","floor":21},{"not_picked":["Rebound","Leap+1"],"picked":"Loop","floor":24},{"not_picked":["Go for the Eyes","Barrage","Undo+1"],"picked":"SKIP","floor":25},{"not_picked":["Melter","Tempest+1"],"picked":"Coolheaded+1","floor":30},{"not_picked":["Sunder","Rebound"],"picked":"Reinforced Body+1","floor":31}],"player_experience":1940203,"relics_obtained":[{"floor":7,"key":"Toxic Egg 2"},{"floor":9,"key":"Blue Candle"},{"floor":26,"key":"Pen Nib"}],"event_choices":[{"damage_healed":0,"gold_gain":0,"cards_transformed":["Strike_B"],"player_choice":"Change","damage_taken":0,"max_hp_gain":0,"max_hp_loss":0,"event_name":"Living Wall","floor":2,"gold_loss":0,"cards_obtained":["Creative AI"]},{"damage_healed":0,"gold_gain":0,"player_choice":"Ignored","damage_taken":0,"max_hp_gain":0,"max_hp_loss":0,"event_name":"Ghosts","floor":19,"gold_loss":0},{"damage_healed":0,"gold_gain":0,"cards_transformed":["Strike_B","Strike_B"],"player_choice":"Became Test Subject","damage_taken":0,"max_hp_gain":0,"max_hp_loss":0,"event_name":"Drug Dealer","floor":20,"gold_loss":0,"cards_obtained":["Multi-Cast","Force Field"]},{"damage_healed":0,"gold_gain":0,"player_choice":"Trade","damage_taken":0,"relics_obtained":["CultistMask"],"max_hp_gain":0,"max_hp_loss":0,"event_name":"FaceTrader","floor":29,"gold_loss":0}],"is_beta":false,"boss_relics":[{"not_picked":["Black Star","Astrolabe"],"picked":"Eternal Feather"}],"items_purged_floors":[],"is_endless":false,"potions_floor_spawned":[5,7,12,24,31],"killed_by":"Collector","ascension_level":18}