{"gold_per_floor":[119,119,0,20,20,49,49,74,74,74,106,117,117,133,133,210,210,225,55,55,55,51,51,51,79,79,108,108,127,127,142,142,216,216,227,327,227,581,596,596,622,622,695,695,714,747,759,786,798,810],"floor_reached":50,"playtime":2757,"items_purged":["Pain","Strike_G"],"score":1233,"play_id":"97da919b-087f-4a12-9d0c-b554f1dbd069","local_time":"20190111115852","is_ascension_mode":true,"campfire_choices":[{"data":"Neutralize","floor":7,"key":"SMITH"},{"data":"Envenom","floor":10,"key":"SMITH"},{"data":"Deadly Poison","floor":13,"key":"SMITH"},{"data":"Dash","floor":15,"key":"SMITH"},{"data":"Footwork","floor":23,"key":"SMITH"},{"floor":28,"key":"REST"},{"floor":32,"key":"REST"},{"data":"After Image","floor":40,"key":"SMITH"},{"data":"Cloak And Dagger","floor":42,"key":"SMITH"},{"data":"Dodge and Roll","floor":44,"key":"SMITH"},{"floor":49,"key":"RECALL"}],"neow_cost":"NONE","seed_source_timestamp":334790986951927,"circlet_count":0,"master_deck":["AscendersBane","Defend_G","Defend_G","Defend_G","Defend_G+1","Strike_G","Strike_G","Strike_G","Strike_G","Survivor","Neutralize+1","Endless Agony","Dash+1","Deadly Poison+1","Envenom+1","Blur+1","Adrenaline","Quick Slash","Footwork+1","Adrenaline","Cloak And Dagger+1","Parasite","Leg Sweep","Decay","Dodge and Roll+1","After Image+1","Blade Dance+1","Cloak And Dagger","Decay","Backflip"],"relics":["Ring of the Serpent","WarpedTongs","Du-Vu Doll","Juzu Bracelet","Sundial","Cursed Key","Ninja Scroll","Meat on the Bone","Mercury Hourglass","War Paint","Nilry\u0027s Codex","Thread and Needle","Old Coin","Pear","Letter Opener","MawBank"],"potions_floor_usage":[6,11,18,33,33],"damage_taken":[{"damage":1,"enemies":"Small Slimes","floor":1,"turns":4},{"damage":0,"enemies":"Cultist","floor":4,"turns":4},{"damage":4,"enemies":"3 Sentries","floor":6,"turns":7},{"damage":10,"enemies":"Lagavulin","floor":8,"turns":8},{"damage":0,"enemies":"Gremlin Nob","floor":11,"turns":3},{"damage":0,"enemies":"2 Louse","floor":12,"turns":2},{"damage":1,"enemies":"Looter","floor":14,"turns":3},{"damage":25,"enemies":"Hexaghost","floor":16,"turns":11},{"damage":10,"enemies":"Chosen","floor":18,"turns":5},{"damage":7,"enemies":"2 Thieves","floor":22,"turns":5},{"damage":0,"enemies":"Gremlin Leader","floor":25,"turns":6},{"damage":14,"enemies":"Slavers","floor":27,"turns":5},{"damage":3,"enemies":"3 Cultists","floor":29,"turns":4},{"damage":4,"enemies":"Snake Plant","floor":31,"turns":3},{"damage":49,"enemies":"Champ","floor":33,"turns":15},{"damage":0,"enemies":"Orb Walker","floor":35,"turns":2},{"damage":0,"enemies":"Mind Bloom Boss Battle","floor":36,"turns":6},{"damage":3,"enemies":"2 Orb Walkers","floor":38,"turns":5},{"damage":1,"enemies":"3 Darklings","floor":39,"turns":4},{"damage":14,"enemies":"Reptomancer","floor":41,"turns":11},{"damage":0,"enemies":"Sphere and 2 Shapes","floor":45,"turns":5},{"damage":1,"enemies":"Giant Head","floor":46,"turns":8},{"damage":0,"enemies":"Jaw Worm Horde","floor":48,"turns":4},{"damage":53,"enemies":"Awakened One","floor":50,"turns":18}],"seed_played":"3928192254548183116","potions_obtained":[{"floor":0,"key":"Fire Potion"},{"floor":0,"key":"Explosive Potion"},{"floor":6,"key":"Block Potion"},{"floor":12,"key":"SpeedPotion"},{"floor":35,"key":"Dexterity Potion"},{"floor":36,"key":"SteroidPotion"}],"is_trial":false,"path_per_floor":["M","?","$","M","$","E","R","E","T","R","E","M","R","M","R","B",null,"M","$","?","?","M","R","T","E","T","E","R","M","?","M","R","B",null,"M","?","$","?","M","R","E","R","T","R","M","E","?","M","R","B"],"character_chosen":"THE_SILENT","items_purchased":["Dash","Footwork","Ancient Potion"],"campfire_rested":2,"item_purchase_floors":[3,19,19],"current_hp_per_floor":[58,58,58,58,58,54,54,44,44,44,44,44,44,43,43,18,54,44,44,38,38,31,31,31,31,31,29,48,45,24,32,51,14,53,53,53,53,50,49,49,45,45,45,45,45,44,44,44,44,0],"gold":810,"neow_bonus":"THREE_SMALL_POTIONS","is_prod":false,"is_daily":false,"chose_seed":false,"campfire_upgraded":8,"win_rate":0,"timestamp":1547204332,"path_taken":["M","?","?","?","$","E","R","E","T","R","E","M","R","M","R","BOSS","M","$","?","?","M","R","?","E","T","E","R","M","?","M","R","BOSS","M","?","$","?","M","R","E","R","T","R","M","E","?","M","R","BOSS"],"build_version":"2019-01-10","purchased_purges":2,"victory":false,"max_hp_per_floor":[66,66,66,66,66,66,66,66,66,66,66,66,66,66,66,66,66,66,66,66,66,66,66,66,66,66,66,66,66,66,66,66,66,66,66,66,66,66,66,66,76,76,76,76,76,76,76,76,76,76],"card_choices":[{"not_picked":["Heel Hook","Flying Knee"],"picked":"Endless Agony","floor":1},{"not_picked":["Underhanded Strike","Concentrate","Prepared"],"picked":"SKIP","floor":4},{"not_picked":["Expertise","Endless Agony"],"picked":"Deadly Poison","floor":6},{"not_picked":["Quick Slash","Dagger Spray"],"picked":"Envenom","floor":8},{"not_picked":["Dash","Bane","Blade Dance"],"picked":"SKIP","floor":11},{"not_picked":["Dash","Bane","Blade Dance"],"picked":"SKIP","floor":11},{"not_picked":["Underhanded Strike","Predator"],"picked":"Blur","floor":12},{"not_picked":["Finisher","Quick Slash","Envenom"],"picked":"SKIP","floor":14},{"not_picked":["Tools of the Trade","Night Terror"],"picked":"Adrenaline","floor":16},{"not_picked":["Sucker Punch","Blade Dance"],"picked":"Quick Slash","floor":18},{"not_picked":["PiercingWail","Bane"],"picked":"Cloak And Dagger","floor":22},{"not_picked":["Terror+1","Cloak And Dagger"],"picked":"Leg Sweep","floor":25},{"not_picked":["Poisoned Stab","Reflex+1","Outmaneuver+1"],"picked":"SKIP","floor":27},{"not_picked":["Flying Knee","Prepared","Venomology"],"picked":"SKIP","floor":29},{"not_picked":["Backflip","Backstab"],"picked":"Dodge and Roll","floor":31},{"not_picked":["Envenom","Bullet Time"],"picked":"After Image","floor":33},{"not_picked":["Deflect","Outmaneuver+1"],"picked":"Blade Dance+1","floor":35},{"not_picked":["Dodge and Roll","Quick Slash"],"picked":"Cloak And Dagger","floor":36},{"not_picked":["Tactician","Dagger Spray+1","Finisher"],"picked":"SKIP","floor":39},{"not_picked":["Sucker Punch","Quick Slash+1","Outmaneuver"],"picked":"SKIP","floor":41},{"not_picked":["Tactician","Burst"],"picked":"Backflip","floor":45},{"not_picked":["Prepared","Quick Slash","Masterful Stab"],"picked":"SKIP","floor":46},{"not_picked":["Deadly Poison+1","Bane+1","Poisoned Stab"],"picked":"SKIP","floor":48}],"player_experience":1867836,"relics_obtained":[{"floor":6,"key":"Du-Vu Doll"},{"floor":8,"key":"Juzu Bracelet"},{"floor":11,"key":"Sundial"},{"floor":24,"key":"Ninja Scroll"},{"floor":25,"key":"Meat on the Bone"},{"floor":26,"key":"Mercury Hourglass"},{"floor":27,"key":"War Paint"},{"floor":30,"key":"Nilry\u0027s Codex"},{"floor":36,"key":"Thread and Needle"},{"floor":38,"key":"Old Coin"},{"floor":41,"key":"Pear"},{"floor":43,"key":"Letter Opener"},{"floor":46,"key":"MawBank"}],"event_choices":[{"damage_healed":0,"gold_gain":0,"player_choice":"Rummage","damage_taken":0,"relics_obtained":["WarpedTongs"],"max_hp_gain":0,"max_hp_loss":0,"event_name":"Accursed Blacksmith","floor":2,"gold_loss":0,"cards_obtained":["Pain"]},{"damage_healed":0,"gold_gain":0,"player_choice":"","damage_taken":6,"max_hp_gain":0,"max_hp_loss":0,"event_name":"Knowing Skull","floor":20,"potions_obtained":[],"gold_loss":0,"cards_obtained":[]},{"damage_healed":0,"gold_gain":0,"player_choice":"Copied","damage_taken":0,"max_hp_gain":0,"max_hp_loss":0,"event_name":"Duplicator","floor":21,"gold_loss":0,"cards_obtained":["Adrenaline"]},{"damage_healed":0,"gold_gain":0,"player_choice":"Obtained Book","damage_taken":21,"max_hp_gain":0,"max_hp_loss":0,"event_name":"Cursed Tome","floor":30,"gold_loss":0},{"damage_healed":0,"gold_gain":0,"player_choice":"Fight","damage_taken":0,"max_hp_gain":0,"max_hp_loss":0,"event_name":"MindBloom","floor":36,"gold_loss":0},{"damage_healed":0,"gold_gain":0,"player_choice":"Fight","damage_taken":0,"max_hp_gain":0,"max_hp_loss":0,"event_name":"Mysterious Sphere","floor":38,"gold_loss":0},{"cards_removed":["Defend_G"],"damage_healed":0,"gold_gain":0,"player_choice":"Removed Skill","damage_taken":0,"max_hp_gain":0,"max_hp_loss":0,"event_name":"Falling","floor":47,"gold_loss":0}],"is_beta":false,"boss_relics":[{"not_picked":["Runic Dome","Pandora\u0027s Box"],"picked":"Cursed Key"},{"not_picked":["Runic Pyramid","Velvet Choker"],"picked":"Ring of the Serpent"}],"items_purged_floors":[3,37],"is_endless":false,"potions_floor_spawned":[1,6,12,14,22,27,35,36,38,41],"killed_by":"Awakened One","ascension_level":20}