{"gold_per_floor":[112,112,112,28,28,28,47,77,77,2,13,13,27,62,62,139,139,156,156,173,183,202,230,20,20,93,107,107,107,126,140,140,219,219,232,232,232,232,71,71,102,117,117,133,187,215,215,229,229,229,229],"floor_reached":51,"playtime":3055,"items_purged":["Strike_G"],"score":1520,"play_id":"fa575fa7-a57b-4a95-8553-80d5efcefdce","local_time":"20190125163028","is_ascension_mode":true,"campfire_choices":[{"data":"Neutralize","floor":6.0,"key":"SMITH"},{"data":"Dagger Spray","floor":12.0,"key":"SMITH"},{"data":"Footwork","floor":15.0,"key":"SMITH"},{"floor":25.0,"key":"REST"},{"data":"Catalyst","floor":28.0,"key":"SMITH"},{"data":"Noxious Fumes","floor":32.0,"key":"SMITH"},{"data":"Burst","floor":40,"key":"SMITH"},{"floor":47,"key":"RECALL"},{"floor":49,"key":"REST"}],"neow_cost":"NONE","seed_source_timestamp":0,"circlet_count":0,"master_deck":["AscendersBane","Defend_G","Defend_G+1","Defend_G+1","Defend_G","Strike_G+1","Strike_G+1","Survivor","Neutralize+1","Dagger Spray+1","Backstab","Deadly Poison","Footwork+1","Dash","Night Terror","Backflip","Noxious Fumes+1","Catalyst+1","Predator","Poisoned Stab","Unload","Deadly Poison","Poisoned Stab+1","Burst+1","Backflip","Sadistic Nature","PiercingWail","Malaise"],"special_seed":0,"relics":["Ring of the Snake","NeowsBlessing","Ice Cream","Whetstone","Meat on the Bone","Strawberry","Snecko Eye","Gambling Chip","OrangePellets","Velvet Choker","Bronze Scales","Oddly Smooth Stone","Paper Crane","Girya","Boot"],"potions_floor_usage":[41,45,50],"damage_taken":[{"damage":0.0,"enemies":"2 Louse","floor":1.0,"turns":1.0},{"damage":0.0,"enemies":"Small Slimes","floor":7.0,"turns":1.0},{"damage":0.0,"enemies":"Lagavulin","floor":8.0,"turns":1.0},{"damage":0.0,"enemies":"Cultist","floor":11.0,"turns":3.0},{"damage":11.0,"enemies":"Exordium Wildlife","floor":13.0,"turns":3.0},{"damage":8.0,"enemies":"3 Sentries","floor":14.0,"turns":8.0},{"damage":16.0,"enemies":"The Guardian","floor":16.0,"turns":14.0},{"damage":9.0,"enemies":"Chosen","floor":18.0,"turns":8.0},{"damage":1.0,"enemies":"3 Byrds","floor":20.0,"turns":3.0},{"damage":14.0,"enemies":"3 Cultists","floor":21.0,"turns":7.0},{"damage":21.0,"enemies":"Centurion and Healer","floor":22.0,"turns":11.0},{"damage":33.0,"enemies":"Gremlin Leader","floor":23.0,"turns":7.0},{"damage":21.0,"enemies":"Snake Plant","floor":27.0,"turns":5.0},{"damage":6.0,"enemies":"3 Cultists","floor":30.0,"turns":4.0},{"damage":0.0,"enemies":"Centurion and Healer","floor":31.0,"turns":9.0},{"damage":14.0,"enemies":"Champ","floor":33.0,"turns":3.0},{"damage":6.0,"enemies":"3 Shapes","floor":35.0,"turns":5.0},{"damage":0,"enemies":"Reptomancer","floor":41,"turns":3},{"damage":2,"enemies":"Orb Walker","floor":42,"turns":2},{"damage":13,"enemies":"Maw","floor":44,"turns":7},{"damage":35,"enemies":"2 Orb Walkers","floor":45,"turns":4},{"damage":3,"enemies":"Nemesis","floor":46,"turns":7},{"damage":14,"enemies":"Sphere and 2 Shapes","floor":48,"turns":6},{"damage":47,"enemies":"Awakened One","floor":50,"turns":15},{"damage":46,"enemies":"Donu and Deca","floor":51,"turns":7}],"seed_played":"3472223742603280265","potions_obtained":[{"floor":1.0,"key":"Dexterity Potion"},{"floor":7.0,"key":"Ancient Potion"},{"floor":13.0,"key":"SteroidPotion"},{"floor":23.0,"key":"GhostInAJar"},{"floor":27.0,"key":"AttackPotion"},{"floor":30.0,"key":"Strength Potion"},{"floor":41,"key":"GhostInAJar"},{"floor":45,"key":"Ancient Potion"},{"floor":46,"key":"Regen Potion"}],"is_trial":false,"path_per_floor":["M","?","?","$","?","R","M","E","T","$","M","R","M","E","R","B",null,"M","?","M","M","M","E","$","R","T","M","R","?","M","M","R","B",null,"M","?","?","?","$","R","E","M","T","M","?","E","R","M","R","B","B"],"character_chosen":"THE_SILENT","items_purchased":["Backstab","OrangePellets","Bronze Scales"],"campfire_rested":2,"item_purchase_floors":[4,24,39],"current_hp_per_floor":[59,48,28,28,33,33,33,33,33,33,45,45,46,45,45,41,69,60,53,52,50,41,20,20,43,43,34,34,34,40,40,40,38,68,62,52,52,52,52,52,52,50,50,49,26,35,35,33,56,36,0],"gold":229,"neow_bonus":"THREE_ENEMY_KILL","is_prod":false,"is_daily":false,"chose_seed":false,"campfire_upgraded":6,"win_rate":0,"timestamp":1548430228,"path_taken":["M","?","?","$","?","R","M","E","T","$","M","R","M","E","R","BOSS","M","?","M","M","?","E","$","R","T","M","R","?","M","M","R","BOSS","M","?","?","?","$","R","E","M","T","M","?","E","R","?","R","BOSS","BOSS"],"build_version":"2019-01-23","purchased_purges":1,"victory":false,"max_hp_per_floor":[66,66,66,66,71,71,71,71,71,71,71,71,71,78,78,78,78,78,78,78,78,78,78,78,78,78,78,78,78,78,78,78,78,78,78,78,78,78,78,78,78,78,78,78,78,78,78,78,78,78,78],"card_choices":[{"not_picked":["Cloak And Dagger","Quick Slash"],"picked":"Dagger Spray","floor":1.0},{"not_picked":["Setup","Acrobatics","Flechettes"],"picked":"SKIP","floor":7.0},{"not_picked":["Reflex","Masterful Stab"],"picked":"Deadly Poison","floor":8.0},{"not_picked":["Endless Agony","Sucker Punch","Finisher"],"picked":"SKIP","floor":11.0},{"not_picked":["Flying Knee","Flechettes"],"picked":"Footwork","floor":13.0},{"not_picked":["Finisher","Dodge and Roll"],"picked":"Dash","floor":14.0},{"not_picked":["Die Die Die","Doppelganger"],"picked":"Night Terror","floor":16.0},{"not_picked":["Distraction","Dagger Spray"],"picked":"Backflip","floor":18.0},{"not_picked":["Dagger Throw","Quick Slash"],"picked":"Noxious Fumes","floor":20.0},{"not_picked":["Blur","Choke"],"picked":"Catalyst","floor":21.0},{"not_picked":["Masterful Stab","Dagger Spray","Outmaneuver"],"picked":"SKIP","floor":22.0},{"not_picked":["Storm of Steel","Dodge and Roll"],"picked":"Predator","floor":23.0},{"not_picked":["Outmaneuver","Dagger Throw","Choke"],"picked":"SKIP","floor":27.0},{"not_picked":["Dagger Spray+1","Sucker Punch"],"picked":"Deadly Poison","floor":30.0},{"not_picked":["Dodge and Roll","All Out Attack"],"picked":"Poisoned Stab+1","floor":31.0},{"not_picked":["Unload","Adrenaline"],"picked":"Burst","floor":33.0},{"not_picked":["Slice","Prepared"],"picked":"Backflip","floor":35.0},{"not_picked":["Impatience","Magnetism"],"picked":"Sadistic Nature","floor":36.0},{"not_picked":["Slice","Dodge and Roll","Caltrops"],"picked":"SKIP","floor":41},{"not_picked":["Backflip","Flying Knee","Sucker Punch"],"picked":"SKIP","floor":42},{"not_picked":["Finisher","Deflect"],"picked":"PiercingWail","floor":44},{"not_picked":["Dagger Spray+1","Noxious Fumes"],"picked":"Malaise","floor":45},{"not_picked":["Concentrate","Dagger Throw","Doppelganger"],"picked":"SKIP","floor":46},{"not_picked":["Poisoned Stab","Endless Agony","Acrobatics"],"picked":"SKIP","floor":48}],"player_experience":1933777,"relics_obtained":[{"floor":8.0,"key":"Whetstone"},{"floor":9.0,"key":"Meat on the Bone"},{"floor":14.0,"key":"Strawberry"},{"floor":23.0,"key":"Gambling Chip"},{"floor":41,"key":"Oddly Smooth Stone"},{"floor":43,"key":"Paper Crane"},{"floor":45,"key":"Girya"},{"floor":46,"key":"Boot"}],"event_choices":[{"damage_healed":0.0,"max_hp_gain":0.0,"max_hp_loss":0.0,"gold_gain":0.0,"event_name":"Scrap Ooze","player_choice":"Success","floor":2.0,"gold_loss":0.0,"damage_taken":11.0,"relics_obtained":["Ice Cream"]},{"damage_healed":0.0,"max_hp_gain":0.0,"max_hp_loss":0.0,"gold_gain":0.0,"event_name":"Shining Light","player_choice":"Entered Light","floor":3.0,"gold_loss":0.0,"damage_taken":20.0,"cards_upgraded":["Defend_G","Defend_G"]},{"damage_healed":0.0,"max_hp_gain":5.0,"max_hp_loss":0.0,"gold_gain":0.0,"event_name":"Big Fish","player_choice":"Donut","floor":5.0,"gold_loss":0.0,"damage_taken":0.0},{"damage_healed":0.0,"max_hp_gain":0.0,"max_hp_loss":0.0,"gold_gain":0.0,"event_name":"Knowing Skull","player_choice":"","floor":19.0,"potions_obtained":[],"gold_loss":0.0,"damage_taken":7.0,"cards_obtained":[]},{"damage_healed":0.0,"max_hp_gain":0.0,"max_hp_loss":0.0,"gold_gain":0.0,"cards_transformed":["Strike_G","Strike_G"],"event_name":"Drug Dealer","player_choice":"Became Test Subject","floor":29.0,"gold_loss":0.0,"damage_taken":0.0,"cards_obtained":["Poisoned Stab","Unload"]},{"damage_healed":0.0,"max_hp_gain":0.0,"max_hp_loss":0.0,"gold_gain":0.0,"event_name":"SensoryStone","player_choice":"Memory 3","floor":36.0,"gold_loss":0.0,"damage_taken":10.0},{"damage_healed":0.0,"max_hp_gain":0.0,"max_hp_loss":0.0,"gold_gain":0.0,"event_name":"Tomb of Lord Red Mask","player_choice":"Ignored","floor":37.0,"gold_loss":0.0,"damage_taken":0.0},{"cards_removed":["Defend_G"],"damage_healed":0.0,"max_hp_gain":0.0,"max_hp_loss":0.0,"gold_gain":0.0,"event_name":"Falling","player_choice":"Removed Skill","floor":38.0,"gold_loss":0.0,"damage_taken":0.0},{"damage_healed":0,"gold_gain":0,"player_choice":"Fight","damage_taken":0,"max_hp_gain":0,"max_hp_loss":0,"event_name":"Mysterious Sphere","floor":45,"gold_loss":0}],"is_beta":false,"boss_relics":[{"not_picked":["White Beast Statue","Empty Cage"],"picked":"Snecko Eye"},{"not_picked":["Philosopher\u0027s Stone","Sozu"],"picked":"Velvet Choker"}],"items_purged_floors":[10],"is_endless":false,"potions_floor_spawned":[1,7,11,13,14,18,23,27,30,41,44,45,46,48],"killed_by":"Donu and Deca","ascension_level":20}