{"gold_per_floor":[144,189,189,234,309,309,354,444,519,564,609,699,711,768,780,1092,1104,1161,1218,1230,1157,1214,1316,1328],"floor_reached":24,"playtime":1263,"items_purged":[],"score":480,"play_id":"ee32f086-a4d3-477d-82ae-32b8ab584554","local_time":"20190204115935","daily_mods":["Insanity","Hoarder","Midas"],"is_ascension_mode":false,"campfire_choices":[{"floor":6.0,"key":"REST"},{"floor":13.0,"key":"REST"},{"floor":15.0,"key":"REST"}],"neow_cost":"","seed_source_timestamp":0,"circlet_count":0,"master_deck":["Dagger Spray","Poisoned Stab","Flying Knee","Crippling Poison","Underhanded Strike","Distraction","Underhanded Strike","Prepared","Flying Knee","Dodge and Roll","Deadly Poison","Flechettes","Outmaneuver","Dodge and Roll","Accuracy","Bouncing Flask","Dagger Spray","Underhanded Strike","Poisoned Stab","Sucker Punch","Flying Knee","Outmaneuver","Terror","Crippling Poison","Slice","Deflect","Dodge and Roll","Underhanded Strike","Deadly Poison","Prepared","Slice","Flying Knee","Acrobatics","Underhanded Strike","Quick Slash","Blade Dance","Endless Agony","Flechettes","Escape Plan","Bane","Cloak And Dagger","Accuracy","Acrobatics","Dodge and Roll","Backflip","Prepared","Outmaneuver","Endless Agony","Sucker Punch","Leg Sweep","Leg Sweep","Leg Sweep","Flying Knee","Flying Knee","Flying Knee","Catalyst","Catalyst","Catalyst","Deadly Poison","Deadly Poison","Deadly Poison","Dagger Throw","Dagger Throw","Dagger Throw","Dodge and Roll","Dodge and Roll","Dodge and Roll","Calculated Gamble","Calculated Gamble","Calculated Gamble","Backflip","Backflip","Backflip","Wraith Form v2","Wraith Form v2","Wraith Form v2","After Image","After Image","After Image","Cloak And Dagger+1","Cloak And Dagger+1","Cloak And Dagger+1","Dagger Throw","Dagger Throw","Dagger Throw"],"special_seed":17928,"relics":["Ring of the Snake","Paper Crane","MawBank","Black Star","Dodecahedron","Toxic Egg 2","Bird Faced Urn"],"potions_floor_usage":[],"damage_taken":[{"damage":0.0,"enemies":"2 Louse","floor":1.0,"turns":2.0},{"damage":0.0,"enemies":"Small Slimes","floor":2.0,"turns":3.0},{"damage":0.0,"enemies":"Cultist","floor":4.0,"turns":2.0},{"damage":8.0,"enemies":"2 Fungi Beasts","floor":7.0,"turns":3.0},{"damage":5.0,"enemies":"3 Sentries","floor":8.0,"turns":6.0},{"damage":3.0,"enemies":"Large Slime","floor":10.0,"turns":4.0},{"damage":7.0,"enemies":"Lots of Slimes","floor":11.0,"turns":2.0},{"damage":20.0,"enemies":"Lagavulin","floor":12.0,"turns":4.0},{"damage":4.0,"enemies":"Gremlin Gang","floor":14.0,"turns":4.0},{"damage":7.0,"enemies":"The Guardian","floor":16.0,"turns":11.0},{"damage":10.0,"enemies":"3 Byrds","floor":18.0,"turns":6.0},{"damage":16.0,"enemies":"Spheric Guardian","floor":19.0,"turns":5.0},{"damage":7.0,"enemies":"3 Cultists","floor":22.0,"turns":6.0},{"damage":34.0,"enemies":"Book of Stabbing","floor":23.0,"turns":7.0},{"damage":10,"enemies":"Snake Plant","floor":24,"turns":5}],"seed_played":"4077721088213470918","potions_obtained":[{"floor":2.0,"key":"LiquidBronze"},{"floor":4.0,"key":"EssenceOfSteel"},{"floor":8.0,"key":"Ancient Potion"},{"floor":16.0,"key":"Explosive Potion"}],"is_trial":false,"path_per_floor":["M","M","?","M","?","R","M","E","T","M","M","E","R","M","R","B",null,"M","M","?","?","M","E","M"],"character_chosen":"THE_SILENT","items_purchased":[],"campfire_rested":3,"item_purchase_floors":[],"current_hp_per_floor":[70,70,70,70,59,70,62,57,57,54,47,27,48,44,65,58,70,60,44,44,44,37,3,0],"gold":1328,"neow_bonus":"","is_prod":false,"is_daily":true,"chose_seed":false,"campfire_upgraded":0,"win_rate":0,"timestamp":1549277975,"path_taken":["M","M","?","M","?","R","M","E","T","M","M","E","R","M","R","BOSS","M","M","?","?","M","E","M"],"build_version":"2019-01-23","purchased_purges":0,"victory":false,"max_hp_per_floor":[70,70,70,70,70,70,70,70,70,70,70,70,70,70,70,70,70,70,70,70,70,70,70,70],"card_choices":[{"not_picked":["Backflip","Sucker Punch"],"picked":"Leg Sweep","floor":1.0},{"not_picked":["Blade Dance","Riddle With Holes"],"picked":"Flying Knee","floor":2.0},{"not_picked":["Deflect","Bane"],"picked":"Catalyst","floor":4.0},{"not_picked":["Terror","Eviscerate"],"picked":"Deadly Poison","floor":7.0},{"not_picked":["Prepared","Acrobatics"],"picked":"Dagger Throw","floor":8.0},{"not_picked":["Bane","Poisoned Stab"],"picked":"Dodge and Roll","floor":10.0},{"not_picked":["Blade Dance","Dagger Spray"],"picked":"Calculated Gamble","floor":11.0},{"not_picked":["Slice","Quick Slash"],"picked":"Backflip","floor":12.0},{"not_picked":["Choke","PiercingWail"],"picked":"Wraith Form v2","floor":14.0},{"not_picked":["Venomology","Unload"],"picked":"After Image","floor":16.0},{"not_picked":["Slice+1","PiercingWail"],"picked":"Cloak And Dagger+1","floor":18.0},{"not_picked":["Dagger Throw","Prepared","Predator"],"picked":"SKIP","floor":19.0},{"not_picked":["Prepared","Predator"],"picked":"Dagger Throw","floor":19.0},{"not_picked":["Calculated Gamble","Dagger Throw","Bane"],"picked":"SKIP","floor":22.0},{"not_picked":["Masterful Stab+1","Predator","Dagger Spray"],"picked":"SKIP","floor":23.0}],"player_experience":1942800,"relics_obtained":[{"floor":8.0,"key":"Paper Crane"},{"floor":12.0,"key":"MawBank"},{"floor":23.0,"key":"Toxic Egg 2"},{"floor":23.0,"key":"Bird Faced Urn"}],"event_choices":[{"damage_healed":0.0,"max_hp_gain":0.0,"max_hp_loss":0.0,"gold_gain":0.0,"event_name":"The Cleric","player_choice":"Leave","floor":3.0,"gold_loss":0.0,"damage_taken":0.0},{"damage_healed":0.0,"max_hp_gain":0.0,"max_hp_loss":0.0,"gold_gain":75.0,"event_name":"World of Goop","player_choice":"Gather Gold","floor":5.0,"gold_loss":0.0,"damage_taken":11.0},{"cards_removed":["Outmaneuver"],"damage_healed":0.0,"max_hp_gain":0.0,"max_hp_loss":0.0,"gold_gain":0.0,"event_name":"Back to Basics","player_choice":"Elegance","floor":20.0,"gold_loss":0.0,"damage_taken":0.0},{"damage_healed":0.0,"max_hp_gain":0.0,"max_hp_loss":0.0,"gold_gain":0.0,"event_name":"Addict","player_choice":"Obtained Relic","floor":21.0,"gold_loss":85.0,"damage_taken":0.0,"relics_obtained":["Dodecahedron"]}],"is_beta":false,"boss_relics":[{"not_picked":["Empty Cage","Ring of the Serpent"],"picked":"Black Star"}],"items_purged_floors":[],"is_endless":false,"potions_floor_spawned":[2,4,8,16,19],"killed_by":"Snake Plant","ascension_level":0}