{"gold_per_floor":[109,109,119,136,52,52,83,83,106,67,95,113,131,131],"floor_reached":14,"playtime":887,"items_purged":[],"score":155,"play_id":"a6e9fa95-4cae-451d-bdb9-c25269de2b74","local_time":"20180808155509","is_ascension_mode":true,"campfire_choices":[{"data":"Neutralize","floor":6,"key":"SMITH"},{"data":"Skewer","floor":8,"key":"SMITH"}],"neow_cost":"NONE","seed_source_timestamp":1085860121645719,"circlet_count":0,"master_deck":["Defend_G","Defend_G","Defend_G","Defend_G","Defend_G","Strike_G","Strike_G","Strike_G","Strike_G","Survivor","Neutralize+1","AscendersBane","Die Die Die","Skewer+1","Bullet Time","Infinite Blades","Footwork","Dodge and Roll","Deflect","Backflip","Well Laid Plans","Noxious Fumes"],"relics":["Ring of the Snake","Bag of Preparation","Regal Pillow","Art of War"],"potions_floor_usage":[11,13],"damage_taken":[{"damage":0,"enemies":"2 Louse","floor":1,"turns":1},{"damage":0,"enemies":"Jaw Worm","floor":3,"turns":3},{"damage":5,"enemies":"Cultist","floor":4,"turns":4},{"damage":35,"enemies":"Lagavulin","floor":7,"turns":11},{"damage":10,"enemies":"3 Sentries","floor":11,"turns":5},{"damage":6,"enemies":"Blue Slaver","floor":12,"turns":4},{"damage":3,"enemies":"Large Slime","floor":13,"turns":7},{"damage":5,"enemies":"Gremlin Nob","floor":14,"turns":3}],"seed_played":"4807583360810042646","potions_obtained":[{"floor":1,"key":"EntropicBrew"},{"floor":3,"key":"Explosive Potion"},{"floor":7,"key":"AttackPotion"}],"is_trial":false,"path_per_floor":["M","?","M","M","$","R","E","R","T","?","E","M","M"],"character_chosen":"THE_SILENT","items_purchased":["Footwork","Dodge and Roll"],"campfire_rested":0,"item_purchase_floors":[5,5],"current_hp_per_floor":[63,63,63,58,58,58,23,23,23,23,13,7,4,0],"gold":131,"neow_bonus":"ONE_RANDOM_RARE_CARD","is_prod":false,"is_daily":false,"chose_seed":false,"campfire_upgraded":2,"win_rate":0,"timestamp":1533761709,"path_taken":["M","?","M","M","$","R","E","R","T","?","E","M","M","E"],"build_version":"2018-08-07v3","purchased_purges":0,"victory":false,"max_hp_per_floor":[70,70,70,70,70,70,70,70,70,70,70,70,70,70],"card_choices":[{"not_picked":["Slice","Prepared"],"picked":"Skewer","floor":1},{"not_picked":["Eviscerate","All Out Attack"],"picked":"Infinite Blades","floor":3},{"not_picked":["Dagger Throw","Outmaneuver","Underhanded Strike"],"picked":"SKIP","floor":4},{"not_picked":["Accuracy","Poisoned Stab"],"picked":"Deflect","floor":7},{"not_picked":["Slice","Unload"],"picked":"Backflip","floor":11},{"not_picked":["Underhanded Strike","Blade Dance"],"picked":"Well Laid Plans","floor":12},{"not_picked":["Finisher","Crippling Poison"],"picked":"Noxious Fumes","floor":13}],"player_experience":369828,"relics_obtained":[{"floor":7,"key":"Bag of Preparation"},{"floor":9,"key":"Regal Pillow"},{"floor":11,"key":"Art of War"}],"event_choices":[{"event_name":"Living Wall","player_choice":"Change","floor":2,"damage_taken":0},{"event_name":"World of Goop","player_choice":"Left","floor":10,"damage_taken":0}],"is_beta":true,"boss_relics":[],"items_purged_floors":[],"is_endless":false,"potions_floor_spawned":[1,3,7],"killed_by":"Gremlin Nob","ascension_level":11}