{"path_per_floor":["M","$","?","M","$","M","?","?","T","M","M","R","M","M","R","B",null,"M"],"character_chosen":"THE_SILENT","items_purchased":["Noxious Fumes"],"gold_per_floor":[20,20,20,37,3,15,15,15,63,87,106,106,130,151,151,282,282,277,277],"floor_reached":19,"campfire_rested":2,"playtime":1346,"item_purchase_floors":[5],"current_hp_per_floor":[69,69,69,68,68,68,50,50,50,42,35,56,50,50,70,44,70,46,0],"items_purged":[],"gold":277,"score":193,"play_id":"37ba4871-5e68-4228-a620-169f59a87e6a","local_time":"20180620170632","is_prod":false,"is_daily":false,"chose_seed":false,"is_ascension_mode":true,"campfire_upgraded":0,"win_rate":0,"timestamp":1529528792,"campfire_choices":[{"floor":12,"key":"REST"},{"floor":15,"key":"REST"}],"path_taken":["M","?","?","M","$","M","?","?","T","?","M","R","M","M","R","BOSS","M","?"],"build_version":"2018-06-14v2","seed_source_timestamp":566748171008806,"purchased_purges":0,"victory":false,"master_deck":["Defend_G","Defend_G","Defend_G","Defend_G","Defend_G","Strike_G","Strike_G","Strike_G","Strike_G","Strike_G","Survivor","Neutralize","Acrobatics","Distraction","Noxious Fumes","Underhanded Strike","Injury","Dagger Throw","Cloak And Dagger","Accuracy","Crippling Poison","Glass Knife","Poisoned Stab"],"max_hp_per_floor":[70,70,70,70,70,70,70,70,70,70,70,70,70,70,70,70,70,70,70],"relics":["Ring of the Snake","Sundial","Toolbox","Golden Idol","Bag of Preparation","Runic Pyramid"],"card_choices":[{"not_picked":["Flechettes","Masterful Stab"],"picked":"Acrobatics","floor":1},{"not_picked":["Calculated Gamble","Sucker Punch"],"picked":"Distraction","floor":4},{"not_picked":["Concentrate","Terror"],"picked":"Underhanded Strike","floor":6},{"not_picked":["Acrobatics","Calculated Gamble"],"picked":"Dagger Throw","floor":10},{"not_picked":["Quick Slash","Reflex"],"picked":"Cloak And Dagger","floor":11},{"not_picked":["Riddle With Holes","Dagger Spray"],"picked":"Accuracy","floor":13},{"not_picked":["Bane","Flechettes"],"picked":"Crippling Poison","floor":14},{"not_picked":["Bullet Time","Night Terror"],"picked":"Glass Knife","floor":16},{"not_picked":["Dodge and Roll","Escape Plan"],"picked":"Poisoned Stab","floor":18}],"player_experience":663205,"potions_floor_usage":[16,16,16],"damage_taken":[{"damage":1,"enemies":"Cultist","floor":1,"turns":4},{"damage":1,"enemies":"Small Slimes","floor":4,"turns":6},{"damage":0,"enemies":"2 Louse","floor":6,"turns":3},{"damage":8,"enemies":"2 Fungi Beasts","floor":10,"turns":3},{"damage":7,"enemies":"Exordium Wildlife","floor":11,"turns":5},{"damage":6,"enemies":"Red Slaver","floor":13,"turns":4},{"damage":0,"enemies":"2 Fungi Beasts","floor":14,"turns":4},{"damage":26,"enemies":"Hexaghost","floor":16,"turns":12},{"damage":24,"enemies":"2 Thieves","floor":18,"turns":4},{"damage":47,"enemies":"Spheric Guardian","floor":19,"turns":5}],"relics_obtained":[{"floor":9,"key":"Bag of Preparation"}],"event_choices":[{"event_name":"Accursed Blacksmith","player_choice":"Ignore","floor":3,"damage_taken":0},{"event_name":"Scrap Ooze","player_choice":"success","floor":7,"damage_taken":18},{"event_name":"Golden Idol","player_choice":"Take Wound","floor":8,"damage_taken":0}],"boss_relics":[{"not_picked":["Busted Crown","Snecko Eye"],"picked":"Runic Pyramid"}],"items_purged_floors":[],"is_endless":false,"potions_floor_spawned":[4,10,11,13],"seed_played":"-5689770677985547577","killed_by":"Spheric Guardian","ascension_level":4,"potions_obtained":[{"floor":4,"key":"Block Potion"},{"floor":10,"key":"Swift Potion"},{"floor":11,"key":"Strength Potion"},{"floor":13,"key":"Block Potion"}],"is_trial":false}