{"gold_per_floor":[113,123,123,138,156,183,183,202,225,225,236,236,236,37,37,130,130,145,145,160,160,178,178,178,56,56,56,106,106,127,127],"floor_reached":31,"playtime":1459,"items_purged":["Strike_B"],"score":411,"play_id":"fb298302-18ef-4037-be98-50b20193bd1f","local_time":"20181022204918","is_ascension_mode":true,"campfire_choices":[{"floor":7,"key":"REST"},{"data":"Zap","floor":10,"key":"SMITH"},{"floor":13,"key":"REST"},{"floor":15,"key":"REST"},{"floor":23,"key":"REST"},{"floor":29,"key":"REST"}],"neow_cost":"NONE","seed_source_timestamp":1098277839143145,"circlet_count":0,"master_deck":["Strike_B","Strike_B","Strike_B","Defend_B","Defend_B","Defend_B","Defend_B","Zap+1","Dualcast","AscendersBane","Gash","Barrage","Gash","Coolheaded","Chill","Streamline+1","Skim","Rainbow","Steam+1","Double Energy+1","Go for the Eyes","Gash","Hologram","Glacier"],"relics":["Lizard Tail","FaceOfCleric","Pen Nib","Juzu Bracelet","Golden Idol","OrangePellets","Fusion Hammer","Ice Cream","Omamori"],"potions_floor_usage":[4,4,16,16],"damage_taken":[{"damage":11,"enemies":"Cultist","floor":1,"turns":4},{"damage":0,"enemies":"2 Louse","floor":2,"turns":4},{"damage":3,"enemies":"Small Slimes","floor":4,"turns":3},{"damage":25,"enemies":"3 Louse","floor":5,"turns":4},{"damage":35,"enemies":"3 Sentries","floor":6,"turns":12},{"damage":23,"enemies":"Exordium Thugs","floor":8,"turns":6},{"damage":19,"enemies":"Lots of Slimes","floor":11,"turns":5},{"damage":32,"enemies":"Slime Boss","floor":16,"turns":11},{"damage":11,"enemies":"Shell Parasite","floor":18,"turns":5},{"damage":9,"enemies":"Spheric Guardian","floor":20,"turns":4},{"damage":37,"enemies":"Snake Plant","floor":22,"turns":5},{"damage":12,"enemies":"Cultist and Chosen","floor":30,"turns":6},{"damage":40,"enemies":"Chosen and Byrds","floor":31,"turns":7}],"seed_played":"9073358916819238469","potions_obtained":[{"floor":2,"key":"EntropicBrew"},{"floor":6,"key":"Strength Potion"},{"floor":11,"key":"Regen Potion"},{"floor":16,"key":"Dexterity Potion"},{"floor":18,"key":"SteroidPotion"}],"is_trial":false,"path_per_floor":["M","M","?","M","M","E","R","M","T","R","M","?","R","$","R","B",null,"M","?","M","?","M","R","?","$","T","?","?","R","M"],"character_chosen":"DEFECT","items_purchased":["OrangePellets","Hologram"],"campfire_rested":5,"item_purchase_floors":[14,25],"current_hp_per_floor":[53,53,53,51,27,35,57,35,35,35,17,17,37,37,57,39,62,52,52,44,44,8,29,29,29,29,29,29,50,39,0],"gold":127,"neow_bonus":"BOSS_RELIC","is_prod":false,"is_daily":false,"chose_seed":false,"campfire_upgraded":1,"win_rate":0,"timestamp":1540255758,"path_taken":["M","?","?","M","M","E","R","M","T","R","M","?","R","$","R","BOSS","M","?","M","?","M","R","?","$","T","?","?","R","M","M"],"build_version":"2018-10-18","purchased_purges":1,"victory":false,"max_hp_per_floor":[71,71,71,72,73,74,74,75,75,75,76,69,69,69,69,70,70,71,71,72,72,73,73,73,73,73,73,73,73,74,74],"card_choices":[{"not_picked":["Hologram","Recycle"],"picked":"Gash","floor":1},{"not_picked":["Electrodynamics","Redo"],"picked":"Barrage","floor":2},{"not_picked":["Coolheaded","Undo"],"picked":"Gash","floor":4},{"not_picked":["Tempest","Conserve Battery"],"picked":"Coolheaded","floor":5},{"not_picked":["Heatsinks","Consume"],"picked":"Chill","floor":6},{"not_picked":["Heatsinks","Cold Snap"],"picked":"Streamline","floor":8},{"not_picked":["Auto Shields","Stack"],"picked":"Skim","floor":11},{"not_picked":["Amplify","Biased Cognition"],"picked":"Rainbow","floor":16},{"not_picked":["Conserve Battery","Ball Lightning"],"picked":"Steam","floor":18},{"not_picked":["Reinforced Body","Tempest"],"picked":"Double Energy+1","floor":20},{"not_picked":["Sweeping Beam+1","Coolheaded"],"picked":"Go for the Eyes","floor":22},{"not_picked":["Tempest","Reinforced Body"],"picked":"Glacier","floor":30}],"player_experience":1563859,"relics_obtained":[{"floor":6,"key":"Pen Nib"},{"floor":9,"key":"Juzu Bracelet"},{"floor":26,"key":"Ice Cream"}],"event_choices":[{"damage_healed":0,"gold_gain":0,"player_choice":"Trade","damage_taken":0,"relics_obtained":["FaceOfCleric"],"max_hp_gain":0,"max_hp_loss":0,"event_name":"FaceTrader","floor":3,"gold_loss":0},{"damage_healed":0,"gold_gain":0,"player_choice":"Lose Max HP","damage_taken":0,"relics_obtained":["Golden Idol"],"max_hp_gain":0,"max_hp_loss":7,"event_name":"Golden Idol","floor":12,"gold_loss":0},{"damage_healed":0,"gold_gain":0,"player_choice":"Upgraded","damage_taken":0,"max_hp_gain":0,"max_hp_loss":0,"event_name":"Upgrade Shrine","floor":19,"gold_loss":0,"cards_upgraded":["Streamline"]},{"damage_healed":0,"gold_gain":0,"player_choice":"Forge","damage_taken":0,"max_hp_gain":0,"max_hp_loss":0,"event_name":"Accursed Blacksmith","floor":21,"gold_loss":0,"cards_upgraded":["Steam"]},{"damage_healed":0,"gold_gain":0,"player_choice":"Read","damage_taken":0,"max_hp_gain":0,"max_hp_loss":0,"event_name":"The Library","floor":24,"gold_loss":0,"cards_obtained":["Gash"]},{"damage_healed":0,"gold_gain":0,"player_choice":"Stole Relic","damage_taken":0,"relics_obtained":["Omamori"],"max_hp_gain":0,"max_hp_loss":0,"event_name":"Addict","floor":27,"gold_loss":0,"cards_obtained":["Shame"]},{"damage_healed":0,"gold_gain":50,"player_choice":"Stole From Cult","damage_taken":0,"max_hp_gain":0,"max_hp_loss":0,"event_name":"Nest","floor":28,"gold_loss":0}],"is_beta":false,"boss_relics":[{"not_picked":["Pandora\u0027s Box","Ectoplasm"],"picked":"Fusion Hammer"}],"items_purged_floors":[25],"is_endless":false,"potions_floor_spawned":[2,6,8,11,16,18],"killed_by":"Chosen and Byrds","ascension_level":15}