{"gold_per_floor":[111,111,126,126,145,171,171,42,118,131,146,146,158,192,192,297,297,313,333,333,258,158,186,186,186,237,237,112,112,131,149,149,149],"floor_reached":33,"playtime":1331,"items_purged":["Combust","Strike_R","Strike_R"],"score":275,"play_id":"9f3c1b20-39b5-407c-ae25-c6bafba09330","local_time":"20190110230203","is_ascension_mode":false,"campfire_choices":[{"data":"Limit Break","floor":7,"key":"SMITH"},{"floor":12,"key":"REST"},{"data":"Armaments","floor":15,"key":"SMITH"},{"floor":24,"key":"RECALL"},{"data":"Bash","floor":32,"key":"PURGE"}],"neow_cost":"PERCENT_DAMAGE","seed_source_timestamp":156035574654090,"circlet_count":0,"master_deck":["Defend_R","Defend_R","Defend_R","Defend_R","Limit Break+1","Spot Weakness","Clash","Clash","Armaments+1","Iron Wave","Cleave","Disarm","Dropkick","Pommel Strike","Offering","Thunderclap","True Grit","Disarm"],"relics":["Burning Blood","Happy Flower","Blue Candle","Question Card","Pear","Coffee Dripper","Ice Cream","MutagenicStrength","Peace Pipe"],"potions_floor_usage":[6,16,16,16,23,33],"damage_taken":[{"damage":5,"enemies":"Small Slimes","floor":1,"turns":4},{"damage":6,"enemies":"Jaw Worm","floor":3,"turns":3},{"damage":7,"enemies":"2 Louse","floor":5,"turns":3},{"damage":35,"enemies":"3 Sentries","floor":6,"turns":7},{"damage":2,"enemies":"Blue Slaver","floor":10,"turns":2},{"damage":4,"enemies":"Large Slime","floor":11,"turns":5},{"damage":0,"enemies":"Looter","floor":13,"turns":3},{"damage":16,"enemies":"Lagavulin","floor":14,"turns":5},{"damage":35,"enemies":"Hexaghost","floor":16,"turns":10},{"damage":7,"enemies":"3 Byrds","floor":18,"turns":5},{"damage":25,"enemies":"Spheric Guardian","floor":19,"turns":4},{"damage":33,"enemies":"Slavers","floor":23,"turns":4},{"damage":23,"enemies":"Snecko","floor":30,"turns":4},{"damage":13,"enemies":"Shelled Parasite and Fungi","floor":31,"turns":3},{"damage":28,"enemies":"Champ","floor":33,"turns":8}],"seed_played":"627168512963149966","potions_obtained":[{"floor":1,"key":"SkillPotion"},{"floor":3,"key":"Regen Potion"},{"floor":10,"key":"LiquidBronze"},{"floor":14,"key":"SkillPotion"},{"floor":18,"key":"Block Potion"},{"floor":19,"key":"BloodPotion"}],"is_trial":false,"path_per_floor":["M","?","M","?","M","E","R","$","T","M","M","R","M","E","R","B",null,"M","M","?","?","$","E","R","?","T","?","$","T","M","M","R","B"],"character_chosen":"IRONCLAD","items_purchased":["Iron Wave"],"campfire_rested":1,"item_purchase_floors":[8],"current_hp_per_floor":[57,39,39,65,64,50,50,50,50,54,56,80,80,80,80,51,90,89,70,70,70,70,52,52,52,52,52,52,52,35,28,28,0],"gold":149,"neow_bonus":"TRANSFORM_TWO_CARDS","is_prod":false,"is_daily":false,"chose_seed":false,"campfire_upgraded":2,"win_rate":0,"timestamp":1547179323,"path_taken":["M","?","M","?","M","E","R","$","T","M","M","R","M","E","R","BOSS","M","M","?","?","$","E","R","?","T","?","$","?","?","M","R","BOSS"],"build_version":"2019-01-10","purchased_purges":3,"victory":false,"max_hp_per_floor":[80,80,80,80,80,80,80,80,80,80,80,80,80,90,90,90,90,90,90,90,90,90,90,90,90,90,90,90,90,90,90,90,90],"card_choices":[{"not_picked":["Clash","Pommel Strike"],"picked":"Spot Weakness","floor":1},{"not_picked":["Bloodletting","Iron Wave"],"picked":"Clash","floor":3},{"not_picked":["Body Slam","Spot Weakness"],"picked":"Clash","floor":5},{"not_picked":["Havoc","Combust"],"picked":"Armaments","floor":6},{"not_picked":["Flex","Armaments","Dual Wield"],"picked":"Cleave","floor":10},{"not_picked":["Flex","Feel No Pain","Sentinel"],"picked":"Disarm","floor":11},{"not_picked":["Flame Barrier","Thunderclap","Offering"],"picked":"Dropkick","floor":13},{"not_picked":["Flex","Perfected Strike","Sever Soul"],"picked":"Pommel Strike","floor":14},{"not_picked":["Brutality","Juggernaut","Immolate"],"picked":"Offering","floor":16},{"not_picked":["Iron Wave","Sword Boomerang+1","Twin Strike+1"],"picked":"Thunderclap","floor":18},{"not_picked":["Sword Boomerang","Feel No Pain","Iron Wave","Intimidate+1"],"picked":"SKIP","floor":19},{"not_picked":["Reckless Charge","Infernal Blade","Flex"],"picked":"Disarm","floor":23},{"not_picked":["Flame Barrier","Sever Soul","Reckless Charge","Rupture"],"picked":"SKIP","floor":30},{"not_picked":["Whirlwind","Clothesline","Wild Strike","Thunderclap+1"],"picked":"SKIP","floor":31}],"player_experience":2066949,"relics_obtained":[{"floor":6,"key":"Blue Candle"},{"floor":9,"key":"Question Card"},{"floor":14,"key":"Pear"},{"floor":23,"key":"Ice Cream"},{"floor":29,"key":"Peace Pipe"}],"event_choices":[{"damage_healed":0,"gold_gain":0,"player_choice":"Success","damage_taken":18,"relics_obtained":["Happy Flower"],"max_hp_gain":0,"max_hp_loss":0,"event_name":"Scrap Ooze","floor":2,"gold_loss":0},{"damage_healed":26,"gold_gain":0,"player_choice":"Banana","damage_taken":0,"max_hp_gain":0,"max_hp_loss":0,"event_name":"Big Fish","floor":4,"gold_loss":0},{"damage_healed":0,"gold_gain":0,"player_choice":"Read","damage_taken":0,"max_hp_gain":0,"max_hp_loss":0,"event_name":"The Library","floor":20,"gold_loss":0,"cards_obtained":["True Grit"]},{"cards_removed":["Strike_R"],"damage_healed":0,"gold_gain":0,"player_choice":"Gave Gold","damage_taken":0,"max_hp_gain":0,"max_hp_loss":0,"event_name":"Beggar","floor":21,"gold_loss":75},{"damage_healed":0,"gold_gain":0,"player_choice":"Ignored","damage_taken":0,"max_hp_gain":0,"max_hp_loss":0,"event_name":"Ghosts","floor":25,"gold_loss":0},{"damage_healed":0,"gold_gain":0,"player_choice":"Inject Mutagens","damage_taken":0,"relics_obtained":["MutagenicStrength"],"max_hp_gain":0,"max_hp_loss":0,"event_name":"Drug Dealer","floor":27,"gold_loss":0}],"is_beta":false,"boss_relics":[{"not_picked":["Mark of Pain","Ectoplasm"],"picked":"Coffee Dripper"}],"items_purged_floors":[8,22,28],"is_endless":false,"potions_floor_spawned":[1,3,10,14,18,19],"killed_by":"Champ","ascension_level":0}