{"path_per_floor":["M","?","M","T","M","R","M","R","T","?","$","M","M","E","R","B",null,"M","?","?","$","M","R","M","?","T","R","$","?","?","?","R","B",null,"M","M","$","M","M","R"],"character_chosen":"IRONCLAD","items_purchased":["Omamori","Inflame","Blood Vial"],"gold_per_floor":[119,119,134,134,153,153,168,168,168,168,22,37,54,84,84,180,180,198,198,113,53,69,69,82,82,82,82,21,21,21,21,21,125,125,137,147,24,38,51,51,51],"floor_reached":41,"campfire_rested":6,"playtime":1517,"current_hp_per_floor":[81,63,66,66,74,74,62,88,88,88,88,82,84,80,92,25,92,59,59,59,59,48,75,21,21,21,49,49,49,49,80,95,15,98,50,59,59,59,60,90,0],"items_purged":["Defend_R"],"gold":51,"score":462,"play_id":"65b818ba-6270-407a-ad0a-9f7357e9c445","local_time":"20180328103632","is_prod":false,"is_daily":false,"is_ascension_mode":true,"campfire_upgraded":1,"timestamp":1522222592,"path_taken":["M","?","?","?","M","R","M","R","T","?","?","?","M","E","R","BOSS","M","?","?","$","M","R","M","?","T","R","?","?","?","?","R","BOSS","M","M","$","M","M","R","E"],"build_version":"2018-03-22v2","purchased_purges":1,"victory":false,"master_deck":["Strike_R+1","Strike_R+1","Strike_R+1","Strike_R+1","Strike_R+1","Defend_R+1","Defend_R+1","Defend_R+1","Bash","Feed","Clash","Inflame+1","Heavy Blade","Inflame","Berserk","Inflame","Flex","Inflame","Defend_R+1","Bludgeon","Thunderclap+1","Clash+1"],"max_hp_per_floor":[83,83,86,86,86,86,89,89,89,89,89,92,92,92,92,92,92,92,92,92,92,92,92,95,95,95,95,95,95,95,95,95,98,98,98,101,101,101,101,101,101],"relics":["Black Blood","Art of War","Bird Faced Urn","Unceasing Top","Omamori","Juzu Bracelet","White Beast Statue","Ancient Tea Set","The Courier","Kunai","Blood Vial"],"card_choices":[{"not_picked":["Clothesline","Twin Strike"],"picked":"Clash","floor":1},{"not_picked":["Rampage","Sever Soul"],"picked":"Inflame","floor":3},{"not_picked":["Barricade","Perfected Strike"],"picked":"Heavy Blade","floor":5},{"not_picked":["Headbutt","Wild Strike"],"picked":"Inflame","floor":13},{"not_picked":["Barricade","Juggernaut"],"picked":"Berserk","floor":16},{"not_picked":["Heavy Blade","Sentinel"],"picked":"Inflame","floor":18},{"not_picked":["True Grit","Wild Strike"],"picked":"Flex","floor":22},{"not_picked":["Double Tap","Dark Embrace"],"picked":"Bludgeon","floor":33},{"not_picked":["Clothesline","Armaments"],"picked":"Thunderclap","floor":35},{"not_picked":["Uppercut","Warcry"],"picked":"Clash","floor":36}],"player_experience":201425,"potions_floor_usage":[13,13,16,16,22,24,33,33,36,38,39,41,41],"damage_taken":[{"damage":8,"enemies":"2 Louse","floor":1,"turns":3},{"damage":6,"enemies":"Jaw Worm","floor":3,"turns":2},{"damage":0,"enemies":"Cultist","floor":5,"turns":3},{"damage":23,"enemies":"Lots of Slimes","floor":7,"turns":4},{"damage":17,"enemies":"Exordium Thugs","floor":12,"turns":5},{"damage":6,"enemies":"3 Louse","floor":13,"turns":2},{"damage":14,"enemies":"Gremlin Nob","floor":14,"turns":4},{"damage":77,"enemies":"Hexaghost","floor":16,"turns":11},{"damage":43,"enemies":"Spheric Guardian","floor":18,"turns":6},{"damage":25,"enemies":"Chosen","floor":22,"turns":5},{"damage":71,"enemies":"Slaver and Parasite","floor":24,"turns":7},{"damage":93,"enemies":"Champ","floor":33,"turns":13},{"damage":62,"enemies":"3 Darklings","floor":35,"turns":8},{"damage":14,"enemies":"3 Shapes","floor":36,"turns":5},{"damage":37,"enemies":"3 Darklings","floor":38,"turns":6},{"damage":21,"enemies":"Sphere and 2 Shapes","floor":39,"turns":7},{"damage":118,"enemies":"Giant Head","floor":41,"turns":8}],"event_choices":[{"event_name":"Scrap Ooze","player_choice":"success","floor":2,"damage_taken":18},{"event_name":"Liars Game","player_choice":"disagreed","floor":10,"damage_taken":0},{"event_name":"The Mausoleum","player_choice":"Yes","floor":19,"damage_taken":0},{"event_name":"Addict","player_choice":"Obtained Relic","floor":20,"damage_taken":0},{"event_name":"Back to Basics","player_choice":"Simplicity","floor":25,"damage_taken":0},{"event_name":"Vampires","player_choice":"Ignored","floor":29,"damage_taken":0},{"event_name":"Duplicator","player_choice":"One dupe","floor":30,"damage_taken":0},{"event_name":"The Library","player_choice":"Heal","floor":31,"damage_taken":0}],"boss_relics":[{"not_picked":["Sozu","Lizard Tail"],"picked":"White Beast Statue"},{"not_picked":["Orrery","Velvet Choker"],"picked":"Black Blood"}],"potions_floor_spawned":[7,12,13,14,16,18,22,24,33,35,36,38,39],"seed_played":"7575057063814680130","killed_by":"Giant Head","ascension_level":1,"is_trial":false}