{"gold_per_floor":[414,589,78,93,93,123,153,183,183,183,198,198,98,128,128,228,228,243,149,249,270,300,330,360,360,360,375,405,241,271,286,286,386,386,401,401,501,85,115,115,145,145,145,175,175,0,15,45,45,45],"floor_reached":51,"playtime":2808,"items_purged":["Doubt","Pain","Strike_G","Strike_G","Strike_G"],"score":1281,"play_id":"9b19d326-2995-412f-991a-66db22a2ec45","local_time":"20190122140604","daily_mods":["Heirloom","Flight","DeadlyEvents"],"is_ascension_mode":false,"campfire_choices":[{"data":"Well Laid Plans","floor":10.0,"key":"SMITH"},{"data":"Noxious Fumes","floor":15.0,"key":"SMITH"},{"floor":25.0,"key":"REST"},{"data":"Night Terror","floor":32,"key":"SMITH"},{"floor":40,"key":"DIG"},{"floor":42,"key":"DIG"},{"floor":45,"key":"REST"},{"floor":49,"key":"DIG"}],"neow_cost":"","seed_source_timestamp":0,"circlet_count":0,"master_deck":["Defend_G","Defend_G","Defend_G","Defend_G","Defend_G","Strike_G+1","Strike_G","Survivor","Neutralize+1","Riddle With Holes+1","Well Laid Plans+1","Noxious Fumes+1","Backstab","After Image+1","Finisher","Wraith Form v2+1","Blade Dance","Noxious Fumes+1","Cloak And Dagger","Crippling Poison","Night Terror+1","Setup+1","Leg Sweep","Backflip+1","Corpse Explosion","Discovery","Panache+1","Footwork+1","Catalyst","Envenom+1","Catalyst+1","Catalyst+1","Calculated Gamble","Tools of the Trade+1"],"special_seed":17918,"relics":["Ring of the Snake","Old Coin","Dodecahedron","Lantern","Bottled Lightning","PreservedInsect","Frozen Egg 2","Darkstone Periapt","WarpedTongs","Ancient Tea Set","White Beast Statue","The Specimen","Ninja Scroll","Red Mask","Letter Opener","Centennial Puzzle","Boot","Whetstone","Question Card","Bag of Marbles","Runic Pyramid","Thread and Needle","Blood Vial","Shovel","Bottled Tornado","Singing Bowl","Sundial","Dream Catcher","Snake Skull","Meat on the Bone","Mercury Hourglass"],"potions_floor_usage":[50,50],"damage_taken":[{"damage":0.0,"enemies":"Small Slimes","floor":1.0,"turns":5.0},{"damage":0.0,"enemies":"Jaw Worm","floor":4.0,"turns":3.0},{"damage":9.0,"enemies":"3 Sentries","floor":6.0,"turns":9.0},{"damage":16.0,"enemies":"Gremlin Nob","floor":7.0,"turns":4.0},{"damage":6.0,"enemies":"Lagavulin","floor":8.0,"turns":6.0},{"damage":0.0,"enemies":"2 Louse","floor":11.0,"turns":2.0},{"damage":0.0,"enemies":"3 Sentries","floor":14.0,"turns":4.0},{"damage":0.0,"enemies":"Hexaghost","floor":16.0,"turns":11.0},{"damage":0.0,"enemies":"2 Thieves","floor":18.0,"turns":4.0},{"damage":0.0,"enemies":"Colosseum Slavers","floor":20.0,"turns":4.0},{"damage":0.0,"enemies":"Colosseum Nobs","floor":20.0,"turns":4.0},{"damage":0.0,"enemies":"Masked Bandits","floor":21.0,"turns":3.0},{"damage":2.0,"enemies":"Gremlin Leader","floor":22.0,"turns":5.0},{"damage":0.0,"enemies":"Slavers","floor":23.0,"turns":5.0},{"damage":2.0,"enemies":"Book of Stabbing","floor":24.0,"turns":7.0},{"damage":0.0,"enemies":"Spheric Guardian","floor":27.0,"turns":1.0},{"damage":0.0,"enemies":"Slavers","floor":28.0,"turns":4.0},{"damage":0,"enemies":"Gremlin Leader","floor":30,"turns":7},{"damage":0,"enemies":"3 Cultists","floor":31,"turns":6},{"damage":10,"enemies":"Champ","floor":33,"turns":11},{"damage":6,"enemies":"Orb Walker","floor":35,"turns":3},{"damage":0,"enemies":"Mind Bloom Boss Battle","floor":37,"turns":8},{"damage":0,"enemies":"Reptomancer","floor":39,"turns":4},{"damage":0,"enemies":"Nemesis","floor":41,"turns":5},{"damage":0,"enemies":"Giant Head","floor":44,"turns":9},{"damage":0,"enemies":"3 Shapes","floor":47,"turns":4},{"damage":0,"enemies":"Nemesis","floor":48,"turns":7},{"damage":0,"enemies":"Donu and Deca","floor":50,"turns":5}],"seed_played":"-6286355576629178474","potions_obtained":[{"floor":1.0,"key":"GhostInAJar"},{"floor":8.0,"key":"AttackPotion"},{"floor":16.0,"key":"Fire Potion"},{"floor":18.0,"key":"SkillPotion"},{"floor":20.0,"key":"Swift Potion"},{"floor":21.0,"key":"Ancient Potion"},{"floor":22.0,"key":"FearPotion"},{"floor":23.0,"key":"EssenceOfSteel"},{"floor":24.0,"key":"LiquidBronze"},{"floor":27.0,"key":"Strength Potion"},{"floor":35,"key":"Dexterity Potion"}],"is_trial":false,"path_per_floor":["M","?","$","M","?","E","E","E","T","R","M","?","$","E","R","B",null,"M","$","?","?","E","E","E","R","T","M","E","$","E","M","R","B",null,"M","?","?","$","E","R","E","R","T","E","R","$","M","E","R","B",null],"character_chosen":"THE_SILENT","items_purchased":["Riddle With Holes","Dodecahedron","Lantern","Noxious Fumes+1","Cloak And Dagger","Leg Sweep","Blood Vial","Footwork+1","Catalyst"],"campfire_rested":2,"item_purchase_floors":[3,3,3,19,19,29,38,38,38],"current_hp_per_floor":[70,70,70,70,70,61,45,39,39,39,39,45,45,45,45,45,76,76,76,76,76,74,74,72,76,76,76,76,76,76,76,76,66,76,70,60,60,60,62,62,64,64,64,66,78,78,78,78,78,78],"gold":45,"neow_bonus":"","is_prod":false,"is_daily":true,"chose_seed":false,"campfire_upgraded":3,"win_rate":0,"timestamp":1548162364,"path_taken":["M","?","$","M","?","E","?","E","T","R","?","?","$","E","R","BOSS","M","$","?","?","?","E","E","R","T","?","E","?","?","M","R","BOSS","M","?","?","$","?","R","E","R","T","E","R","$","?","?","R","BOSS"],"build_version":"2019-01-17v2","purchased_purges":5,"victory":true,"max_hp_per_floor":[70,70,70,70,70,70,70,70,70,70,70,76,76,76,76,76,76,76,76,76,76,76,76,76,76,76,76,76,76,76,76,76,76,76,76,76,76,76,76,76,76,76,76,76,78,78,78,78,78,78],"card_choices":[{"not_picked":["Accuracy","Eviscerate","Distraction"],"picked":"SKIP","floor":1.0},{"not_picked":["Sucker Punch","All Out Attack"],"picked":"Well Laid Plans","floor":4.0},{"not_picked":["Dodge and Roll","Flying Knee"],"picked":"Noxious Fumes","floor":6.0},{"not_picked":["Prepared","Cloak And Dagger"],"picked":"Backstab","floor":7.0},{"not_picked":["Blade Dance","Flying Knee"],"picked":"After Image","floor":8.0},{"not_picked":["Flying Knee","Underhanded Strike"],"picked":"Finisher","floor":11.0},{"not_picked":["Concentrate","Masterful Stab","Bane"],"picked":"SKIP","floor":14.0},{"not_picked":["Doppelganger","Burst"],"picked":"Wraith Form v2+1","floor":16.0},{"not_picked":["Heel Hook","Underhanded Strike"],"picked":"Blade Dance","floor":18.0},{"not_picked":["Distraction+1","Calculated Gamble"],"picked":"Crippling Poison","floor":21.0},{"not_picked":["Skewer","Accuracy+1","Flying Knee"],"picked":"SKIP","floor":22.0},{"not_picked":["Backflip","Tactician","Flechettes+1"],"picked":"SKIP","floor":23.0},{"not_picked":["Dagger Throw+1","Crippling Poison+1"],"picked":"Night Terror","floor":24.0},{"not_picked":["Underhanded Strike","Dagger Spray"],"picked":"Setup+1","floor":27.0},{"not_picked":["Backflip","Sucker Punch","Dash"],"picked":"SKIP","floor":28.0},{"not_picked":["Deadly Poison","Dagger Throw","Dash"],"picked":"Backflip+1","floor":30},{"not_picked":["Prepared","Quick Slash","Unload","Distraction"],"picked":"SKIP","floor":31},{"not_picked":["Night Terror","Die Die Die","Tools of the Trade+1"],"picked":"Corpse Explosion","floor":33},{"not_picked":["All Out Attack+1","Flying Knee+1","Deflect","Sucker Punch"],"picked":"SKIP","floor":35},{"not_picked":["Enlightenment","Chrysalis","Blind"],"picked":"Discovery","floor":36},{"not_picked":["Blind","Swift Strike","Mayhem+1"],"picked":"Panache+1","floor":36},{"not_picked":["Escape Plan+1","Deflect","Flying Knee"],"picked":"Envenom+1","floor":39},{"not_picked":["Bullet Time","Grand Finale","Poisoned Stab"],"picked":"Catalyst+1","floor":41},{"not_picked":["Dagger Throw+1","Dagger Spray+1","Calculated Gamble"],"picked":"Catalyst+1","floor":44},{"not_picked":["Heel Hook+1","Cloak And Dagger","Prepared+1","Calculated Gamble"],"picked":"Singing Bowl","floor":45},{"not_picked":["Blade Dance+1","Distraction+1","Skewer+1"],"picked":"Calculated Gamble","floor":47},{"not_picked":["Deadly Poison","Well Laid Plans+1","Leg Sweep"],"picked":"Tools of the Trade+1","floor":48}],"player_experience":1918033,"relics_obtained":[{"floor":6.0,"key":"Bottled Lightning"},{"floor":7.0,"key":"PreservedInsect"},{"floor":8.0,"key":"Frozen Egg 2"},{"floor":9.0,"key":"Darkstone Periapt"},{"floor":14.0,"key":"Ancient Tea Set"},{"floor":20.0,"key":"The Specimen"},{"floor":20.0,"key":"Ninja Scroll"},{"floor":21.0,"key":"Red Mask"},{"floor":22.0,"key":"Letter Opener"},{"floor":23.0,"key":"Centennial Puzzle"},{"floor":24.0,"key":"Boot"},{"floor":26.0,"key":"Whetstone"},{"floor":28.0,"key":"Question Card"},{"floor":30,"key":"Bag of Marbles"},{"floor":37,"key":"Thread and Needle"},{"floor":39,"key":"Shovel"},{"floor":40,"key":"Bottled Tornado"},{"floor":41,"key":"Singing Bowl"},{"floor":42,"key":"Sundial"},{"floor":43,"key":"Dream Catcher"},{"floor":44,"key":"Snake Skull"},{"floor":48,"key":"Meat on the Bone"},{"floor":49,"key":"Mercury Hourglass"}],"event_choices":[{"damage_healed":0.0,"max_hp_gain":0.0,"max_hp_loss":0.0,"gold_gain":175.0,"event_name":"Liars Game","player_choice":"AGREE","floor":2.0,"gold_loss":0.0,"damage_taken":0.0,"cards_obtained":["Doubt"]},{"damage_healed":0.0,"max_hp_gain":0.0,"max_hp_loss":0.0,"gold_gain":0.0,"event_name":"Living Wall","player_choice":"Grow","floor":5.0,"gold_loss":0.0,"damage_taken":0.0,"cards_upgraded":["Riddle With Holes"]},{"damage_healed":0.0,"max_hp_gain":0.0,"max_hp_loss":0.0,"gold_gain":0.0,"event_name":"Accursed Blacksmith","player_choice":"Rummage","floor":12.0,"gold_loss":0.0,"damage_taken":0.0,"relics_obtained":["WarpedTongs"],"cards_obtained":["Pain"]},{"damage_healed":0.0,"max_hp_gain":0.0,"max_hp_loss":0.0,"gold_gain":0.0,"event_name":"Colosseum","player_choice":"Fight","floor":20.0,"gold_loss":0.0,"damage_taken":0.0},{"damage_healed":0.0,"max_hp_gain":0.0,"max_hp_loss":0.0,"gold_gain":0.0,"event_name":"Colosseum","player_choice":"Fought Nobs","floor":20.0,"gold_loss":0.0,"damage_taken":0.0},{"damage_healed":0.0,"max_hp_gain":0.0,"max_hp_loss":0.0,"gold_gain":0.0,"event_name":"Masked Bandits","player_choice":"Fought Bandits","floor":21.0,"gold_loss":0.0,"damage_taken":0.0},{"damage_healed":0,"gold_gain":0,"player_choice":"Memory 3","damage_taken":10,"max_hp_gain":0,"max_hp_loss":0,"event_name":"SensoryStone","floor":36,"gold_loss":0},{"damage_healed":0,"gold_gain":0,"player_choice":"Fight","damage_taken":0,"max_hp_gain":0,"max_hp_loss":0,"event_name":"MindBloom","floor":37,"gold_loss":0}],"is_beta":false,"boss_relics":[{"not_picked":["Calling Bell","Lizard Tail"],"picked":"White Beast Statue"},{"not_picked":["Pandora\u0027s Box","Busted Crown"],"picked":"Runic Pyramid"}],"items_purged_floors":[3,13,29,38,46],"is_endless":false,"potions_floor_spawned":[1,8,16,18,20,20,21,22,23,24,27,28,30,31,33,35,37,39,41,44,47,48],"ascension_level":0}