{"gold_per_floor":[111,127,127,146,221,221,221,221,221,221,221,238,238,121,121,198,198,216,216,53,103,103,103,47,0,0,0,0,0,0,12,12,84,84,102,202,219,219,144,144,156,156],"floor_reached":42,"playtime":2024,"items_purged":["Decay"],"score":856,"play_id":"91463d27-31ec-4b0f-b8ba-63136a4c3d00","local_time":"20181029225222","is_ascension_mode":true,"campfire_choices":[{"data":"Impatience","floor":6,"key":"SMITH"},{"data":"Neutralize","floor":8,"key":"SMITH"},{"floor":11,"key":"REST"},{"data":"Calculated Gamble","floor":13,"key":"SMITH"},{"data":"Noxious Fumes","floor":15,"key":"SMITH"},{"data":"Blur","floor":23,"key":"SMITH"},{"data":"Leg Sweep","floor":27,"key":"SMITH"},{"floor":32,"key":"REST"},{"data":"Burst","floor":40,"key":"SMITH"}],"neow_cost":"NONE","seed_source_timestamp":240611682143968,"circlet_count":0,"master_deck":["Defend_G+1","Defend_G+1","Defend_G+1","Defend_G+1","Strike_G+1","Strike_G+1","Strike_G+1","Survivor","Neutralize+1","AscendersBane","Impatience+1","Blur","Outmaneuver","Calculated Gamble+1","Blur+1","Noxious Fumes+1","Backflip","Malaise","Necronomicurse","Dodge and Roll","Leg Sweep+1","After Image","Glass Knife","Footwork","Burst+1","Backflip"],"relics":["Ring of the Serpent","Juzu Bracelet","Boot","Cursed Key","Necronomicon","Bronze Scales","Singing Bowl","StoneCalendar"],"potions_floor_usage":[16,16,33,41],"damage_taken":[{"damage":0,"enemies":"Cultist","floor":1,"turns":4},{"damage":11,"enemies":"Jaw Worm","floor":2,"turns":7},{"damage":4,"enemies":"Small Slimes","floor":4,"turns":5},{"damage":0,"enemies":"Looter","floor":12,"turns":4},{"damage":0,"enemies":"Hexaghost","floor":16,"turns":9},{"damage":2,"enemies":"3 Byrds","floor":18,"turns":6},{"damage":1,"enemies":"2 Thieves","floor":25,"turns":5},{"damage":4,"enemies":"Sentry and Sphere","floor":31,"turns":9},{"damage":22,"enemies":"Automaton","floor":33,"turns":14},{"damage":4,"enemies":"Orb Walker","floor":35,"turns":6},{"damage":12,"enemies":"Mind Bloom Boss Battle","floor":36,"turns":11},{"damage":0,"enemies":"3 Shapes","floor":37,"turns":7},{"damage":24,"enemies":"Jaw Worm Horde","floor":41,"turns":7},{"damage":25,"enemies":"Reptomancer","floor":42,"turns":3}],"seed_played":"1381957547355006130","potions_obtained":[{"floor":2,"key":"SkillPotion"},{"floor":4,"key":"FearPotion"},{"floor":18,"key":"Strength Potion"},{"floor":33,"key":"FearPotion"},{"floor":35,"key":"Strength Potion"},{"floor":37,"key":"Fire Potion"}],"is_trial":false,"path_per_floor":["M","M","?","M","?","R","?","R","T","?","R","M","R","$","R","B",null,"M","?","$","?","?","R","$","M","T","R","?","?","?","M","R","B",null,"M","?","M","?","$","R","M"],"character_chosen":"THE_SILENT","items_purchased":["Noxious Fumes","Backflip","Bronze Scales","Dodge and Roll"],"campfire_rested":2,"item_purchase_floors":[14,14,20,24],"current_hp_per_floor":[59,48,43,39,28,28,21,21,21,1,20,20,20,20,20,20,55,53,32,32,32,32,32,32,31,31,31,31,31,31,27,46,24,56,52,42,44,44,44,44,22,0],"gold":156,"neow_bonus":"RANDOM_COLORLESS","is_prod":false,"is_daily":false,"chose_seed":false,"campfire_upgraded":7,"win_rate":0,"timestamp":1540871542,"path_taken":["M","?","?","M","?","R","?","R","T","?","R","M","R","$","R","BOSS","M","?","$","?","?","R","$","M","T","R","?","?","?","M","R","BOSS","M","?","M","?","?","R","M","E"],"build_version":"2018-10-29v2","purchased_purges":1,"victory":false,"max_hp_per_floor":[66,66,66,66,66,66,66,66,66,66,66,66,66,66,66,66,66,66,66,66,66,66,66,66,66,66,66,66,66,66,66,66,66,66,66,68,70,70,70,70,72,72],"card_choices":[{"not_picked":["Deflect","Infinite Blades"],"picked":"Blur","floor":1},{"not_picked":["Poisoned Stab","Slice"],"picked":"Outmaneuver","floor":2},{"not_picked":["Slice","Tactician"],"picked":"Calculated Gamble","floor":4},{"not_picked":["Underhanded Strike","Dagger Throw"],"picked":"Blur","floor":12},{"not_picked":["Storm of Steel","Burst"],"picked":"Malaise","floor":16},{"not_picked":["Accuracy","Heel Hook","Bane"],"picked":"SKIP","floor":18},{"not_picked":["Deflect","Outmaneuver"],"picked":"Leg Sweep","floor":25},{"not_picked":["Expertise+1","Blur"],"picked":"Footwork","floor":31},{"not_picked":["Wraith Form v2","Night Terror"],"picked":"Burst","floor":33},{"not_picked":["Cloak And Dagger","Outmaneuver+1"],"picked":"Backflip","floor":35},{"not_picked":["Choke","Slice+1","Reflex"],"picked":"Singing Bowl","floor":36},{"not_picked":["Poisoned Stab","Backstab","Dodge and Roll"],"picked":"Singing Bowl","floor":37},{"not_picked":["Distraction","Eviscerate+1","Escape Plan"],"picked":"Singing Bowl","floor":41}],"player_experience":727059,"relics_obtained":[{"floor":9,"key":"Boot"},{"floor":19,"key":"Necronomicon"},{"floor":26,"key":"Singing Bowl"},{"floor":36,"key":"StoneCalendar"}],"event_choices":[{"damage_healed":0,"gold_gain":0,"player_choice":"Success","damage_taken":5,"relics_obtained":["Juzu Bracelet"],"max_hp_gain":0,"max_hp_loss":0,"event_name":"Scrap Ooze","floor":3,"gold_loss":0},{"damage_healed":0,"gold_gain":75,"player_choice":"Gather Gold","damage_taken":11,"max_hp_gain":0,"max_hp_loss":0,"event_name":"World of Goop","floor":5,"gold_loss":0},{"cards_removed":["Strike_G"],"damage_healed":0,"gold_gain":0,"player_choice":"Card Removal","damage_taken":7,"max_hp_gain":0,"max_hp_loss":0,"event_name":"Golden Wing","floor":7,"gold_loss":0},{"damage_healed":0,"gold_gain":0,"player_choice":"Entered Light","damage_taken":20,"max_hp_gain":0,"max_hp_loss":0,"event_name":"Shining Light","floor":10,"gold_loss":0,"cards_upgraded":["Strike_G","Defend_G"]},{"damage_healed":0,"gold_gain":0,"player_choice":"Obtained Book","damage_taken":21,"max_hp_gain":0,"max_hp_loss":0,"event_name":"Cursed Tome","floor":19,"gold_loss":0},{"damage_healed":0,"gold_gain":50,"player_choice":"Stole From Cult","damage_taken":0,"max_hp_gain":0,"max_hp_loss":0,"event_name":"Nest","floor":21,"gold_loss":0},{"damage_healed":0,"gold_gain":0,"player_choice":"Simplicity","damage_taken":0,"max_hp_gain":0,"max_hp_loss":0,"event_name":"Back to Basics","floor":22,"gold_loss":0,"cards_upgraded":["Defend_G","Defend_G","Defend_G","Defend_G","Strike_G","Strike_G","Strike_G"]},{"damage_healed":0,"gold_gain":0,"cards_transformed":["Defend_G","Strike_G"],"player_choice":"Became Test Subject","damage_taken":0,"max_hp_gain":0,"max_hp_loss":0,"event_name":"Drug Dealer","floor":29,"gold_loss":0,"cards_obtained":["After Image","Glass Knife"]},{"damage_healed":0,"gold_gain":0,"player_choice":"Ignored","damage_taken":0,"max_hp_gain":0,"max_hp_loss":0,"event_name":"Ghosts","floor":30,"gold_loss":0},{"damage_healed":0,"gold_gain":0,"player_choice":"Fight","damage_taken":0,"max_hp_gain":0,"max_hp_loss":0,"event_name":"MindBloom","floor":36,"gold_loss":0},{"damage_healed":0,"gold_gain":0,"player_choice":"Ignored","damage_taken":0,"max_hp_gain":0,"max_hp_loss":0,"event_name":"Tomb of Lord Red Mask","floor":38,"gold_loss":0}],"is_beta":true,"boss_relics":[{"not_picked":["White Beast Statue","HoveringKite"],"picked":"Cursed Key"},{"not_picked":["Velvet Choker","Philosopher\u0027s Stone"],"picked":"Ring of the Serpent"}],"items_purged_floors":[39],"is_endless":false,"potions_floor_spawned":[2,4,18,33,35,37],"killed_by":"Reptomancer","ascension_level":20}