{"gold_per_floor":[117,67,79,95,107,107,118,118,167,194,194,206,206,221,221,319,319,331,348,348,368,293,293,312,325,325,140,158,175,192,92,92,197,197,211,230,247,37,52,52,65,83,83,83,83,83,118,118,118,118],"floor_reached":51,"playtime":5493,"items_purged":["Strike_G","Strike_G"],"score":662,"play_id":"bc93da2e-f866-4aba-a4dc-de36b42c1d91","local_time":"20190203132742","is_ascension_mode":false,"campfire_choices":[{"data":"Bane","floor":6,"key":"SMITH"},{"data":"Poisoned Stab","floor":8,"key":"SMITH"},{"data":"Bouncing Flask","floor":15,"key":"SMITH"},{"data":"Poisoned Stab","floor":23,"key":"SMITH"},{"floor":32,"key":"REST"},{"data":"Secret Technique","floor":40,"key":"SMITH"},{"data":"PiercingWail","floor":44,"key":"SMITH"},{"data":"Crippling Poison","floor":46,"key":"SMITH"},{"floor":49,"key":"REST"}],"neow_cost":"NONE","seed_source_timestamp":425507992990332,"circlet_count":0,"master_deck":["Defend_G","Defend_G","Defend_G+1","Defend_G+1","Defend_G","Survivor","Neutralize+1","Dagger Spray","Poisoned Stab+1","Bane+1","Poisoned Stab+1","Bouncing Flask+1","PiercingWail+1","Crippling Poison+1","Secret Technique+1","Bullet Time"],"relics":["Ring of the Snake","War Paint","Art of War","Question Card","Bronze Scales","Runic Pyramid","Shuriken","Eternal Feather","ClockworkSouvenir","Bottled Lightning","Letter Opener"],"potions_floor_usage":[10,14,21,25,33,33,33,50,50,50],"damage_taken":[{"damage":0,"enemies":"2 Louse","floor":1,"turns":3},{"damage":0,"enemies":"Jaw Worm","floor":3,"turns":4},{"damage":0,"enemies":"Cultist","floor":4,"turns":3},{"damage":0,"enemies":"Red Slaver","floor":5,"turns":4},{"damage":1,"enemies":"Exordium Wildlife","floor":7,"turns":4},{"damage":0,"enemies":"Lagavulin","floor":10,"turns":4},{"damage":0,"enemies":"Blue Slaver","floor":12,"turns":3},{"damage":2,"enemies":"Large Slime","floor":14,"turns":5},{"damage":13,"enemies":"Hexaghost","floor":16,"turns":8},{"damage":0,"enemies":"Shell Parasite","floor":18,"turns":3},{"damage":12,"enemies":"Chosen","floor":19,"turns":3},{"damage":4,"enemies":"Centurion and Healer","floor":21,"turns":6},{"damage":4,"enemies":"3 Cultists","floor":24,"turns":6},{"damage":21,"enemies":"Sentry and Sphere","floor":25,"turns":5},{"damage":5,"enemies":"Shelled Parasite and Fungi","floor":28,"turns":4},{"damage":3,"enemies":"Centurion and Healer","floor":29,"turns":4},{"damage":0,"enemies":"Snecko","floor":30,"turns":4},{"damage":39,"enemies":"Collector","floor":33,"turns":8},{"damage":12,"enemies":"3 Shapes","floor":35,"turns":4},{"damage":3,"enemies":"Orb Walker","floor":36,"turns":4},{"damage":4,"enemies":"Spire Growth","floor":37,"turns":5},{"damage":3,"enemies":"Jaw Worm Horde","floor":39,"turns":5},{"damage":7,"enemies":"Maw","floor":41,"turns":7},{"damage":0,"enemies":"Spire Growth","floor":42,"turns":5},{"damage":42,"enemies":"Reptomancer","floor":47,"turns":7},{"damage":55,"enemies":"Awakened One","floor":50,"turns":16}],"seed_played":"-981845081099109133","potions_obtained":[{"floor":3,"key":"Fire Potion"},{"floor":5,"key":"LiquidBronze"},{"floor":7,"key":"Block Potion"},{"floor":18,"key":"Fire Potion"},{"floor":21,"key":"Ancient Potion"},{"floor":25,"key":"Poison Potion"},{"floor":30,"key":"GamblersBrew"},{"floor":33,"key":"Regen Potion"},{"floor":35,"key":"Poison Potion"},{"floor":37,"key":"SteroidPotion"}],"is_trial":false,"path_per_floor":["M","?","M","M","M","R","M","R","T","E","?","M","?","M","R","B",null,"M","M","?","M","$","R","M","M","T","$","M","M","M","$","R","B",null,"M","M","M","$","M","R","M","M","T","R","?","R","E","?","R","B",null],"character_chosen":"THE_SILENT","items_purchased":["Secret Technique","ClockworkSouvenir"],"campfire_rested":2,"item_purchase_floors":[27,38],"current_hp_per_floor":[70,70,70,70,70,70,69,69,69,69,55,55,52,50,50,37,70,70,58,58,54,54,54,50,29,29,29,24,21,21,21,42,3,70,58,55,51,51,48,57,50,50,50,59,59,68,26,26,56,16],"gold":118,"neow_bonus":"RANDOM_COMMON_RELIC","is_prod":false,"is_daily":false,"chose_seed":false,"campfire_upgraded":7,"win_rate":0.0,"timestamp":1549229262,"path_taken":["M","?","M","M","M","R","M","R","T","E","?","M","?","M","R","BOSS","M","M","?","M","$","R","M","M","T","$","?","M","M","?","R","BOSS","M","M","M","$","M","R","M","M","T","R","?","R","E","?","R","BOSS"],"build_version":"2019-01-23","purchased_purges":2,"victory":true,"max_hp_per_floor":[70,70,70,70,70,70,70,70,70,70,70,70,70,70,70,70,70,70,70,70,70,70,70,70,70,70,70,70,70,70,70,70,70,70,70,70,70,70,70,70,70,70,70,70,70,70,70,70,70,70],"card_choices":[{"not_picked":["Outmaneuver","Flying Knee"],"picked":"Dagger Spray","floor":1},{"not_picked":["Prepared","Setup"],"picked":"Poisoned Stab","floor":3},{"not_picked":["Underhanded Strike","Deflect"],"picked":"Bane","floor":4},{"not_picked":["Cloak And Dagger","Dagger Throw","Choke"],"picked":"SKIP","floor":5},{"not_picked":["Choke","Heel Hook"],"picked":"Poisoned Stab","floor":7},{"not_picked":["Dagger Spray","Grand Finale","Flechettes"],"picked":"SKIP","floor":10},{"not_picked":["Slice","PiercingWail","Dodge and Roll","Flying Knee"],"picked":"SKIP","floor":12},{"not_picked":["Dodge and Roll","Poisoned Stab","Grand Finale"],"picked":"Bouncing Flask","floor":14},{"not_picked":["Deflect+1","Underhanded Strike+1","Flechettes+1"],"picked":"PiercingWail","floor":18},{"not_picked":["Prepared","Riddle With Holes+1","Poisoned Stab","Blade Dance"],"picked":"SKIP","floor":19},{"not_picked":["Endless Agony","Backstab","Cloak And Dagger","Dagger Spray+1"],"picked":"SKIP","floor":21},{"not_picked":["Blur+1","Acrobatics+1","Backflip","Cloak And Dagger+1"],"picked":"SKIP","floor":24},{"not_picked":["Skewer+1","Flechettes+1","Choke"],"picked":"Crippling Poison","floor":25},{"not_picked":["Dagger Throw+1","Underhanded Strike","Terror","Masterful Stab+1"],"picked":"SKIP","floor":28},{"not_picked":["Quick Slash","Deflect+1","Setup","Bane"],"picked":"SKIP","floor":29},{"not_picked":["Tools of the Trade","Dagger Throw+1","Dagger Spray","Flying Knee"],"picked":"SKIP","floor":30},{"not_picked":["Venomology","Doppelganger","Burst"],"picked":"Bullet Time","floor":33},{"not_picked":["Slice","Escape Plan+1","Crippling Poison","Dodge and Roll+1"],"picked":"SKIP","floor":35},{"not_picked":["Slice+1","Cloak And Dagger","Deflect+1","Backstab+1"],"picked":"SKIP","floor":36},{"not_picked":["Expertise","Sucker Punch","Dagger Throw","Blur+1"],"picked":"SKIP","floor":37},{"not_picked":["PiercingWail+1","Blur+1","Acrobatics+1","Terror+1"],"picked":"SKIP","floor":39},{"not_picked":["Sucker Punch+1","Slice","Unload","Backflip+1"],"picked":"SKIP","floor":41},{"not_picked":["PiercingWail","Bane+1","Terror+1","Quick Slash+1"],"picked":"SKIP","floor":42},{"not_picked":["Finisher","Outmaneuver+1","Acrobatics","Terror"],"picked":"SKIP","floor":47}],"player_experience":194802,"relics_obtained":[{"floor":9,"key":"Art of War"},{"floor":10,"key":"Question Card"},{"floor":26,"key":"Shuriken"},{"floor":43,"key":"Bottled Lightning"},{"floor":47,"key":"Letter Opener"}],"event_choices":[{"cards_removed":["Strike_G"],"damage_healed":0,"gold_gain":0,"player_choice":"Card Removal","damage_taken":0,"max_hp_gain":0,"max_hp_loss":0,"event_name":"The Cleric","floor":2,"gold_loss":50},{"damage_healed":0,"gold_gain":0,"player_choice":"Entered Light","damage_taken":14,"max_hp_gain":0,"max_hp_loss":0,"event_name":"Shining Light","floor":11,"gold_loss":0,"cards_upgraded":["Strike_G","Neutralize"]},{"damage_healed":0,"gold_gain":0,"player_choice":"Success","damage_taken":3,"relics_obtained":["Bronze Scales"],"max_hp_gain":0,"max_hp_loss":0,"event_name":"Scrap Ooze","floor":13,"gold_loss":0},{"cards_removed":["Strike_G"],"damage_healed":0,"gold_gain":0,"player_choice":"Purged","damage_taken":0,"max_hp_gain":0,"max_hp_loss":0,"event_name":"Purifier","floor":20,"gold_loss":0},{"cards_removed":["Strike_G"],"damage_healed":0,"gold_gain":0,"player_choice":"Removed Attack","damage_taken":0,"max_hp_gain":0,"max_hp_loss":0,"event_name":"Falling","floor":45,"gold_loss":0},{"damage_healed":0,"gold_gain":0,"player_choice":"Memory 1","damage_taken":0,"max_hp_gain":0,"max_hp_loss":0,"event_name":"SensoryStone","floor":48,"gold_loss":0}],"is_beta":false,"boss_relics":[{"not_picked":["Black Star","White Beast Statue"],"picked":"Runic Pyramid"},{"not_picked":["Busted Crown","Pandora\u0027s Box"],"picked":"Eternal Feather"}],"items_purged_floors":[22,31],"is_endless":false,"potions_floor_spawned":[3,5,7,18,21,25,30,33,35,37],"ascension_level":0}