{"gold_per_floor":[12,12,12,23,38,53,74,74,74,25,45,45,45,57,57,158,158,171,186,186,204,221,221,240,240,265,296,308,46,72,72,72,167,167,179,189,264,68,85,111,111,124,124,124],"floor_reached":44,"playtime":4788,"items_purged":[],"score":572,"play_id":"67d7e2b4-ab88-413e-8a8c-5c5a58e23d62","local_time":"20190115192616","is_ascension_mode":false,"campfire_choices":[{"data":"Sentinel","floor":8,"key":"SMITH"},{"data":"Rampage","floor":12,"key":"SMITH"},{"data":"Corruption","floor":15,"key":"SMITH"},{"data":"Armaments","floor":23,"key":"SMITH"},{"data":"Dual Wield","floor":25,"key":"SMITH"},{"floor":32,"key":"REST"},{"floor":41,"key":"REST"}],"neow_cost":"NO_GOLD","seed_source_timestamp":252825243005355,"circlet_count":0,"master_deck":["Bash","Purity","Purity","Shockwave","Shrug It Off","Intimidate","Shrug It Off","Sentinel+1","Shrug It Off","Rampage+1","Corruption+1","Dark Embrace","Armaments","Armaments+1","Dual Wield+1","Shrug It Off+1","Dual Wield","Burning Pact+1","Master of Strategy","Warcry","Armaments","Berserk","Juggernaut","Evolve","Inflame","Fiend Fire","Intimidate","Fiend Fire","Berserk","Flame Barrier","Offering","Burning Pact+1","Flame Barrier+1","Shrug It Off+1"],"relics":["Burning Blood","Odd Mushroom","Mercury Hourglass","Mark of Pain","Blood Vial","Nloth\u0027s Gift","Pandora\u0027s Box","Potion Belt","Girya","Meat on the Bone"],"potions_floor_usage":[7,27,28,30,30,30,30,40,40,40,42],"damage_taken":[{"damage":8,"enemies":"2 Louse","floor":1,"turns":3},{"damage":6,"enemies":"Cultist","floor":4,"turns":4},{"damage":0,"enemies":"Small Slimes","floor":5,"turns":4},{"damage":11,"enemies":"Looter","floor":6,"turns":4},{"damage":21,"enemies":"The Mushroom Lair","floor":7,"turns":10},{"damage":11,"enemies":"Large Slime","floor":11,"turns":6},{"damage":0,"enemies":"Gremlin Gang","floor":14,"turns":5},{"damage":3,"enemies":"Hexaghost","floor":16,"turns":9},{"damage":7,"enemies":"Shell Parasite","floor":18,"turns":6},{"damage":5,"enemies":"Chosen","floor":19,"turns":6},{"damage":0,"enemies":"Snake Plant","floor":21,"turns":6},{"damage":0,"enemies":"Centurion and Healer","floor":22,"turns":6},{"damage":13,"enemies":"3 Cultists","floor":24,"turns":5},{"damage":57,"enemies":"Slavers","floor":27,"turns":12},{"damage":11,"enemies":"Snake Plant","floor":28,"turns":5},{"damage":27,"enemies":"Book of Stabbing","floor":30,"turns":5},{"damage":0,"enemies":"Champ","floor":33,"turns":8},{"damage":8,"enemies":"Orb Walker","floor":35,"turns":4},{"damage":6,"enemies":"3 Darklings","floor":36,"turns":4},{"damage":6,"enemies":"Maw","floor":39,"turns":5},{"damage":63,"enemies":"Reptomancer","floor":40,"turns":6},{"damage":33,"enemies":"4 Shapes","floor":42,"turns":4},{"damage":29,"enemies":"Transient","floor":44,"turns":3}],"seed_played":"6342690548394248838","potions_obtained":[{"floor":2,"key":"EntropicBrew"},{"floor":2,"key":"GamblersBrew"},{"floor":2,"key":"Ancient Potion"},{"floor":11,"key":"Dexterity Potion"},{"floor":24,"key":"Regen Potion"},{"floor":30,"key":"Weak Potion"},{"floor":33,"key":"Weak Potion"},{"floor":40,"key":"Fire Potion"}],"is_trial":false,"path_per_floor":["M","?","$","M","M","M","?","R","T","$","M","R","?","M","R","B",null,"M","M","?","M","M","R","M","R","T","E","M","$","E","?","R","B",null,"M","M","?","$","M","E","R","M","T","M"],"character_chosen":"IRONCLAD","items_purchased":["Shrug It Off","Energy Potion","Master of Strategy","Warcry","Potion Belt","PowerPotion"],"campfire_rested":2,"item_purchase_floors":[10,29,29,29,38,38],"current_hp_per_floor":[78,78,78,78,80,75,60,60,60,60,55,55,39,45,45,48,80,79,80,80,80,80,80,73,73,73,37,32,32,19,19,43,51,80,78,80,72,72,74,19,43,18,18,0],"gold":124,"neow_bonus":"RANDOM_COLORLESS_2","is_prod":false,"is_daily":false,"chose_seed":false,"campfire_upgraded":5,"win_rate":0,"timestamp":1547542576,"path_taken":["M","?","$","?","M","M","?","R","T","$","M","R","?","M","R","BOSS","M","M","?","M","M","R","M","R","T","E","M","$","E","?","R","BOSS","M","?","?","$","?","E","R","M","T","M"],"build_version":"2019-01-10","purchased_purges":0,"victory":false,"max_hp_per_floor":[80,80,80,80,80,80,80,80,80,80,80,80,80,80,80,80,80,80,80,80,80,80,80,80,80,80,80,80,80,80,80,80,80,80,80,80,80,80,80,80,80,80,80,80],"card_choices":[{"not_picked":["Sword Boomerang","Headbutt"],"picked":"Shockwave","floor":1},{"not_picked":["Armaments","Perfected Strike"],"picked":"Shrug It Off","floor":4},{"not_picked":["Blood for Blood","Anger"],"picked":"Intimidate","floor":5},{"not_picked":["Blood for Blood","Whirlwind"],"picked":"Shrug It Off","floor":6},{"not_picked":["Heavy Blade","Hemokinesis"],"picked":"Sentinel","floor":7},{"not_picked":["Sword Boomerang","Infernal Blade"],"picked":"Rampage","floor":11},{"not_picked":["Warcry","Havoc"],"picked":"Corruption","floor":14},{"not_picked":["Barricade","Juggernaut"],"picked":"Dark Embrace","floor":16},{"not_picked":["Sword Boomerang","Pommel Strike"],"picked":"Armaments","floor":18},{"not_picked":["Heavy Blade","Anger"],"picked":"Armaments","floor":19},{"not_picked":["Havoc","Power Through"],"picked":"Shrug It Off+1","floor":21},{"not_picked":["Clash","Bloodletting+1","Ghostly Armor"],"picked":"SKIP","floor":22},{"not_picked":["Carnage","Blood for Blood","Sever Soul+1"],"picked":"SKIP","floor":24},{"not_picked":["Combust","Juggernaut"],"picked":"Dual Wield","floor":27},{"not_picked":["Body Slam+1","Headbutt"],"picked":"Burning Pact+1","floor":28},{"not_picked":["Fire Breathing","Reckless Charge"],"picked":"Armaments","floor":30},{"not_picked":["Feed","Double Tap"],"picked":"Berserk","floor":33},{"not_picked":["Armaments","Iron Wave"],"picked":"Burning Pact+1","floor":35},{"not_picked":["Second Wind+1","Clash"],"picked":"Flame Barrier+1","floor":36},{"not_picked":["Immolate","Cleave+1"],"picked":"Shrug It Off+1","floor":39},{"not_picked":["Headbutt","Perfected Strike+1","Immolate"],"picked":"SKIP","floor":40},{"not_picked":["Havoc","Flex+1","Anger+1"],"picked":"SKIP","floor":42}],"player_experience":443718,"relics_obtained":[{"floor":7,"key":"Odd Mushroom"},{"floor":9,"key":"Mercury Hourglass"},{"floor":27,"key":"Dodecahedron"},{"floor":30,"key":"Blood Vial"},{"floor":40,"key":"Girya"},{"floor":43,"key":"Meat on the Bone"}],"event_choices":[{"damage_healed":0,"gold_gain":0,"player_choice":"Got Potions","damage_taken":0,"max_hp_gain":0,"max_hp_loss":0,"event_name":"Lab","floor":2,"gold_loss":0},{"damage_healed":0,"gold_gain":0,"player_choice":"Fought Mushrooms","damage_taken":0,"max_hp_gain":0,"max_hp_loss":0,"event_name":"Mushrooms","floor":7,"gold_loss":0},{"damage_healed":0,"gold_gain":0,"player_choice":"Entered Light","damage_taken":16,"max_hp_gain":0,"max_hp_loss":0,"event_name":"Shining Light","floor":13,"gold_loss":0,"cards_upgraded":["Defend_R","Defend_R"]},{"damage_healed":0,"gold_gain":0,"player_choice":"Read","damage_taken":0,"max_hp_gain":0,"max_hp_loss":0,"event_name":"The Library","floor":20,"gold_loss":0,"cards_obtained":["Dual Wield"]},{"damage_healed":0,"gold_gain":0,"player_choice":"Traded Relic","damage_taken":0,"relics_obtained":["Nloth\u0027s Gift"],"max_hp_gain":0,"max_hp_loss":0,"event_name":"N\u0027loth","floor":31,"relics_lost":["Dodecahedron"],"gold_loss":0},{"damage_healed":0,"gold_gain":75,"player_choice":"Touch","damage_taken":8,"max_hp_gain":0,"max_hp_loss":0,"event_name":"FaceTrader","floor":37,"gold_loss":0}],"is_beta":false,"boss_relics":[{"not_picked":["Philosopher\u0027s Stone","Snecko Eye"],"picked":"Mark of Pain"},{"not_picked":["White Beast Statue","Coffee Dripper"],"picked":"Pandora\u0027s Box"}],"items_purged_floors":[],"is_endless":false,"potions_floor_spawned":[4,11,14,19,24,30,33,35,40],"killed_by":"Transient","ascension_level":0}