{"gold_per_floor":[119,132,151,151,151,176,176,229,229,247,266,266,282,292,292,369,369,387,387,404,424,437,437,447,447,447,466,466],"floor_reached":28,"playtime":1009,"items_purged":[],"score":418,"play_id":"84f9d98d-95a0-4bc9-994e-f09fc265baca","local_time":"20190124215922","is_ascension_mode":true,"campfire_choices":[{"floor":7,"key":"REST"},{"data":"Backstab","floor":12,"key":"SMITH"},{"floor":15,"key":"REST"},{"floor":23,"key":"REST"},{"floor":25,"key":"REST"}],"neow_cost":"NONE","seed_source_timestamp":130127894075631,"circlet_count":0,"master_deck":["AscendersBane","Defend_G","Defend_G","Defend_G","Defend_G","Defend_G","Strike_G","Strike_G","Strike_G","Strike_G","Strike_G","Survivor","Neutralize+1","Prepared","Riddle With Holes+1","Masterful Stab","Distraction","Backstab+1","Corpse Explosion","Die Die Die+1","Glass Knife","Footwork","Backstab","Deadly Poison+1","Dash","Burst"],"relics":["Ring of the Snake","Mercury Hourglass","Question Card","Orrery","Juzu Bracelet"],"potions_floor_usage":[11,14,16,16,20,22,27,28],"damage_taken":[{"damage":2,"enemies":"Cultist","floor":1,"turns":5},{"damage":6,"enemies":"Jaw Worm","floor":2,"turns":5},{"damage":0,"enemies":"2 Louse","floor":3,"turns":2},{"damage":32,"enemies":"3 Sentries","floor":6,"turns":12},{"damage":4,"enemies":"Blue Slaver","floor":10,"turns":3},{"damage":0,"enemies":"Looter","floor":11,"turns":2},{"damage":0,"enemies":"Lots of Slimes","floor":13,"turns":2},{"damage":0,"enemies":"Exordium Wildlife","floor":14,"turns":3},{"damage":25,"enemies":"Slime Boss","floor":16,"turns":7},{"damage":4,"enemies":"Chosen","floor":18,"turns":3},{"damage":20,"enemies":"Shell Parasite","floor":20,"turns":4},{"damage":13,"enemies":"Centurion and Healer","floor":21,"turns":5},{"damage":2,"enemies":"Cultist and Chosen","floor":22,"turns":5},{"damage":11,"enemies":"Sentry and Sphere","floor":24,"turns":3},{"damage":22,"enemies":"Snake Plant","floor":27,"turns":3},{"damage":31,"enemies":"Shelled Parasite and Fungi","floor":28,"turns":1}],"seed_played":"8619190276237362221","potions_obtained":[{"floor":6,"key":"EssenceOfSteel"},{"floor":11,"key":"SkillPotion"},{"floor":13,"key":"Poison Potion"},{"floor":14,"key":"Poison Potion"},{"floor":16,"key":"Block Potion"},{"floor":21,"key":"Dexterity Potion"},{"floor":24,"key":"SteroidPotion"},{"floor":27,"key":"Regen Potion"}],"is_trial":false,"path_per_floor":["M","M","M","?","?","E","R","?","T","M","M","R","M","M","R","B",null,"M","?","M","M","M","R","M","R","T","M","M"],"character_chosen":"THE_SILENT","items_purchased":[],"campfire_rested":4,"item_purchase_floors":[],"current_hp_per_floor":[57,51,51,51,51,19,38,38,38,34,34,34,34,34,53,28,57,53,53,33,20,18,37,26,45,45,23,0],"gold":466,"neow_bonus":"UPGRADE_CARD","is_prod":false,"is_daily":false,"chose_seed":false,"campfire_upgraded":1,"win_rate":0,"timestamp":1548334762,"path_taken":["M","M","M","?","?","E","R","?","T","M","M","R","M","?","R","BOSS","M","?","M","?","M","R","M","R","T","M","M"],"build_version":"2019-01-23","purchased_purges":0,"victory":false,"max_hp_per_floor":[66,66,66,66,66,66,66,66,66,66,66,66,66,66,66,66,66,66,66,66,66,66,66,66,66,66,66,66],"card_choices":[{"not_picked":["Poisoned Stab","Quick Slash"],"picked":"Prepared","floor":1},{"not_picked":["Distraction","Quick Slash"],"picked":"Riddle With Holes","floor":2},{"not_picked":["Caltrops","Well Laid Plans"],"picked":"Masterful Stab","floor":3},{"not_picked":["Slice","Dodge and Roll","Sucker Punch"],"picked":"SKIP","floor":6},{"not_picked":["Wraith Form v2","Outmaneuver","Underhanded Strike"],"picked":"Distraction","floor":10},{"not_picked":["Calculated Gamble","Dagger Throw","Backflip"],"picked":"Backstab","floor":11},{"not_picked":["Dodge and Roll","Blade Dance","Cloak And Dagger","Infinite Blades"],"picked":"SKIP","floor":13},{"not_picked":["Dodge and Roll","Flechettes","Tactician"],"picked":"Corpse Explosion","floor":14},{"not_picked":["Corpse Explosion","Envenom","Storm of Steel"],"picked":"Die Die Die","floor":16},{"not_picked":["Flying Knee","Cloak And Dagger","Heel Hook"],"picked":"Glass Knife","floor":17},{"not_picked":["Sucker Punch","Underhanded Strike","Slice"],"picked":"Footwork","floor":17},{"not_picked":["Infinite Blades","Underhanded Strike","Deadly Poison"],"picked":"Backstab","floor":17},{"not_picked":["Reflex","Infinite Blades","Endless Agony","Backstab"],"picked":"SKIP","floor":18},{"not_picked":["Finisher+1","Sucker Punch","Caltrops"],"picked":"Deadly Poison+1","floor":20},{"not_picked":["Bane","Predator","Acrobatics","Poisoned Stab"],"picked":"SKIP","floor":21},{"not_picked":["Predator","Choke+1","Dagger Spray"],"picked":"Dash","floor":22},{"not_picked":["Outmaneuver","Poisoned Stab","Concentrate","Endless Agony"],"picked":"SKIP","floor":24},{"not_picked":["Masterful Stab","Endless Agony","Dagger Spray"],"picked":"Burst","floor":27}],"player_experience":449482,"relics_obtained":[{"floor":6,"key":"Mercury Hourglass"},{"floor":9,"key":"Question Card"},{"floor":26,"key":"Juzu Bracelet"}],"event_choices":[{"damage_healed":0,"gold_gain":0,"player_choice":"Grow","damage_taken":0,"max_hp_gain":0,"max_hp_loss":0,"event_name":"Living Wall","floor":4,"gold_loss":0,"cards_upgraded":["Riddle With Holes"]},{"damage_healed":0,"gold_gain":0,"player_choice":"Ignored","damage_taken":0,"max_hp_gain":0,"max_hp_loss":0,"event_name":"Liars Game","floor":5,"gold_loss":0},{"damage_healed":0,"gold_gain":53,"player_choice":"Gained Gold","damage_taken":0,"max_hp_gain":0,"max_hp_loss":0,"event_name":"Golden Wing","floor":8,"gold_loss":0},{"damage_healed":0,"gold_gain":0,"player_choice":"Forge","damage_taken":0,"max_hp_gain":0,"max_hp_loss":0,"event_name":"Accursed Blacksmith","floor":19,"gold_loss":0,"cards_upgraded":["Die Die Die"]}],"is_beta":false,"boss_relics":[{"not_picked":["Coffee Dripper","WristBlade"],"picked":"Orrery"}],"items_purged_floors":[],"is_endless":false,"potions_floor_spawned":[6,11,13,14,16,21,24,27],"killed_by":"Shelled Parasite and Fungi","ascension_level":17}