{"gold_per_floor":[112,122,122,141,156,156,156,331,382,402,6,45,80,95,95,221,221,245,268,291,291,314,380,434,434,460,460],"floor_reached":27,"playtime":1961,"items_purged":["Doubt"],"score":305,"play_id":"279df92d-eff4-4d95-b9a2-551f27738b18","local_time":"20180717005238","is_ascension_mode":true,"campfire_choices":[{"data":"Storm of Steel","floor":6,"key":"SMITH"},{"data":"A Thousand Cuts","floor":15,"key":"SMITH"}],"neow_cost":"NONE","seed_source_timestamp":441169991406132,"circlet_count":0,"master_deck":["Defend_G","Defend_G","Defend_G","Defend_G","Defend_G","Strike_G","Strike_G","Strike_G","Strike_G","Strike_G","Survivor","Neutralize","Deadly Poison","Storm of Steel+1","Cloak And Dagger","Sucker Punch","Poisoned Stab","Infinite Blades","A Thousand Cuts+1","Cloak And Dagger","Acrobatics","Footwork","Expertise","Outmaneuver","Dagger Spray","Phantasmal Killer","Normality"],"relics":["Ring of the Snake","Lantern","Golden Idol","Orichalcum","Darkstone Periapt","Centennial Puzzle","Odd Mushroom","Cursed Key","Tiny Chest","Bronze Scales","Spirit Poop","Happy Flower"],"potions_floor_usage":[12,13,16,16,18,23,27],"damage_taken":[{"damage":0,"enemies":"Jaw Worm","floor":1,"turns":5},{"damage":0,"enemies":"Small Slimes","floor":2,"turns":3},{"damage":0,"enemies":"2 Louse","floor":4,"turns":2},{"damage":8,"enemies":"Blue Slaver","floor":5,"turns":4},{"damage":2,"enemies":"Looter","floor":10,"turns":3},{"damage":13,"enemies":"3 Sentries","floor":12,"turns":6},{"damage":13,"floor":13,"turns":4},{"damage":0,"enemies":"3 Louse","floor":14,"turns":2},{"damage":14,"enemies":"Hexaghost","floor":16,"turns":7},{"damage":0,"enemies":"Chosen","floor":18,"turns":4},{"damage":9,"enemies":"3 Byrds","floor":19,"turns":4},{"damage":5,"enemies":"Centurion and Healer","floor":20,"turns":5},{"damage":3,"enemies":"Snecko","floor":22,"turns":3},{"damage":15,"enemies":"Slavers","floor":23,"turns":5},{"damage":42,"enemies":"Book of Stabbing","floor":27,"turns":4}],"seed_played":"8244765766434259712","potions_obtained":[{"floor":2,"key":"Ancient Potion"},{"floor":5,"key":"Fire Potion"},{"floor":10,"key":"PowerPotion"},{"floor":12,"key":"Regen Potion"},{"floor":14,"key":"PowerPotion"},{"floor":18,"key":"PowerPotion"},{"floor":23,"key":"AttackPotion"}],"is_trial":false,"path_per_floor":["M","M","?","M","M","R","?","?","T","M","$","E","?","M","R","B",null,"M","M","M","?","M","E","T","?","T"],"character_chosen":"THE_SILENT","items_purchased":["Infinite Blades","Darkstone Periapt"],"campfire_rested":0,"item_purchase_floors":[11,11],"current_hp_per_floor":[63,63,46,46,38,38,61,61,61,59,59,46,45,45,45,31,60,60,51,46,46,43,28,34,34,40,0],"gold":460,"neow_bonus":"RANDOM_COMMON_RELIC","is_prod":false,"is_daily":false,"chose_seed":false,"campfire_upgraded":2,"win_rate":0,"timestamp":1531754558,"path_taken":["M","M","?","M","M","R","?","?","T","M","$","E","?","M","R","BOSS","M","M","M","?","M","E","?","?","T","E"],"build_version":"2018-07-12","purchased_purges":1,"victory":false,"max_hp_per_floor":[70,70,70,70,70,70,70,70,70,70,70,70,70,70,70,70,70,70,70,70,70,70,70,76,76,82,82],"card_choices":[{"not_picked":["Flying Knee","Outmaneuver"],"picked":"Deadly Poison","floor":1},{"not_picked":["Slice","Flying Knee"],"picked":"Storm of Steel","floor":2},{"not_picked":["Backflip","Bane"],"picked":"Cloak And Dagger","floor":4},{"not_picked":["Dagger Throw","Eviscerate"],"picked":"Sucker Punch","floor":5},{"not_picked":["Dash","Expertise"],"picked":"Poisoned Stab","floor":10},{"not_picked":["Crippling Poison","Backflip"],"picked":"A Thousand Cuts","floor":12},{"not_picked":["Distraction","Outmaneuver"],"picked":"Cloak And Dagger","floor":13},{"not_picked":["Deadly Poison","Masterful Stab"],"picked":"Acrobatics","floor":14},{"not_picked":["Bullet Time","Grand Finale"],"picked":"After Image","floor":16},{"not_picked":["Backflip","Catalyst"],"picked":"Footwork","floor":18},{"not_picked":["Sucker Punch","Reflex+1"],"picked":"Expertise","floor":19},{"not_picked":["Endless Agony","Backflip"],"picked":"Outmaneuver","floor":20},{"not_picked":["Underhanded Strike","PiercingWail"],"picked":"Dagger Spray","floor":22},{"not_picked":["Eviscerate","Cloak And Dagger"],"picked":"Phantasmal Killer","floor":23}],"player_experience":168381,"relics_obtained":[{"floor":9,"key":"Orichalcum"},{"floor":12,"key":"Centennial Puzzle"},{"floor":13,"key":"Odd Mushroom"},{"floor":23,"key":"Tiny Chest"},{"floor":24,"key":"Bronze Scales"},{"floor":26,"key":"Happy Flower"}],"event_choices":[{"event_name":"Golden Idol","player_choice":"Take Damage","floor":3,"damage_taken":0},{"event_name":"Big Fish","player_choice":"Banana","floor":7,"damage_taken":0},{"event_name":"Liars Game","player_choice":"agreed","floor":8,"damage_taken":0},{"event_name":"Mushrooms","player_choice":"Fought Mushrooms","floor":13,"damage_taken":0},{"event_name":"Back to Basics","player_choice":"Elegance","floor":21,"damage_taken":0},{"event_name":"Bonfire Elementals","player_choice":"CURSE","floor":25,"damage_taken":0}],"boss_relics":[{"not_picked":["Eternal Feather","Black Star"],"picked":"Cursed Key"}],"items_purged_floors":[11],"is_endless":false,"potions_floor_spawned":[2,5,10,12,14,18,23],"killed_by":"Book of Stabbing","ascension_level":6}