{"gold_per_floor":[115,135,210,385,399,425,74,74,74,74,74,89,89,89,89,184,184,199,199,217,8,26,26,26,40,40,53,53,70,87,87,87,190,190,209,229,244,244,244,244,271,26,51,70,84,84,84,96,96,96],"floor_reached":51,"playtime":2935,"items_purged":["Doubt","Pain"],"score":1161,"play_id":"2e62b73e-bc93-4374-bc20-5dcc3fc3f68b","local_time":"20180714201418","is_ascension_mode":true,"campfire_choices":[{"floor":8.0,"key":"REST"},{"data":"Malaise","floor":10.0,"key":"SMITH"},{"data":"Blade Dance","floor":15.0,"key":"SMITH"},{"data":"After Image","floor":23.0,"key":"SMITH"},{"floor":32.0,"key":"REST"},{"floor":40,"key":"REST"},{"data":"After Image","floor":49,"key":"SMITH"}],"neow_cost":"NONE","seed_source_timestamp":0,"circlet_count":0,"master_deck":["Survivor","Neutralize+1","Dagger Spray","Riddle With Holes","Blade Dance+1","Backstab","Backflip","Acrobatics+1","Quick Slash","Malaise+1","Prepared","Slice","Cloak And Dagger","PiercingWail","PiercingWail","Deadly Poison+1","Footwork","Quick Slash","Storm of Steel","Quick Slash+1","Necronomicurse","Deadly Poison+1","After Image+1","Die Die Die","After Image+1","Writhe","Poisoned Stab+1","Blade Dance","Riddle With Holes","Distraction+1","Clumsy","Parasite","Cloak And Dagger","Deadly Poison","Predator","Riddle With Holes","Escape Plan+1","Terror+1","Madness","Madness"],"special_seed":0,"relics":["Pandora\u0027s Box","Mango","TwistedFunnel","Du-Vu Doll","FaceOfCleric","Sozu","Necronomicon","War Paint","Mercury Hourglass","Calling Bell","Bag of Marbles","Smiling Mask","The Specimen","Tingsha","Blood Vial","Vajra","Juzu Bracelet"],"potions_floor_usage":[],"damage_taken":[{"damage":3.0,"enemies":"2 Louse","floor":1.0,"turns":2.0},{"damage":1.0,"enemies":"Small Slimes","floor":2.0,"turns":2.0},{"damage":0.0,"enemies":"Cultist","floor":5.0,"turns":3.0},{"damage":36.0,"enemies":"Lagavulin","floor":6.0,"turns":7.0},{"damage":6.0,"enemies":"Exordium Wildlife","floor":12.0,"turns":3.0},{"damage":28.0,"enemies":"Hexaghost","floor":16.0,"turns":12.0},{"damage":0.0,"enemies":"3 Byrds","floor":18.0,"turns":2.0},{"damage":0.0,"enemies":"Spheric Guardian","floor":20.0,"turns":1.0},{"damage":12.0,"enemies":"Snecko","floor":22.0,"turns":3.0},{"damage":17.0,"enemies":"Centurion and Healer","floor":25.0,"turns":4.0},{"damage":11.0,"enemies":"Snake Plant","floor":27.0,"turns":3.0},{"damage":0.0,"enemies":"Sentry and Sphere","floor":29.0,"turns":3.0},{"damage":3.0,"enemies":"Centurion and Healer","floor":30.0,"turns":4.0},{"damage":54.0,"enemies":"Automaton","floor":33.0,"turns":9.0},{"damage":19,"enemies":"3 Shapes","floor":35,"turns":5},{"damage":0,"enemies":"Orb Walker","floor":36,"turns":1},{"damage":12,"enemies":"Maw","floor":37,"turns":7},{"damage":15,"floor":38,"turns":4},{"damage":39,"enemies":"2 Orb Walkers","floor":41,"turns":5},{"damage":0,"enemies":"Sphere and 2 Shapes","floor":44,"turns":3},{"damage":0,"enemies":"Flame Bruiser 2 Orb","floor":45,"turns":1},{"damage":5,"enemies":"3 Darklings","floor":48,"turns":3},{"damage":107,"enemies":"Awakened One","floor":50,"turns":9}],"seed_played":"-5048947844595297023","potions_obtained":[{"floor":2.0,"key":"Dexterity Potion"},{"floor":16.0,"key":"AttackPotion"}],"is_trial":false,"path_per_floor":["M","M","?","?","M","E","$","R","T","R","?","M","?","?","R","B",null,"M","?","M","$","M","R","?","M","T","M","?","M","M","?","R","B",null,"M","M","M","?","?","R","E","$","T","M","M","?","?","M","R","B"],"character_chosen":"THE_SILENT","items_purchased":["TwistedFunnel","Footwork","After Image","Die Die Die","Vajra","Riddle With Holes"],"campfire_rested":3,"item_purchase_floors":[7,7,21,21,42,42],"current_hp_per_floor":[67,66,55,55,55,33,33,58,58,58,58,53,81,81,81,54,78,79,63,64,64,53,53,53,37,37,27,27,28,26,57,84,31,78,60,61,50,36,36,65,27,27,27,30,33,20,111,107,107,3],"gold":96,"neow_bonus":"BOSS_RELIC","is_prod":false,"is_daily":false,"chose_seed":false,"campfire_upgraded":4,"win_rate":0,"timestamp":1531613658,"path_taken":["M","M","?","?","M","E","?","R","T","R","?","?","?","?","R","BOSS","M","?","M","$","?","R","?","M","T","M","?","M","M","?","R","BOSS","M","M","?","?","?","R","E","$","T","M","M","?","?","M","R","BOSS"],"build_version":"2018-07-12","purchased_purges":2,"victory":true,"max_hp_per_floor":[70,70,70,70,70,84,84,84,84,84,84,85,85,85,85,86,86,87,87,88,88,89,89,89,90,90,91,91,92,93,93,93,94,94,95,96,97,98,98,98,99,99,99,100,101,101,111,112,112,113],"card_choices":[{"not_picked":["Prepared","Slice"],"picked":"Cloak And Dagger","floor":1.0},{"not_picked":["Riddle With Holes","Calculated Gamble"],"picked":"PiercingWail","floor":2.0},{"not_picked":["Acrobatics","Distraction"],"picked":"PiercingWail","floor":5.0},{"not_picked":["Reflex","Poisoned Stab"],"picked":"Deadly Poison","floor":6.0},{"not_picked":["Dodge and Roll","Eviscerate"],"picked":"Quick Slash","floor":12.0},{"not_picked":["Burst","Doppelganger"],"picked":"Storm of Steel","floor":16.0},{"not_picked":["Acrobatics","Dodge and Roll"],"picked":"Quick Slash+1","floor":18.0},{"not_picked":["Prepared","Slice"],"picked":"Deadly Poison+1","floor":20.0},{"not_picked":["Dagger Spray+1","Flying Knee+1"],"picked":"After Image","floor":22.0},{"not_picked":["Expertise","Caltrops"],"picked":"Poisoned Stab+1","floor":25.0},{"not_picked":["Bane+1","PiercingWail"],"picked":"Blade Dance","floor":27.0},{"not_picked":["Leg Sweep+1","Catalyst"],"picked":"Riddle With Holes","floor":29.0},{"not_picked":["Deadly Poison","Deflect"],"picked":"Distraction+1","floor":30.0},{"not_picked":["Unload","Venomology"],"picked":"Storm of Steel","floor":33.0},{"not_picked":["Bouncing Flask+1","Slice+1"],"picked":"Cloak And Dagger","floor":35},{"not_picked":["Outmaneuver+1","Acrobatics+1","Deflect"],"picked":"SKIP","floor":36},{"not_picked":["Cloak And Dagger","Underhanded Strike"],"picked":"Deadly Poison","floor":37},{"not_picked":["Deadly Poison+1","Underhanded Strike+1"],"picked":"Predator","floor":38},{"not_picked":["Quick Slash","Bane","Flying Knee"],"picked":"SKIP","floor":41},{"not_picked":["Calculated Gamble","Prepared"],"picked":"Escape Plan+1","floor":44},{"not_picked":["Corpse Explosion","Predator"],"picked":"Terror+1","floor":45},{"not_picked":["Sucker Punch+1","Terror","Quick Slash+1"],"picked":"SKIP","floor":48}],"player_experience":1098386,"relics_obtained":[{"floor":6.0,"key":"Mango"},{"floor":9.0,"key":"Du-Vu Doll"},{"floor":19.0,"key":"Necronomicon"},{"floor":26.0,"key":"Mercury Hourglass"},{"floor":34.0,"key":"Bag of Marbles"},{"floor":34.0,"key":"Smiling Mask"},{"floor":34.0,"key":"The Specimen"},{"floor":38,"key":"Tingsha"},{"floor":41,"key":"Blood Vial"},{"floor":43,"key":"Juzu Bracelet"}],"event_choices":[{"event_name":"World of Goop","player_choice":"Gather Gold","floor":3.0,"damage_taken":0.0},{"event_name":"Liars Game","player_choice":"agreed","floor":4.0,"damage_taken":0.0},{"event_name":"FaceTrader","player_choice":"Trade","floor":11.0,"damage_taken":0.0},{"event_name":"Big Fish","player_choice":"Banana","floor":13.0,"damage_taken":0.0},{"event_name":"Living Wall","player_choice":"Grow","floor":14.0,"damage_taken":0.0},{"event_name":"Cursed Tome","player_choice":"Obtained Book","floor":19.0,"damage_taken":0.0},{"event_name":"The Mausoleum","player_choice":"Yes","floor":24.0,"damage_taken":0.0},{"event_name":"Beggar","player_choice":"Ignored","floor":28.0,"damage_taken":0.0},{"event_name":"The Library","player_choice":"Heal","floor":31.0,"damage_taken":0.0},{"event_name":"MindBloom","player_choice":"Fight","floor":38,"damage_taken":0},{"event_name":"Mysterious Sphere","player_choice":"Ignore","floor":39,"damage_taken":0},{"event_name":"Winding Halls","player_choice":"Embrace Madness","floor":46,"damage_taken":0},{"event_name":"Bonfire Elementals","player_choice":"RARE","floor":47,"damage_taken":0}],"boss_relics":[{"not_picked":["Philosopher\u0027s Stone","Empty Cage"],"picked":"Sozu"},{"not_picked":["Snecko Eye","Velvet Choker"],"picked":"Calling Bell"}],"items_purged_floors":[7,42],"is_endless":false,"potions_floor_spawned":[2,16,18,27,30,33,35,36,44,45,48],"ascension_level":5}