{"gold_per_floor":[118,134,2,21,38,65,65,65,65,25,54,54,68,79,79,176,226,216,234,234,16,16,31,49,67,67,67],"floor_reached":27,"playtime":2427,"items_purged":[],"score":250,"play_id":"6e9e7b7c-ca14-4ed0-b747-74270b49a854","local_time":"20181017005407","is_ascension_mode":true,"campfire_choices":[{"data":"Armaments","floor":7,"key":"SMITH"},{"floor":12,"key":"REST"},{"data":"1","floor":15,"key":"LIFT"}],"neow_cost":"NONE","seed_source_timestamp":170689658933025,"circlet_count":0,"master_deck":["Strike_R","Strike_R","Strike_R","Strike_R","Strike_R","Defend_R","Defend_R","Defend_R","Defend_R","Bash","Headbutt+1","Whirlwind","Armaments+1","Metallicize","Intimidate+1","Infernal Blade","Demon Form","Shrug It Off","Wild Strike","Disarm+1","Offering","Twin Strike+1","True Grit","Metallicize","Iron Wave+1","Cleave+1"],"relics":["Burning Blood","Omamori","Anchor","Darkstone Periapt","Girya","Tiny House","War Paint","Toxic Egg 2"],"potions_floor_usage":[5,5,6,11,11,11,23,24,24,25,27],"damage_taken":[{"damage":0,"enemies":"Small Slimes","floor":1,"turns":3},{"damage":6,"enemies":"Cultist","floor":2,"turns":3},{"damage":1,"enemies":"2 Louse","floor":4,"turns":3},{"damage":19,"enemies":"Exordium Thugs","floor":5,"turns":10},{"damage":25,"enemies":"Lagavulin","floor":6,"turns":7},{"damage":16,"enemies":"3 Sentries","floor":11,"turns":7},{"damage":0,"enemies":"3 Louse","floor":13,"turns":1},{"damage":0,"enemies":"Lots of Slimes","floor":14,"turns":1},{"damage":38,"enemies":"Hexaghost","floor":16,"turns":11},{"damage":9,"enemies":"2 Thieves","floor":18,"turns":4},{"damage":9,"enemies":"3 Byrds","floor":19,"turns":5},{"damage":8,"enemies":"Shelled Parasite and Fungi","floor":23,"turns":10},{"damage":37,"enemies":"Snake Plant","floor":24,"turns":3},{"damage":28,"enemies":"Snecko","floor":25,"turns":6},{"damage":42,"enemies":"Slavers","floor":27,"turns":4}],"seed_played":"4170843387359177111","potions_obtained":[{"floor":1,"key":"EssenceOfSteel"},{"floor":5,"key":"Fire Potion"},{"floor":10,"key":"SneckoOil"},{"floor":10,"key":"BloodPotion"},{"floor":10,"key":"BloodPotion"},{"floor":17,"key":"EssenceOfSteel"},{"floor":18,"key":"PowerPotion"},{"floor":20,"key":"Dexterity Potion"},{"floor":20,"key":"FearPotion"},{"floor":24,"key":"Block Potion"},{"floor":25,"key":"Regen Potion"}],"is_trial":false,"path_per_floor":["M","M","$","M","M","E","R","?","T","?","E","R","M","M","R","B",null,"M","M","?","$","?","M","M","M","T"],"character_chosen":"IRONCLAD","items_purchased":["Armaments","Metallicize","Block Potion","War Paint","Metallicize"],"campfire_rested":1,"item_purchase_floors":[3,3,3,21,21],"current_hp_per_floor":[80,80,80,80,67,48,48,48,48,48,54,78,80,80,80,48,85,82,79,79,79,79,77,46,24,24,0],"gold":67,"neow_bonus":"RANDOM_COMMON_RELIC","is_prod":false,"is_daily":false,"chose_seed":false,"campfire_upgraded":1,"win_rate":0,"timestamp":1539755647,"path_taken":["M","M","$","M","M","E","R","?","T","?","E","R","M","M","R","BOSS","M","M","?","$","?","M","M","?","T","E"],"build_version":"2018-10-15v2","purchased_purges":0,"victory":false,"max_hp_per_floor":[80,80,80,80,80,80,80,80,80,80,80,80,80,80,80,80,85,85,85,85,85,85,85,85,85,85,85],"card_choices":[{"not_picked":["Dropkick","Iron Wave"],"picked":"Headbutt","floor":1},{"not_picked":["Sentinel","Feel No Pain"],"picked":"Whirlwind","floor":2},{"not_picked":["Feel No Pain","Hemokinesis"],"picked":"Intimidate","floor":4},{"not_picked":["Cleave","Flex"],"picked":"Infernal Blade","floor":5},{"not_picked":["Havoc","Whirlwind"],"picked":"Demon Form","floor":6},{"not_picked":["Corruption","True Grit"],"picked":"Shrug It Off","floor":11},{"not_picked":["Burning Pact","Rage"],"picked":"Wild Strike","floor":13},{"not_picked":["Twin Strike","Combust"],"picked":"Disarm","floor":14},{"not_picked":["Feed","Bludgeon"],"picked":"Offering","floor":16},{"not_picked":["Anger","Heavy Blade+1"],"picked":"Twin Strike+1","floor":18},{"not_picked":["Pommel Strike","Cleave"],"picked":"True Grit","floor":19},{"not_picked":["Dropkick","Heavy Blade"],"picked":"Iron Wave+1","floor":23},{"not_picked":["Pommel Strike","Metallicize","Body Slam+1"],"picked":"SKIP","floor":24},{"not_picked":["Thunderclap","Anger"],"picked":"Cleave+1","floor":25}],"player_experience":422809,"relics_obtained":[{"floor":6,"key":"Anchor"},{"floor":9,"key":"Darkstone Periapt"},{"floor":11,"key":"Girya"},{"floor":26,"key":"Toxic Egg 2"}],"event_choices":[{"event_name":"Scrap Ooze","player_choice":"unsuccessful","floor":8,"damage_taken":0},{"event_name":"The Woman in Blue","player_choice":"Bought 3 Potions","floor":10,"damage_taken":0},{"event_name":"The Lab","player_choice":"Got Potions","floor":20,"damage_taken":0},{"event_name":"Ghosts","player_choice":"Ignored","floor":22,"damage_taken":0}],"is_beta":true,"boss_relics":[{"not_picked":["Runic Pyramid","Coffee Dripper"],"picked":"Tiny House"}],"items_purged_floors":[],"is_endless":false,"potions_floor_spawned":[1,5,18,24,25],"killed_by":"Slavers","ascension_level":2}