{"gold_per_floor":[16,32,32,32,32,32,50,17,17,32,46,1,1,14,14,14],"floor_reached":16,"playtime":490,"items_purged":[],"score":92,"play_id":"548b9bb4-5006-4185-b96a-6583403e6c1f","local_time":"20180814231332","is_ascension_mode":false,"campfire_choices":[{"data":"Impervious","floor":6,"key":"SMITH"},{"data":"Fire Breathing","floor":13,"key":"SMITH"},{"data":"Metallicize","floor":15,"key":"SMITH"}],"neow_cost":"NO_GOLD","seed_source_timestamp":46875625100981,"circlet_count":0,"master_deck":["Strike_R","Strike_R","Strike_R","Strike_R","Defend_R","Defend_R","Bash","Pommel Strike","Impervious+1","Metallicize+1","Fire Breathing+1","Headbutt","Wild Strike","Cleave","Dropkick"],"relics":["Burning Blood"],"potions_floor_usage":[16],"damage_taken":[{"damage":0,"enemies":"Small Slimes","floor":1,"turns":3},{"damage":1,"enemies":"Cultist","floor":2,"turns":3},{"damage":0,"enemies":"Jaw Worm","floor":7,"turns":3},{"damage":5,"enemies":"Looter","floor":10,"turns":4},{"damage":20,"enemies":"Red Slaver","floor":11,"turns":5},{"damage":6,"enemies":"2 Fungi Beasts","floor":14,"turns":2},{"damage":68,"enemies":"Hexaghost","floor":16,"turns":9}],"seed_played":"-6413763461808154207","potions_obtained":[{"floor":1,"key":"SpeedPotion"},{"floor":11,"key":"Explosive Potion"}],"is_trial":false,"path_per_floor":["M","M","?","?","?","R","M","$","T","M","M","$","R","M","R"],"character_chosen":"IRONCLAD","items_purchased":["Fire Breathing","Cleave"],"campfire_rested":0,"item_purchase_floors":[8,12],"current_hp_per_floor":[80,80,80,72,72,72,78,78,78,79,65,65,65,65,65,0],"gold":14,"neow_bonus":"REMOVE_TWO","is_prod":false,"is_daily":false,"chose_seed":false,"campfire_upgraded":3,"win_rate":0,"timestamp":1534254212,"path_taken":["M","M","?","?","?","R","M","?","T","M","M","$","R","M","R","BOSS"],"build_version":"2018-08-09","purchased_purges":0,"victory":false,"max_hp_per_floor":[80,80,80,80,80,80,80,80,80,80,80,80,80,80,80,80],"card_choices":[{"not_picked":["Ghostly Armor","Headbutt"],"picked":"Pommel Strike","floor":1},{"not_picked":["Power Through","Hemokinesis","Sword Boomerang"],"picked":"SKIP","floor":2},{"not_picked":["Anger","Dual Wield"],"picked":"Metallicize","floor":7},{"not_picked":["Havoc","Disarm"],"picked":"Headbutt","floor":10},{"not_picked":["Reckless Charge","True Grit"],"picked":"Wild Strike","floor":11},{"not_picked":["Havoc","Warcry"],"picked":"Dropkick","floor":14}],"player_experience":352988,"relics_obtained":[],"event_choices":[{"event_name":"Living Wall","player_choice":"Forget","floor":3,"damage_taken":0},{"event_name":"Wheel of Change","player_choice":"Damage","floor":4,"damage_taken":0},{"event_name":"Match and Keep!","player_choice":"1 cards matched","floor":5,"damage_taken":0}],"is_beta":false,"boss_relics":[],"items_purged_floors":[],"is_endless":false,"potions_floor_spawned":[1,11],"killed_by":"Hexaghost","ascension_level":0}