{"gold_per_floor":[114,139,153,173,173,173,207,28,28,59,59,86,86,103,103,103],"floor_reached":16,"playtime":1233,"items_purged":["Strike_G"],"score":165,"play_id":"82d6c01e-e026-465b-b9a6-522c73ad0021","local_time":"20180731145859","is_ascension_mode":true,"campfire_choices":[{"data":"Noxious Fumes","floor":6,"key":"SMITH"},{"data":"Catalyst","floor":11,"key":"SMITH"},{"floor":13,"key":"REST"},{"floor":15,"key":"REST"}],"neow_cost":"NONE","seed_source_timestamp":390910647786257,"circlet_count":0,"master_deck":["Defend_G","Defend_G","Defend_G","Defend_G","Defend_G","Strike_G","Strike_G","Strike_G","Strike_G","Survivor","Neutralize+1","Dodge and Roll","Noxious Fumes+1","Dagger Spray","Catalyst+1","Dash+1","Blur+1"],"relics":["Ring of the Snake","Centennial Puzzle","Molten Egg 2","Blue Candle","Gremlin Horn","Toxic Egg 2"],"potions_floor_usage":[16,16],"damage_taken":[{"damage":0,"enemies":"Cultist","floor":1,"turns":5},{"damage":0,"enemies":"Jaw Worm","floor":3,"turns":5},{"damage":0,"enemies":"2 Louse","floor":4,"turns":4},{"damage":11,"enemies":"3 Sentries","floor":7,"turns":7},{"damage":29,"enemies":"Lagavulin","floor":10,"turns":10},{"damage":16,"enemies":"3 Sentries","floor":12,"turns":6},{"damage":6,"enemies":"Exordium Wildlife","floor":14,"turns":4},{"damage":69,"enemies":"Slime Boss","floor":16,"turns":11}],"seed_played":"-4991530758216206890","potions_obtained":[{"floor":3,"key":"PowerPotion"},{"floor":10,"key":"Regen Potion"}],"is_trial":false,"path_per_floor":["M","T","M","M","?","R","E","$","T","E","R","E","R","M","R"],"character_chosen":"THE_SILENT","items_purchased":["Weak Potion","FearPotion"],"campfire_rested":2,"item_purchase_floors":[8,8],"current_hp_per_floor":[63,63,63,63,63,63,52,52,52,23,23,7,28,22,43,0],"gold":103,"neow_bonus":"UPGRADE_CARD","is_prod":false,"is_daily":false,"chose_seed":false,"campfire_upgraded":2,"win_rate":0,"timestamp":1533067139,"path_taken":["M","?","M","M","?","R","E","?","T","E","R","E","R","?","R","BOSS"],"build_version":"2018-07-30","purchased_purges":1,"victory":false,"max_hp_per_floor":[70,70,70,70,70,70,70,70,70,70,70,70,70,70,70,70],"card_choices":[{"not_picked":["Bane","Distraction"],"picked":"Dodge and Roll","floor":1},{"not_picked":["Acrobatics","Deadly Poison"],"picked":"Noxious Fumes","floor":3},{"not_picked":["Blade Dance","Acrobatics"],"picked":"Dagger Spray","floor":4},{"not_picked":["Escape Plan","Venomology","Flying Knee"],"picked":"SKIP","floor":7},{"not_picked":["Acrobatics","Poisoned Stab+1"],"picked":"Catalyst","floor":10},{"not_picked":["Choke+1","Expertise"],"picked":"Dash+1","floor":12},{"not_picked":["Dodge and Roll+1","Deadly Poison+1"],"picked":"Blur+1","floor":14}],"player_experience":309620,"relics_obtained":[{"floor":2,"key":"Centennial Puzzle"},{"floor":7,"key":"Molten Egg 2"},{"floor":9,"key":"Blue Candle"},{"floor":10,"key":"Gremlin Horn"},{"floor":12,"key":"Toxic Egg 2"}],"event_choices":[{"event_name":"Match and Keep!","player_choice":"0 cards matched","floor":5,"damage_taken":0}],"is_beta":true,"boss_relics":[],"items_purged_floors":[8],"is_endless":false,"potions_floor_spawned":[3,10,12],"killed_by":"Slime Boss","ascension_level":8}