{"gold_per_floor":[113,130,80,97,49,49,63,63,63,63,80,114,114,133,133,232,232,243,63,77,88,88,123,123,138,138,150,162,62,81,93,93,93],"floor_reached":33,"playtime":1630,"items_purged":["Strike_G","Defend_G"],"score":287,"play_id":"142c992c-cefc-48c3-8df1-b5d08372b01d","local_time":"20190209192757","is_ascension_mode":true,"campfire_choices":[{"floor":6,"key":"RECALL"},{"data":"Storm of Steel","floor":8,"key":"SMITH"},{"data":"A Thousand Cuts","floor":10,"key":"SMITH"},{"floor":15,"key":"REST"},{"floor":24,"key":"REST"},{"floor":32,"key":"REST"}],"neow_cost":"NONE","seed_source_timestamp":12213498426796,"circlet_count":0,"master_deck":["Defend_G","Defend_G","Defend_G","Strike_G","Strike_G","Strike_G","Strike_G","Survivor","Neutralize","A Thousand Cuts+1","Cloak And Dagger+1","Well Laid Plans","Slice","Prepared","Storm of Steel+1","Choke","Blade Dance","After Image","Flash of Steel","Acrobatics","Escape Plan"],"relics":["Ring of the Snake","Ornamental Fan","WristBlade","Question Card","Letter Opener"],"potions_floor_usage":[12,16,23,30,30,30,33],"damage_taken":[{"damage":7,"enemies":"Small Slimes","floor":1,"turns":4},{"damage":0,"enemies":"2 Louse","floor":2,"turns":4},{"damage":3,"enemies":"Jaw Worm","floor":4,"turns":4},{"damage":15,"enemies":"Lots of Slimes","floor":7,"turns":4},{"damage":7,"enemies":"Red Slaver","floor":11,"turns":4},{"damage":16,"enemies":"Lagavulin","floor":12,"turns":5},{"damage":0,"enemies":"Large Slime","floor":14,"turns":4},{"damage":39,"enemies":"Hexaghost","floor":16,"turns":10},{"damage":7,"enemies":"Chosen","floor":18,"turns":6},{"damage":15,"enemies":"2 Thieves","floor":20,"turns":4},{"damage":18,"enemies":"Centurion and Healer","floor":21,"turns":6},{"damage":13,"enemies":"Book of Stabbing","floor":23,"turns":5},{"damage":15,"enemies":"3 Cultists","floor":25,"turns":5},{"damage":4,"enemies":"Sentry and Sphere","floor":27,"turns":4},{"damage":12,"enemies":"Snake Plant","floor":28,"turns":3},{"damage":7,"enemies":"Snecko","floor":30,"turns":5},{"damage":4,"enemies":"3 Cultists","floor":31,"turns":4},{"damage":40,"enemies":"Collector","floor":33,"turns":5}],"seed_played":"-4486322580779129134","potions_obtained":[{"floor":7,"key":"SkillPotion"},{"floor":12,"key":"Weak Potion"},{"floor":21,"key":"Fruit Juice"},{"floor":25,"key":"FairyPotion"},{"floor":27,"key":"EntropicBrew"},{"floor":28,"key":"SteroidPotion"},{"floor":31,"key":"Dexterity Potion"}],"is_trial":false,"path_per_floor":["M","M","?","M","$","R","M","R","T","R","M","E","?","M","R","B",null,"M","$","M","M","?","E","R","M","T","M","M","$","M","M","R","B"],"character_chosen":"THE_SILENT","items_purchased":["Prepared","Flash of Steel","Acrobatics"],"campfire_rested":3,"item_purchase_floors":[5,19,19],"current_hp_per_floor":[63,63,63,60,60,60,45,45,45,45,38,22,22,22,43,4,70,63,63,48,30,30,22,44,29,29,25,13,13,6,2,24,0],"gold":93,"neow_bonus":"ONE_RANDOM_RARE_CARD","is_prod":false,"is_daily":false,"chose_seed":false,"campfire_upgraded":2,"win_rate":0,"timestamp":1549736877,"path_taken":["M","M","?","M","$","R","M","R","T","R","M","E","?","M","R","BOSS","M","$","M","M","?","E","R","M","T","?","M","?","M","M","R","BOSS"],"build_version":"2019-01-23","purchased_purges":2,"victory":false,"max_hp_per_floor":[70,70,70,70,70,70,70,70,70,70,70,70,70,70,70,70,70,70,70,70,70,70,75,75,75,75,75,75,75,75,75,75,75],"card_choices":[{"not_picked":["Deadly Poison","Dodge and Roll"],"picked":"Cloak And Dagger","floor":1},{"not_picked":["Footwork","Skewer"],"picked":"Well Laid Plans","floor":2},{"not_picked":["Dagger Spray","Quick Slash"],"picked":"Slice","floor":4},{"not_picked":["Poisoned Stab","Bane"],"picked":"Storm of Steel","floor":7},{"not_picked":["Dagger Throw","Underhanded Strike"],"picked":"Choke","floor":11},{"not_picked":["All Out Attack","Flechettes"],"picked":"Blade Dance","floor":12},{"not_picked":["Expertise","Noxious Fumes","Flechettes"],"picked":"SKIP","floor":14},{"not_picked":["Corpse Explosion","Glass Knife"],"picked":"After Image","floor":16},{"not_picked":["Well Laid Plans","Finisher","Deflect"],"picked":"SKIP","floor":18},{"not_picked":["Acrobatics","Noxious Fumes+1","Footwork+1"],"picked":"SKIP","floor":20},{"not_picked":["Reflex","Quick Slash","Backflip"],"picked":"SKIP","floor":21},{"not_picked":["Backflip","Quick Slash","Calculated Gamble"],"picked":"SKIP","floor":23},{"not_picked":["Blade Dance","Reflex","Predator","Flying Knee"],"picked":"SKIP","floor":25},{"not_picked":["Well Laid Plans","Bane","Quick Slash","Dodge and Roll+1"],"picked":"SKIP","floor":27},{"not_picked":["Poisoned Stab","After Image","Deadly Poison+1","Dash+1"],"picked":"SKIP","floor":28},{"not_picked":["Dash+1","Slice+1","Acrobatics"],"picked":"Escape Plan","floor":30},{"not_picked":["Distraction","Crippling Poison","Cloak And Dagger","Leg Sweep"],"picked":"SKIP","floor":31}],"player_experience":37559,"relics_obtained":[{"floor":12,"key":"Ornamental Fan"},{"floor":23,"key":"Question Card"},{"floor":26,"key":"Letter Opener"}],"event_choices":[{"cards_removed":["Defend_G"],"damage_healed":0,"gold_gain":0,"player_choice":"Card Removal","damage_taken":0,"max_hp_gain":0,"max_hp_loss":0,"event_name":"The Cleric","floor":3,"gold_loss":50},{"damage_healed":0,"gold_gain":0,"player_choice":"Ignored","damage_taken":0,"max_hp_gain":0,"max_hp_loss":0,"event_name":"Shining Light","floor":13,"gold_loss":0},{"damage_healed":0,"gold_gain":0,"player_choice":"Upgraded","damage_taken":0,"max_hp_gain":0,"max_hp_loss":0,"event_name":"Upgrade Shrine","floor":22,"gold_loss":0,"cards_upgraded":["Cloak And Dagger"]}],"is_beta":false,"boss_relics":[{"not_picked":["Snecko Eye","Fusion Hammer"],"picked":"WristBlade"}],"items_purged_floors":[19,29],"is_endless":false,"potions_floor_spawned":[7,12,21,25,27,28,31],"killed_by":"Collector","ascension_level":1}