{"gold_per_floor":[109,109,109,119,137,137,166,166,166,166,178,207,207,157,157,262,262,247,247,247,247,66,66,66,66,66,66,66,66,66,66,66,66],"floor_reached":33,"playtime":1318,"items_purged":[],"score":304,"play_id":"3d1ea8ee-e5b0-4dc9-87af-be747e206078","local_time":"20180630215418","is_ascension_mode":true,"campfire_choices":[{"data":"Rampage","floor":6,"key":"SMITH"},{"data":"Immolate","floor":13,"key":"SMITH"},{"floor":15,"key":"REST"},{"data":"Apotheosis","floor":23,"key":"SMITH"},{"floor":27,"key":"REST"},{"floor":30,"key":"REST"},{"floor":32,"key":"REST"}],"neow_cost":"NONE","seed_source_timestamp":525776651619738,"circlet_count":0,"master_deck":["Strike_R","Strike_R","Strike_R","Strike_R","Defend_R","Defend_R","Defend_R","Bash","Rampage+1","Shrug It Off+1","Immolate+1","Headbutt","Parasite","Reaper","Apotheosis+1","Shockwave"],"relics":["Burning Blood","NeowsBlessing","Blue Candle","Juzu Bracelet","Bottled Flame","Ectoplasm","Red Mask","Toxic Egg 2"],"potions_floor_usage":[7,12,16,18,28,29],"damage_taken":[{"damage":0,"enemies":"2 Louse","floor":1,"turns":1},{"damage":0,"enemies":"Jaw Worm","floor":4,"turns":1},{"damage":0,"enemies":"Cultist","floor":5,"turns":1},{"damage":36,"enemies":"Gremlin Nob","floor":7,"turns":5},{"damage":13,"enemies":"Red Slaver","floor":11,"turns":5},{"damage":13,"enemies":"3 Sentries","floor":12,"turns":4},{"damage":45,"enemies":"Hexaghost","floor":16,"turns":7},{"damage":11,"enemies":"2 Thieves","floor":18,"turns":2},{"damage":21,"floor":24,"turns":4},{"damage":34,"enemies":"Shell Parasite","floor":25,"turns":5},{"damage":7,"enemies":"Centurion and Healer","floor":28,"turns":5},{"damage":30,"enemies":"Slaver and Parasite","floor":29,"turns":5},{"damage":31,"enemies":"Chosen and Byrds","floor":31,"turns":7},{"damage":83,"enemies":"Automaton","floor":33,"turns":6}],"seed_played":"-9085385655195675019","potions_obtained":[{"floor":1,"key":"SkillPotion"},{"floor":4,"key":"Regen Potion"},{"floor":5,"key":"GamblersBrew"},{"floor":16,"key":"AttackPotion"},{"floor":24,"key":"Block Potion"},{"floor":25,"key":"Poison Potion"}],"is_trial":false,"path_per_floor":["M","?","?","M","M","R","E","?","T","?","M","E","R","?","R","B",null,"M","?","?","?","$","R","?","M","T","R","M","M","R","M","R"],"character_chosen":"IRONCLAD","items_purchased":["Apotheosis"],"campfire_rested":4,"item_purchase_floors":[22],"current_hp_per_floor":[80,80,80,80,80,80,50,50,50,70,63,68,68,68,80,41,80,77,77,77,77,77,77,62,34,34,58,67,48,72,55,79,0],"gold":66,"neow_bonus":"THREE_ENEMY_KILL","is_prod":false,"is_daily":false,"chose_seed":false,"campfire_upgraded":3,"win_rate":0,"timestamp":1530410058,"path_taken":["M","?","?","?","M","R","E","?","T","?","M","E","R","?","R","BOSS","M","?","?","?","$","R","?","M","T","R","M","M","R","M","R","BOSS"],"build_version":"2018-06-28","purchased_purges":0,"victory":false,"max_hp_per_floor":[80,80,80,80,80,80,80,80,80,80,80,80,80,80,80,80,80,80,80,80,80,80,80,80,80,80,80,80,80,80,80,80,80],"card_choices":[{"not_picked":["Spot Weakness","Cleave"],"picked":"Rampage","floor":1},{"not_picked":["Heavy Blade","Cleave"],"picked":"Shrug It Off","floor":4},{"not_picked":["Iron Wave","Perfected Strike"],"picked":"Immolate","floor":5},{"not_picked":["Thunderclap","True Grit"],"picked":"Headbutt","floor":7},{"not_picked":["Sentinel","Dropkick","Havoc"],"picked":"SKIP","floor":11},{"not_picked":["Flex","Havoc","Sword Boomerang"],"picked":"SKIP","floor":12},{"not_picked":["Dark Embrace","Demon Form"],"picked":"Reaper","floor":16},{"not_picked":["Heavy Blade","Power Through","Flex"],"picked":"SKIP","floor":18},{"not_picked":["Rampage+1","True Grit"],"picked":"Shockwave","floor":25},{"not_picked":["True Grit+1","Flex+1","Exhume+1"],"picked":"SKIP","floor":28},{"not_picked":["Flex+1","Iron Wave","Armaments+1"],"picked":"SKIP","floor":29},{"not_picked":["Twin Strike+1","Iron Wave+1","Fire Breathing"],"picked":"SKIP","floor":31}],"player_experience":880030,"relics_obtained":[{"floor":7,"key":"Blue Candle"},{"floor":9,"key":"Juzu Bracelet"},{"floor":12,"key":"Bottled Flame"},{"floor":24,"key":"Red Mask"},{"floor":26,"key":"Toxic Egg 2"}],"event_choices":[{"event_name":"Scrap Ooze","player_choice":"unsuccessful","floor":2,"damage_taken":0},{"event_name":"Living Wall","player_choice":"Forget","floor":3,"damage_taken":0},{"event_name":"Upgrade Shrine","player_choice":"Upgraded","floor":8,"damage_taken":0},{"event_name":"Mushrooms","player_choice":"Healed and dodged fight","floor":10,"damage_taken":0},{"event_name":"The Cleric","player_choice":"Card Removal","floor":14,"damage_taken":0},{"event_name":"Addict","player_choice":"Ignored","floor":19,"damage_taken":0},{"event_name":"Accursed Blacksmith","player_choice":"Ignore","floor":20,"damage_taken":0},{"event_name":"Ghosts","player_choice":"Ignored","floor":21,"damage_taken":0},{"event_name":"Masked Bandits","player_choice":"Fought over 66 gold","floor":24,"damage_taken":0}],"boss_relics":[{"not_picked":["White Beast Statue","Runic Pyramid"],"picked":"Ectoplasm"}],"items_purged_floors":[],"is_endless":false,"potions_floor_spawned":[1,4,5,16,24,25],"killed_by":"Automaton","ascension_level":4}