{"gold_per_floor":[115,65,83,83,83,83,93,93,120,140,157,157,83,96,96,197,197,214,214,313,8,8,43,43,60,131,150,150,164,180,110,110,211,211,225,225,245,255,255,255,289,289,289,289,289,303,303,316,316,316],"floor_reached":51,"playtime":1769,"items_purged":[],"score":712,"play_id":"0de52ac3-f1b7-4194-b8ec-6f1db785639c","local_time":"20190208162824","is_ascension_mode":false,"campfire_choices":[{"data":"Corruption","floor":6.0,"key":"SMITH"},{"data":"Shrug It Off","floor":8.0,"key":"SMITH"},{"data":"Infernal Blade","floor":12.0,"key":"SMITH"},{"data":"Whirlwind","floor":15.0,"key":"SMITH"},{"data":"Flex","floor":24.0,"key":"SMITH"},{"data":"Shrug It Off","floor":28.0,"key":"SMITH"},{"floor":32.0,"key":"REST"},{"floor":40,"key":"REST"},{"floor":42,"key":"REST"},{"floor":47,"key":"REST"},{"floor":49,"key":"REST"}],"neow_cost":"NONE","seed_source_timestamp":1405454160476432,"circlet_count":0,"master_deck":["Strike_R","Strike_R","Defend_R","Defend_R","Defend_R","Defend_R","Bash+1","Corruption+1","Shrug It Off+1","Shrug It Off+1","Infernal Blade+1","Whirlwind+1","Thunderclap","Impervious","Offering","Rage","Flex+1","Dropkick","Disarm+1","Immolate","Shockwave+1"],"special_seed":0,"relics":["Burning Blood","Orichalcum","Bag of Preparation","Velvet Choker","Pen Nib","PreservedInsect","Mummified Hand","Omamori","Mark of Pain","Bag of Marbles","Art of War"],"potions_floor_usage":[41,45,50],"damage_taken":[{"damage":0.0,"enemies":"Cultist","floor":1.0,"turns":3.0},{"damage":3.0,"enemies":"Jaw Worm","floor":3.0,"turns":6.0},{"damage":9.0,"enemies":"Small Slimes","floor":7.0,"turns":5.0},{"damage":2.0,"enemies":"Blue Slaver","floor":10.0,"turns":4.0},{"damage":3.0,"enemies":"2 Fungi Beasts","floor":11.0,"turns":4.0},{"damage":2.0,"enemies":"Red Slaver","floor":14.0,"turns":4.0},{"damage":48.0,"enemies":"The Guardian","floor":16.0,"turns":10.0},{"damage":17.0,"enemies":"Spheric Guardian","floor":18.0,"turns":4.0},{"damage":0.0,"enemies":"Slavers","floor":23.0,"turns":1.0},{"damage":18.0,"enemies":"2 Thieves","floor":25.0,"turns":3.0},{"damage":6.0,"enemies":"Snake Plant","floor":27.0,"turns":3.0},{"damage":3.0,"enemies":"Cultist and Chosen","floor":29.0,"turns":5.0},{"damage":28.0,"enemies":"Chosen and Byrds","floor":30.0,"turns":6.0},{"damage":56.0,"enemies":"Collector","floor":33.0,"turns":9.0},{"damage":0.0,"enemies":"3 Shapes","floor":35.0,"turns":3.0},{"damage":12.0,"enemies":"3 Darklings","floor":37.0,"turns":3.0},{"damage":40,"enemies":"Maw","floor":38,"turns":7},{"damage":76,"enemies":"Nemesis","floor":41,"turns":9},{"damage":6,"enemies":"Spire Growth","floor":46,"turns":1},{"damage":33,"enemies":"Writhing Mass","floor":48,"turns":6},{"damage":35,"enemies":"Donu and Deca","floor":50,"turns":8}],"seed_played":"-2374108855079516987","potions_obtained":[{"floor":1.0,"key":"Weak Potion"},{"floor":7.0,"key":"SteroidPotion"},{"floor":16.0,"key":"Energy Potion"},{"floor":27.0,"key":"Poison Potion"},{"floor":29.0,"key":"Poison Potion"},{"floor":33.0,"key":"Regen Potion"},{"floor":35.0,"key":"Ancient Potion"},{"floor":37.0,"key":"FearPotion"},{"floor":41,"key":"Weak Potion"},{"floor":45,"key":"Fruit Juice"},{"floor":45,"key":"SkillPotion"}],"is_trial":false,"path_per_floor":["M","?","M","?","?","R","M","R","T","M","M","R","$","M","R","B",null,"M","$","?","$","?","E","R","M","T","M","R","M","M","?","R","B",null,"M","$","M","M","?","R","E","R","T","$","?","M","R","M","R","B",null],"character_chosen":"IRONCLAD","items_purchased":["Whirlwind","Pen Nib","Offering"],"campfire_rested":5,"item_purchase_floors":[13,21,21],"current_hp_per_floor":[80,80,80,80,80,80,77,77,77,80,80,80,80,80,80,38,80,69,69,69,69,69,75,75,63,63,63,63,66,44,44,68,18,80,80,80,74,40,40,62,7,29,29,29,34,34,58,31,55,26],"gold":316,"neow_bonus":"RANDOM_COMMON_RELIC","is_prod":false,"is_daily":false,"chose_seed":false,"campfire_upgraded":6,"win_rate":0,"timestamp":1549610904,"path_taken":["M","?","M","?","?","R","?","R","T","M","M","R","$","M","R","BOSS","M","$","?","$","?","E","R","M","T","M","R","?","M","?","R","BOSS","M","$","M","?","?","R","E","R","T","$","?","M","R","M","R","BOSS"],"build_version":"2019-01-23","purchased_purges":0,"victory":true,"max_hp_per_floor":[80,80,80,80,80,80,80,80,80,80,80,80,80,80,80,80,80,80,80,80,80,80,80,80,80,80,80,80,80,80,80,80,80,80,80,80,80,80,76,76,76,76,76,76,81,81,81,81,81,81],"card_choices":[{"not_picked":["Burning Pact","Blood for Blood"],"picked":"Corruption","floor":1.0},{"not_picked":["Twin Strike","Evolve","Second Wind"],"picked":"SKIP","floor":3.0},{"not_picked":["Flex","Dual Wield"],"picked":"Shrug It Off","floor":7.0},{"not_picked":["Perfected Strike","Sentinel"],"picked":"Shrug It Off","floor":10.0},{"not_picked":["Burning Pact","Headbutt"],"picked":"Infernal Blade","floor":11.0},{"not_picked":["Pommel Strike","Twin Strike"],"picked":"Thunderclap","floor":14.0},{"not_picked":["Brutality","Demon Form"],"picked":"Impervious","floor":16.0},{"not_picked":["Perfected Strike","Wild Strike","Corruption"],"picked":"SKIP","floor":18.0},{"not_picked":["Clash","Juggernaut"],"picked":"Flex","floor":23.0},{"not_picked":["Rupture","Headbutt","Iron Wave"],"picked":"SKIP","floor":25.0},{"not_picked":["Entrench","Dropkick","Clash"],"picked":"SKIP","floor":27.0},{"not_picked":["Entrench","Clash"],"picked":"Dropkick","floor":27.0},{"not_picked":["Headbutt","Burning Pact"],"picked":"Disarm+1","floor":29.0},{"not_picked":["Warcry","Havoc","Power Through"],"picked":"SKIP","floor":30.0},{"not_picked":["Fiend Fire","Juggernaut"],"picked":"Immolate","floor":33.0},{"not_picked":["Bloodletting+1","Cleave","Sword Boomerang"],"picked":"SKIP","floor":35.0},{"not_picked":["Armaments","Dual Wield","Burning Pact"],"picked":"SKIP","floor":37.0},{"not_picked":["True Grit+1","Corruption+1","Evolve+1"],"picked":"SKIP","floor":38},{"not_picked":["Rupture","Pummel","Heavy Blade+1"],"picked":"SKIP","floor":41},{"not_picked":["Dark Embrace","Reckless Charge+1"],"picked":"Shockwave+1","floor":46},{"not_picked":["Clothesline","Burning Pact","Bloodletting+1"],"picked":"SKIP","floor":48}],"player_experience":493257,"relics_obtained":[{"floor":9.0,"key":"Bag of Preparation"},{"floor":23.0,"key":"PreservedInsect"},{"floor":26.0,"key":"Mummified Hand"},{"floor":41,"key":"Bag of Marbles"},{"floor":43,"key":"Art of War"}],"event_choices":[{"cards_removed":["Strike_R"],"damage_healed":0.0,"max_hp_gain":0.0,"max_hp_loss":0.0,"gold_gain":0.0,"event_name":"The Cleric","player_choice":"Card Removal","floor":2.0,"gold_loss":50.0,"damage_taken":0.0},{"damage_healed":0.0,"max_hp_gain":0.0,"max_hp_loss":0.0,"gold_gain":0.0,"event_name":"Living Wall","player_choice":"Grow","floor":4.0,"gold_loss":0.0,"damage_taken":0.0,"cards_upgraded":["Bash"]},{"cards_removed":["Strike_R"],"damage_healed":0.0,"max_hp_gain":0.0,"max_hp_loss":0.0,"gold_gain":0.0,"event_name":"Purifier","player_choice":"Purged","floor":5.0,"gold_loss":0.0,"damage_taken":0.0},{"damage_healed":0.0,"max_hp_gain":0.0,"max_hp_loss":0.0,"gold_gain":99.0,"event_name":"Nest","player_choice":"Stole From Cult","floor":20.0,"gold_loss":0.0,"damage_taken":0.0},{"damage_healed":0.0,"max_hp_gain":0.0,"max_hp_loss":0.0,"gold_gain":0.0,"cards_transformed":["Strike_R"],"event_name":"Transmorgrifier","player_choice":"Transformed","floor":22.0,"gold_loss":0.0,"damage_taken":0.0,"cards_obtained":["Rage"]},{"damage_healed":0.0,"max_hp_gain":0.0,"max_hp_loss":0.0,"gold_gain":0.0,"event_name":"WeMeetAgain","player_choice":"Paid Gold","floor":31.0,"gold_loss":70.0,"damage_taken":0.0,"relics_obtained":["Omamori"]},{"damage_healed":0,"gold_gain":0,"player_choice":"Max HP","damage_taken":0,"max_hp_gain":0,"max_hp_loss":4,"event_name":"Winding Halls","floor":39,"gold_loss":0},{"damage_healed":0,"gold_gain":0,"player_choice":"Got Potions","damage_taken":0,"max_hp_gain":0,"max_hp_loss":0,"event_name":"Lab","floor":45,"gold_loss":0}],"is_beta":false,"boss_relics":[{"not_picked":["Orrery","White Beast Statue"],"picked":"Velvet Choker"},{"not_picked":["Black Star","Empty Cage"],"picked":"Mark of Pain"}],"items_purged_floors":[],"is_endless":false,"potions_floor_spawned":[1,7,16,27,29,33,35,37,41,48],"ascension_level":0}