{"gold_per_floor":[110,110,110,110,120,120,120,120,143,143,143,170,187,219,219,314,314,332,347,26,41,41,41,54,54,54,54,86,86,113,129,129,228,228,238,254,254,254,270,295,395,406,406,452,224,240,257,272,272,272],"floor_reached":50,"playtime":2293,"items_purged":["Strike_R"],"score":620,"play_id":"4e40d777-d707-4f5d-9efd-2bb62cf37213","local_time":"20190213014905","is_ascension_mode":false,"campfire_choices":[{"data":"Sever Soul","floor":6.0,"key":"SMITH"},{"data":"Defend_R","floor":8.0,"key":"SMITH"},{"data":"Defend_R","floor":10.0,"key":"SMITH"},{"data":"Clash","floor":15.0,"key":"SMITH"},{"data":"Uppercut","floor":23.0,"key":"SMITH"},{"data":"Corruption","floor":27.0,"key":"SMITH"},{"data":"Immolate","floor":29.0,"key":"SMITH"},{"data":"Feel No Pain","floor":32.0,"key":"SMITH"},{"data":"Demon Form","floor":49,"key":"SMITH"}],"neow_cost":"NONE","seed_source_timestamp":1783715030013156,"circlet_count":0,"master_deck":["Strike_R","Strike_R","Strike_R","Defend_R+1","Defend_R+1","Defend_R+1","Defend_R","Bash+1","Sever Soul+1","Clash+1","Immolate+1","Shrug It Off+1","Uppercut+1","Finesse+1","Corruption+1","Finesse+1","Feel No Pain+1","Flame Barrier+1","Demon Form+1","Shockwave+1","Impervious+1","Sentinel+1","Ghostly Armor+1","Intimidate+1","Shockwave+1"],"special_seed":0,"relics":["Burning Blood","NeowsBlessing","Potion Belt","Nunchaku","Toxic Egg 2","Runic Dome","Orichalcum","Darkstone Periapt","Gremlin Horn","Centennial Puzzle","Snecko Eye","Bag of Preparation","Turnip","Self Forming Clay","Dead Branch","Strawberry"],"potions_floor_usage":[],"damage_taken":[{"damage":0.0,"enemies":"2 Louse","floor":1.0,"turns":1.0},{"damage":0.0,"enemies":"Small Slimes","floor":5.0,"turns":1.0},{"damage":0.0,"enemies":"Gremlin Nob","floor":12.0,"turns":1.0},{"damage":0.0,"enemies":"Cultist","floor":13.0,"turns":3.0},{"damage":22.0,"enemies":"3 Sentries","floor":14.0,"turns":8.0},{"damage":51.0,"enemies":"Hexaghost","floor":16.0,"turns":10.0},{"damage":14.0,"enemies":"2 Thieves","floor":18.0,"turns":3.0},{"damage":12.0,"enemies":"Spheric Guardian","floor":19.0,"turns":4.0},{"damage":0.0,"enemies":"Centurion and Healer","floor":21.0,"turns":4.0},{"damage":11.0,"enemies":"Snake Plant","floor":24.0,"turns":3.0},{"damage":2.0,"enemies":"Slavers","floor":28.0,"turns":4.0},{"damage":12.0,"enemies":"Gremlin Leader","floor":30.0,"turns":5.0},{"damage":4.0,"enemies":"3 Cultists","floor":31.0,"turns":5.0},{"damage":55.0,"enemies":"Collector","floor":33.0,"turns":9.0},{"damage":2.0,"enemies":"Orb Walker","floor":35.0,"turns":2.0},{"damage":0.0,"enemies":"3 Shapes","floor":36.0,"turns":2.0},{"damage":0.0,"enemies":"Transient","floor":39.0,"turns":5.0},{"damage":0.0,"enemies":"Nemesis","floor":40.0,"turns":5.0},{"damage":0.0,"enemies":"Mind Bloom Boss Battle","floor":41.0,"turns":5.0},{"damage":0.0,"enemies":"Maw","floor":42.0,"turns":5.0},{"damage":4.0,"enemies":"2 Orb Walkers","floor":44.0,"turns":3.0},{"damage":18.0,"enemies":"4 Shapes","floor":46.0,"turns":3.0},{"damage":6.0,"enemies":"3 Darklings","floor":47.0,"turns":8.0},{"damage":3,"enemies":"Jaw Worm Horde","floor":48,"turns":3},{"damage":0,"enemies":"Time Eater","floor":50,"turns":1}],"seed_played":"-4537919336150094176","potions_obtained":[{"floor":1.0,"key":"Dexterity Potion"},{"floor":5.0,"key":"SpeedPotion"},{"floor":16.0,"key":"Weak Potion"},{"floor":18.0,"key":"Energy Potion"},{"floor":21.0,"key":"Strength Potion"},{"floor":36.0,"key":"AttackPotion"},{"floor":39.0,"key":"AttackPotion"},{"floor":40.0,"key":"Dexterity Potion"},{"floor":41.0,"key":"FearPotion"},{"floor":42.0,"key":"FearPotion"},{"floor":47.0,"key":"SpeedPotion"}],"is_trial":false,"path_per_floor":["M","?","$","?","M","R","?","R","T","R","?","E","M","E","R","B",null,"M","M","$","M","?","R","M","?","T","R","E","R","E","M","R","B",null,"M","M","?","$","M","E","?","M","T","?","$","M","M","M","R","B"],"character_chosen":"IRONCLAD","items_purchased":["Uppercut","Orichalcum","Finesse+1","Strawberry"],"campfire_rested":0,"item_purchase_floors":[20,20,20,45],"current_hp_per_floor":[80,80,80,73,79,79,84,84,84,84,84,85,85,69,69,24,85,77,71,71,77,77,77,72,72,72,72,76,76,70,72,72,23,85,85,85,81,81,81,81,81,81,81,81,88,76,76,79,79,79],"gold":272,"neow_bonus":"THREE_ENEMY_KILL","is_prod":false,"is_daily":false,"chose_seed":false,"campfire_upgraded":9,"win_rate":0,"timestamp":1549990145,"path_taken":["M","?","$","?","M","R","?","R","T","R","?","E","M","E","R","BOSS","M","M","$","M","?","R","M","?","T","R","E","R","E","?","R","BOSS","M","M","?","$","M","E","?","M","T","?","?","M","M","M","R","BOSS"],"build_version":"2019-01-23","purchased_purges":1,"victory":false,"max_hp_per_floor":[80,80,80,80,80,80,85,85,85,85,85,85,85,85,85,85,85,85,85,85,85,85,85,85,85,85,85,85,85,85,85,85,85,85,85,85,81,81,81,81,81,81,81,81,88,88,88,88,88,88],"card_choices":[{"not_picked":["Battle Trance","Body Slam"],"picked":"Sever Soul","floor":1.0},{"not_picked":["True Grit","Sword Boomerang","Anger"],"picked":"SKIP","floor":5.0},{"not_picked":["Sever Soul","Anger","Pommel Strike"],"picked":"SKIP","floor":12.0},{"not_picked":["Pommel Strike","Thunderclap","Pummel"],"picked":"SKIP","floor":13.0},{"not_picked":["Body Slam","Brutality"],"picked":"Clash","floor":14.0},{"not_picked":["Barricade","Dark Embrace"],"picked":"Immolate","floor":16.0},{"not_picked":["Blood for Blood","Heavy Blade+1"],"picked":"Shrug It Off+1","floor":18.0},{"not_picked":["Twin Strike","Dual Wield+1","Combust"],"picked":"SKIP","floor":19.0},{"not_picked":["True Grit+1","Bloodletting+1","Burning Pact+1"],"picked":"SKIP","floor":21.0},{"not_picked":["Heavy Blade+1","Shrug It Off+1"],"picked":"Corruption","floor":24.0},{"not_picked":["Body Slam","Sword Boomerang+1"],"picked":"Feel No Pain","floor":28.0},{"not_picked":["Cleave","Exhume+1"],"picked":"Flame Barrier+1","floor":30.0},{"not_picked":["Blood for Blood+1","Cleave","Entrench+1"],"picked":"SKIP","floor":31.0},{"not_picked":["Reaper","Double Tap+1"],"picked":"Demon Form","floor":33.0},{"not_picked":["Twin Strike+1","Dropkick+1","Thunderclap"],"picked":"SKIP","floor":35.0},{"not_picked":["Rampage","Headbutt"],"picked":"Shockwave+1","floor":36.0},{"not_picked":["Flex+1","Wild Strike","Perfected Strike+1"],"picked":"SKIP","floor":39.0},{"not_picked":["Havoc+1","Seeing Red+1"],"picked":"Impervious+1","floor":40.0},{"not_picked":["Flex+1","Perfected Strike+1"],"picked":"Sentinel+1","floor":41.0},{"not_picked":["Clothesline","Twin Strike"],"picked":"Ghostly Armor+1","floor":42.0},{"not_picked":["Headbutt","Sword Boomerang+1","Pummel"],"picked":"SKIP","floor":46.0},{"not_picked":["Anger","True Grit+1"],"picked":"Intimidate+1","floor":47.0},{"not_picked":["Havoc+1","Clash"],"picked":"Shockwave+1","floor":48}],"player_experience":524082,"relics_obtained":[{"floor":9.0,"key":"Potion Belt"},{"floor":12.0,"key":"Nunchaku"},{"floor":14.0,"key":"Toxic Egg 2"},{"floor":26.0,"key":"Darkstone Periapt"},{"floor":28.0,"key":"Gremlin Horn"},{"floor":30.0,"key":"Centennial Puzzle"},{"floor":40.0,"key":"Bag of Preparation"},{"floor":41.0,"key":"Turnip"},{"floor":43.0,"key":"Self Forming Clay"},{"floor":44.0,"key":"Dead Branch"}],"event_choices":[{"damage_healed":0.0,"max_hp_gain":0.0,"max_hp_loss":0.0,"gold_gain":0.0,"event_name":"Living Wall","player_choice":"Grow","floor":2.0,"gold_loss":0.0,"damage_taken":0.0,"cards_upgraded":["Bash"]},{"cards_removed":["Strike_R"],"damage_healed":0.0,"max_hp_gain":0.0,"max_hp_loss":0.0,"gold_gain":0.0,"event_name":"Golden Wing","player_choice":"Card Removal","floor":4.0,"gold_loss":0.0,"damage_taken":7.0},{"damage_healed":0.0,"max_hp_gain":5.0,"max_hp_loss":0.0,"gold_gain":0.0,"event_name":"Big Fish","player_choice":"Donut","floor":7.0,"gold_loss":0.0,"damage_taken":0.0},{"damage_healed":0.0,"max_hp_gain":0.0,"max_hp_loss":0.0,"gold_gain":0.0,"event_name":"Accursed Blacksmith","player_choice":"Forge","floor":11.0,"gold_loss":0.0,"damage_taken":0.0,"cards_upgraded":["Defend_R"]},{"damage_healed":0.0,"max_hp_gain":0.0,"max_hp_loss":0.0,"gold_gain":0.0,"event_name":"Vampires","player_choice":"Ignored","floor":22.0,"gold_loss":0.0,"damage_taken":0.0},{"damage_healed":0.0,"max_hp_gain":0.0,"max_hp_loss":0.0,"gold_gain":0.0,"event_name":"Duplicator","player_choice":"Copied","floor":25.0,"gold_loss":0.0,"damage_taken":0.0,"cards_obtained":["Finesse"]},{"damage_healed":0.0,"max_hp_gain":0.0,"max_hp_loss":4.0,"gold_gain":0.0,"event_name":"Winding Halls","player_choice":"Max HP","floor":37.0,"gold_loss":0.0,"damage_taken":0.0},{"damage_healed":0.0,"max_hp_gain":0.0,"max_hp_loss":0.0,"gold_gain":0.0,"event_name":"MindBloom","player_choice":"Fight","floor":41.0,"gold_loss":0.0,"damage_taken":0.0},{"damage_healed":0.0,"max_hp_gain":0.0,"max_hp_loss":0.0,"gold_gain":0.0,"event_name":"Mysterious Sphere","player_choice":"Fight","floor":44.0,"gold_loss":0.0,"damage_taken":0.0}],"is_beta":false,"boss_relics":[{"not_picked":["Black Star","Coffee Dripper"],"picked":"Runic Dome"},{"not_picked":["Fusion Hammer","Astrolabe"],"picked":"Snecko Eye"}],"items_purged_floors":[45],"is_endless":false,"potions_floor_spawned":[1,5,16,18,21,36,39,40,41,42,47],"killed_by":"Time Eater","ascension_level":0}