{"gold_per_floor":[112,128,47,47,63,63,94,94,166,22,22,22,35,35,35,140,140,152,1,51,101,151,151,151],"floor_reached":24,"playtime":672,"items_purged":["Strike_B"],"score":247,"play_id":"bc680826-c268-413b-9fc1-903347265062","local_time":"20190103083144","is_ascension_mode":true,"campfire_choices":[{"data":"Dualcast","floor":6,"key":"SMITH"},{"data":"Barrage","floor":8,"key":"SMITH"},{"data":"Sweeping Beam","floor":12,"key":"SMITH"},{"floor":15,"key":"REST"},{"floor":23,"key":"REST"}],"neow_cost":"NONE","seed_source_timestamp":116659551751099,"circlet_count":0,"master_deck":["Strike_B","Defend_B","Defend_B","Defend_B","Defend_B","Zap+1","Dualcast+1","Sweeping Beam+1","Barrage+1","Capacitor","Cold Snap","Thunder Strike","Defragment","Consume","Seek","Cold Snap+1","Go for the Eyes","Hologram"],"relics":["Cracked Core","NeowsBlessing","Bronze Scales","Blue Candle","Sundial","SsserpentHead","Inserter","Happy Flower","Enchiridion","Bottled Tornado"],"potions_floor_usage":[18],"damage_taken":[{"damage":0,"enemies":"Cultist","floor":1,"turns":1},{"damage":0,"enemies":"Jaw Worm","floor":2,"turns":1},{"damage":0,"enemies":"Small Slimes","floor":5,"turns":1},{"damage":29,"enemies":"Lagavulin","floor":7,"turns":6},{"damage":9,"enemies":"Red Slaver","floor":13,"turns":3},{"damage":16,"enemies":"Slime Boss","floor":16,"turns":9},{"damage":31,"enemies":"3 Byrds","floor":18,"turns":3},{"damage":42,"enemies":"Slavers","floor":24,"turns":3}],"seed_played":"-6473790758335630979","potions_obtained":[{"floor":7,"key":"Strength Potion"},{"floor":13,"key":"Swift Potion"},{"floor":16,"key":"Swift Potion"}],"is_trial":false,"path_per_floor":["M","M","$","?","M","R","E","R","T","$","T","R","M","?","R","B",null,"M","$","?","T","?","R","E"],"character_chosen":"DEFECT","items_purchased":["Capacitor","Defragment","Happy Flower"],"campfire_rested":2,"item_purchase_floors":[3,10,19],"current_hp_per_floor":[68,68,68,68,68,68,39,39,39,39,39,39,30,30,52,36,65,34,34,18,18,18,40,0],"gold":151,"neow_bonus":"THREE_ENEMY_KILL","is_prod":false,"is_daily":false,"chose_seed":false,"campfire_upgraded":3,"win_rate":0,"timestamp":1546471904,"path_taken":["M","M","$","?","M","R","E","R","T","?","?","R","?","?","R","BOSS","M","$","?","?","?","R","E"],"build_version":"2018-12-20","purchased_purges":1,"victory":false,"max_hp_per_floor":[75,75,75,75,75,75,75,75,75,75,75,75,75,75,75,75,75,75,75,75,75,75,75,75],"card_choices":[{"not_picked":["Steam","Leap"],"picked":"Sweeping Beam","floor":1},{"not_picked":["Sweeping Beam","Stack"],"picked":"Barrage","floor":2},{"not_picked":["Coolheaded","Compile Driver"],"picked":"Cold Snap","floor":5},{"not_picked":["Lockon","Undo"],"picked":"Thunder Strike","floor":7},{"not_picked":["Doom and Gloom","Barrage"],"picked":"Consume","floor":13},{"not_picked":["Fission","Rainbow"],"picked":"Seek","floor":16},{"not_picked":["Barrage","Streamline"],"picked":"Cold Snap+1","floor":18}],"player_experience":317528,"relics_obtained":[{"floor":7,"key":"Bronze Scales"},{"floor":9,"key":"Blue Candle"},{"floor":11,"key":"Sundial"},{"floor":20,"key":"Enchiridion"},{"floor":21,"key":"Bottled Tornado"}],"event_choices":[{"damage_healed":0,"gold_gain":0,"player_choice":"Forge","damage_taken":0,"max_hp_gain":0,"max_hp_loss":0,"event_name":"Accursed Blacksmith","floor":4,"gold_loss":0,"cards_upgraded":["Zap"]},{"damage_healed":0,"gold_gain":0,"player_choice":"Trade","damage_taken":0,"relics_obtained":["SsserpentHead"],"max_hp_gain":0,"max_hp_loss":0,"event_name":"FaceTrader","floor":14,"gold_loss":0},{"damage_healed":0,"gold_gain":0,"player_choice":"Obtained Book","damage_taken":16,"max_hp_gain":0,"max_hp_loss":0,"event_name":"Cursed Tome","floor":20,"gold_loss":0},{"damage_healed":0,"gold_gain":0,"cards_transformed":["Strike_B","Strike_B"],"player_choice":"Became Test Subject","damage_taken":0,"max_hp_gain":0,"max_hp_loss":0,"event_name":"Drug Dealer","floor":22,"gold_loss":0,"cards_obtained":["Go for the Eyes","Hologram"]}],"is_beta":false,"boss_relics":[{"not_picked":["Cursed Key","Sozu"],"picked":"Inserter"}],"items_purged_floors":[10],"is_endless":false,"potions_floor_spawned":[7,13,16],"killed_by":"Slavers","ascension_level":6}