{"gold_per_floor":[118,128,147,72,72,105,105,122,122,122,157,170,170,235,235,332,332,347,367,53,63,63,63,63,98,98,98,98,111,123,222,222,324,324,341,81,95,105,119,119,136,136,207,539,554,554,554,571,571,571],"floor_reached":51,"playtime":4184,"items_purged":["Strike_R"],"score":1078,"play_id":"3b410033-84cd-4b0e-b2e0-a6b587bf1356","local_time":"20180812183917","is_ascension_mode":true,"campfire_choices":[{"data":"True Grit","floor":7,"key":"SMITH"},{"data":"Bash","floor":10,"key":"SMITH"},{"data":"Shrug It Off","floor":13,"key":"SMITH"},{"data":"Clothesline","floor":15,"key":"SMITH"},{"data":"Impervious","floor":23,"key":"SMITH"},{"floor":27,"key":"REST"},{"floor":32,"key":"REST"},{"floor":40,"key":"DIG"},{"floor":47,"key":"REST"},{"floor":49,"key":"REST"}],"neow_cost":"NONE","seed_source_timestamp":447233571694771,"circlet_count":0,"master_deck":["Strike_R","Strike_R","Strike_R+1","Defend_R","Defend_R+1","Defend_R","Defend_R","Bash+1","Cleave","Clothesline+1","True Grit+1","Battle Trance+1","Burning Pact","Iron Wave","Shrug It Off+1","Feed+1","Impervious+1","Headbutt","Battle Trance+1","Shockwave","Necronomicurse","Demon Form","Impervious","Clothesline+1","Dark Embrace","Infernal Blade","Havoc+1","Corruption","Pummel","Seeing Red+1","Madness","Madness","Intimidate"],"relics":["Burning Blood","Orichalcum","Magic Flower","Dead Branch","Ginger","Pantograph","Sozu","Calipers","Necronomicon","Du-Vu Doll","Shovel","Bag of Marbles","Orrery","Whetstone","War Paint","Singing Bowl","Old Coin"],"potions_floor_usage":[16,16,41],"damage_taken":[{"damage":8,"enemies":"Small Slimes","floor":1,"turns":5},{"damage":1,"enemies":"Cultist","floor":2,"turns":3},{"damage":0,"enemies":"2 Louse","floor":3,"turns":3},{"damage":18,"enemies":"Gremlin Nob","floor":6,"turns":5},{"damage":17,"enemies":"Gremlin Gang","floor":8,"turns":4},{"damage":22,"enemies":"3 Sentries","floor":11,"turns":6},{"damage":3,"enemies":"Blue Slaver","floor":12,"turns":4},{"damage":15,"enemies":"Gremlin Nob","floor":14,"turns":4},{"damage":51,"enemies":"Hexaghost","floor":16,"turns":10},{"damage":7,"enemies":"3 Byrds","floor":18,"turns":6},{"damage":40,"enemies":"Spheric Guardian","floor":19,"turns":6},{"damage":18,"enemies":"Cultist and Chosen","floor":21,"turns":7},{"damage":35,"enemies":"Gremlin Leader","floor":25,"turns":7},{"damage":1,"enemies":"3 Cultists","floor":29,"turns":5},{"damage":12,"enemies":"Snake Plant","floor":30,"turns":3},{"damage":37,"enemies":"Champ","floor":33,"turns":9},{"damage":2,"enemies":"Orb Walker","floor":35,"turns":4},{"damage":13,"enemies":"3 Darklings","floor":37,"turns":6},{"damage":0,"enemies":"Maw","floor":38,"turns":4},{"damage":42,"enemies":"4 Shapes","floor":39,"turns":3},{"damage":0,"enemies":"Transient","floor":41,"turns":5},{"damage":54,"enemies":"Nemesis","floor":44,"turns":7},{"damage":9,"enemies":"3 Darklings","floor":45,"turns":3},{"damage":0,"enemies":"Spire Growth","floor":48,"turns":4},{"damage":2,"enemies":"Time Eater","floor":50,"turns":7}],"seed_played":"-3032084579563278036","potions_obtained":[{"floor":2,"key":"GamblersBrew"},{"floor":6,"key":"LiquidBronze"},{"floor":14,"key":"Regen Potion"},{"floor":16,"key":"FearPotion"}],"is_trial":false,"path_per_floor":["M","M","M","$","?","E","R","M","T","R","E","M","R","?","R","B",null,"M","M","$","M","?","R","?","E","T","R","?","M","M","?","R","B",null,"M","$","M","M","M","R","M","?","T","E","M","?","R","M","R","B"],"character_chosen":"IRONCLAD","items_purchased":["Battle Trance","Calipers","Corruption","Whetstone"],"campfire_rested":4,"item_purchase_floors":[4,20,36,36],"current_hp_per_floor":[70,75,80,80,73,61,61,53,53,53,40,46,46,45,45,70,82,89,58,58,59,43,43,43,17,17,45,45,53,55,55,84,75,95,101,101,97,101,68,68,77,77,77,34,34,21,51,76,103,103],"gold":571,"neow_bonus":"RANDOM_COMMON_RELIC","is_prod":false,"is_daily":false,"chose_seed":false,"campfire_upgraded":5,"win_rate":0,"timestamp":1534113557,"path_taken":["M","M","M","$","?","E","R","M","T","R","E","?","R","?","R","BOSS","M","M","$","M","?","R","?","E","T","R","?","?","M","?","R","BOSS","M","$","M","M","M","R","M","?","T","E","M","?","R","M","R","BOSS"],"build_version":"2018-08-09","purchased_purges":1,"victory":true,"max_hp_per_floor":[80,80,80,80,80,80,80,80,80,80,80,80,80,83,83,86,86,89,89,89,95,95,95,95,95,95,95,95,95,98,98,98,101,101,101,101,101,101,101,101,101,101,101,103,103,103,103,103,103,103],"card_choices":[{"not_picked":["Twin Strike","Warcry"],"picked":"Cleave","floor":1},{"not_picked":["Clash","Thunderclap"],"picked":"Clothesline","floor":2},{"not_picked":["Cleave","Iron Wave"],"picked":"True Grit","floor":3},{"not_picked":["Body Slam","Uppercut"],"picked":"Burning Pact","floor":6},{"not_picked":["Clash","Armaments"],"picked":"Iron Wave","floor":8},{"not_picked":["Feel No Pain","Metallicize"],"picked":"Shrug It Off","floor":11},{"not_picked":["Iron Wave","Wild Strike"],"picked":"Feed","floor":12},{"not_picked":["Exhume","Double Tap"],"picked":"Impervious","floor":16},{"not_picked":["Shrug It Off","Perfected Strike"],"picked":"Headbutt","floor":18},{"not_picked":["Evolve","True Grit"],"picked":"Battle Trance+1","floor":19},{"not_picked":["Fire Breathing","Warcry"],"picked":"Shockwave","floor":21},{"not_picked":["Warcry","Uppercut+1"],"picked":"Demon Form","floor":25},{"not_picked":["Thunderclap","Warcry","Anger"],"picked":"SKIP","floor":29},{"not_picked":["Twin Strike","Fire Breathing","Iron Wave"],"picked":"SKIP","floor":30},{"not_picked":["Bludgeon","Fiend Fire"],"picked":"Impervious","floor":33},{"not_picked":["Combust","Inflame"],"picked":"Clothesline+1","floor":34},{"not_picked":["Iron Wave","Flex"],"picked":"Dark Embrace","floor":34},{"not_picked":["Armaments","Headbutt"],"picked":"Infernal Blade","floor":34},{"not_picked":["Flex","Thunderclap+1"],"picked":"Havoc+1","floor":35},{"not_picked":["Rampage","Perfected Strike","Combust+1"],"picked":"SKIP","floor":37},{"not_picked":["Flame Barrier","Anger","Thunderclap+1"],"picked":"SKIP","floor":38},{"not_picked":["Rupture+1","Brutality","Shockwave"],"picked":"SKIP","floor":39},{"not_picked":["Twin Strike+1","Metallicize"],"picked":"Pummel","floor":41},{"not_picked":["Pommel Strike","Armaments","Havoc+1"],"picked":"Singing Bowl","floor":44},{"not_picked":["Bloodletting","Battle Trance+1"],"picked":"Seeing Red+1","floor":45},{"not_picked":["Wild Strike+1","Perfected Strike+1"],"picked":"Intimidate","floor":48}],"player_experience":1488287,"relics_obtained":[{"floor":6,"key":"Magic Flower"},{"floor":9,"key":"Dead Branch"},{"floor":11,"key":"Ginger"},{"floor":14,"key":"Pantograph"},{"floor":22,"key":"Necronomicon"},{"floor":25,"key":"Du-Vu Doll"},{"floor":26,"key":"Shovel"},{"floor":40,"key":"War Paint"},{"floor":43,"key":"Singing Bowl"},{"floor":44,"key":"Old Coin"}],"event_choices":[{"event_name":"Golden Wing","player_choice":"Card Removal","floor":5,"damage_taken":0},{"event_name":"Dead Adventurer","player_choice":"Searched \u00271\u0027 times","floor":14,"damage_taken":0},{"event_name":"Cursed Tome","player_choice":"Obtained Book","floor":22,"damage_taken":0},{"event_name":"Beggar","player_choice":"Ignored","floor":24,"damage_taken":0},{"event_name":"The Mausoleum","player_choice":"Yes","floor":28,"damage_taken":0},{"event_name":"Nest","player_choice":"Stole From Cult","floor":31,"damage_taken":0},{"event_name":"SensoryStone","player_choice":"Memory 1","floor":42,"damage_taken":0},{"event_name":"Winding Halls","player_choice":"Embrace Madness","floor":46,"damage_taken":0}],"is_beta":false,"boss_relics":[{"not_picked":["White Beast Statue","Black Star"],"picked":"Sozu"},{"not_picked":["Snecko Eye","Runic Dome"],"picked":"Orrery"}],"items_purged_floors":[36],"is_endless":false,"potions_floor_spawned":[2,6,14,14,16,30,33,35,39,41,45],"ascension_level":9}