{"gold_per_floor":[117,50,50,67,83,83,113,43,67,67,78,110,124,49,49,127,127,143,153,4,54,73,73,101,101,101,101,135,150,150,163,163,239,239,253,273,273,273,293,321,340,340,409,409,457,20,20,55,55,55],"floor_reached":51,"playtime":4478,"items_purged":["Injury"],"score":1280,"play_id":"cb6d0e6e-c442-43bb-8011-c43e9aaeae8f","local_time":"20180710125221","is_ascension_mode":true,"campfire_choices":[{"data":"Neutralize","floor":6,"key":"SMITH"},{"data":"Skewer","floor":10,"key":"SMITH"},{"data":"Footwork","floor":15,"key":"SMITH"},{"floor":23,"key":"REST"},{"floor":25,"key":"REST"},{"floor":27,"key":"REST"},{"floor":32,"key":"REST"},{"floor":42,"key":"REST"},{"floor":47,"key":"DIG"},{"floor":49,"key":"REST"}],"neow_cost":"CURSE","seed_source_timestamp":240571805217580,"circlet_count":0,"master_deck":["Defend_G","Defend_G","Defend_G","Defend_G","Defend_G","Strike_G+1","Strike_G","Strike_G","Strike_G","Survivor+1","Neutralize+1","AscendersBane","Dagger Throw","Footwork+1","PiercingWail","Quick Slash+1","Skewer+1","Footwork","Escape Plan","Dash","Malaise","Burst","Deflect","Footwork","Dash","Calculated Gamble","Escape Plan","Cloak And Dagger+1","Footwork+1","A Thousand Cuts","Deflect","Dagger Spray","Sucker Punch+1","Backstab","Cloak And Dagger"],"relics":["Ring of the Snake","Thread and Needle","Blood Vial","Omamori","Shuriken","Fusion Hammer","Orichalcum","Ninja Scroll","Juzu Bracelet","Bottled Flame","Busted Crown","Vajra","Blue Candle","Gambling Chip","Shovel","War Paint","Whetstone"],"potions_floor_usage":[12,16,24,28,33,50,50],"damage_taken":[{"damage":0,"enemies":"Cultist","floor":1,"turns":4},{"damage":0,"enemies":"Small Slimes","floor":4,"turns":5},{"damage":0,"enemies":"Jaw Worm","floor":5,"turns":4},{"damage":7,"enemies":"3 Sentries","floor":7,"turns":12},{"damage":0,"enemies":"2 Fungi Beasts","floor":11,"turns":6},{"damage":8,"enemies":"Gremlin Nob","floor":12,"turns":4},{"damage":0,"enemies":"Looter","floor":13,"turns":3},{"damage":9,"enemies":"Slime Boss","floor":16,"turns":10},{"damage":10,"enemies":"Spheric Guardian","floor":18,"turns":7},{"damage":0,"enemies":"Shell Parasite","floor":19,"turns":7},{"damage":16,"enemies":"3 Cultists","floor":22,"turns":8},{"damage":54,"enemies":"Slavers","floor":24,"turns":13},{"damage":6,"enemies":"Gremlin Leader","floor":28,"turns":7},{"damage":0,"enemies":"Snake Plant","floor":29,"turns":7},{"damage":0,"enemies":"Centurion and Healer","floor":31,"turns":8},{"damage":16,"enemies":"Automaton","floor":33,"turns":16},{"damage":0,"enemies":"3 Darklings","floor":35,"turns":8},{"damage":0,"enemies":"Orb Walker","floor":36,"turns":4},{"damage":1,"enemies":"Maw","floor":39,"turns":10},{"damage":19,"enemies":"Nemesis","floor":40,"turns":10},{"damage":6,"enemies":"3 Darklings","floor":41,"turns":5},{"damage":17,"floor":45,"turns":5},{"damage":17,"enemies":"Giant Head","floor":48,"turns":10},{"damage":36,"enemies":"Awakened One","floor":50,"turns":15}],"seed_played":"8967144921765329518","potions_obtained":[{"floor":3,"key":"Dexterity Potion"},{"floor":3,"key":"Regen Potion"},{"floor":5,"key":"Poison Potion"},{"floor":12,"key":"Weak Potion"},{"floor":16,"key":"FearPotion"},{"floor":24,"key":"GhostInAJar"},{"floor":29,"key":"Explosive Potion"},{"floor":33,"key":"LiquidBronze"}],"is_trial":false,"path_per_floor":["M","$","?","M","M","R","E","$","T","R","M","E","M","$","R","B",null,"M","M","$","?","M","R","E","R","T","R","E","M","T","M","R","B",null,"M","M","?","?","M","E","M","R","T","$","?","$","R","E","R","B"],"character_chosen":"THE_SILENT","items_purchased":["Footwork","Footwork","Footwork","Dash","Backstab","Cloak And Dagger","Shovel"],"campfire_rested":6,"item_purchase_floors":[2,8,20,20,46,46,46],"current_hp_per_floor":[59,59,59,59,59,59,52,52,52,52,54,48,50,50,50,43,60,52,54,54,54,40,59,7,26,26,45,41,43,43,45,64,50,62,64,66,66,66,65,47,43,62,62,62,47,47,47,32,51,17],"gold":55,"neow_bonus":"ONE_RARE_RELIC","is_prod":false,"is_daily":false,"chose_seed":false,"campfire_upgraded":3,"win_rate":0,"timestamp":1531219941,"path_taken":["M","$","?","M","?","R","E","$","T","R","?","E","?","?","R","BOSS","M","M","$","?","M","R","E","R","T","R","E","M","?","M","R","BOSS","M","M","?","?","M","E","M","R","T","$","?","$","R","E","R","BOSS"],"build_version":"2018-07-05","purchased_purges":1,"victory":true,"max_hp_per_floor":[66,66,66,66,66,66,66,66,66,66,66,66,66,66,66,66,66,66,66,66,66,66,66,66,66,66,66,66,66,66,66,66,66,66,66,66,66,66,66,66,66,66,66,66,66,66,66,66,66,66],"card_choices":[{"not_picked":["Concentrate","Bouncing Flask"],"picked":"Dagger Throw","floor":1},{"not_picked":["Bane","Calculated Gamble"],"picked":"PiercingWail","floor":4},{"not_picked":["Deadly Poison","Tools of the Trade"],"picked":"Quick Slash","floor":5},{"not_picked":["Dagger Throw","Backflip"],"picked":"Skewer","floor":7},{"not_picked":["Deadly Poison","Grand Finale"],"picked":"Escape Plan","floor":11},{"not_picked":["PiercingWail","Accuracy"],"picked":"Dash","floor":12},{"not_picked":["Distraction","Outmaneuver"],"picked":"Malaise","floor":13},{"not_picked":["Tactician","Doppelganger"],"picked":"Burst","floor":16},{"not_picked":["Accuracy+1","Dodge and Roll"],"picked":"Deflect","floor":18},{"not_picked":["Accuracy","Bane","Quick Slash+1"],"picked":"SKIP","floor":19},{"not_picked":["Acrobatics","Setup"],"picked":"Calculated Gamble","floor":22},{"not_picked":["Caltrops","Setup"],"picked":"Escape Plan","floor":24},{"not_picked":["Flying Knee","Sucker Punch"],"picked":"Cloak And Dagger","floor":28},{"not_picked":["Grand Finale","Slice"],"picked":"Footwork+1","floor":29},{"not_picked":["Masterful Stab","Acrobatics","Concentrate"],"picked":"SKIP","floor":31},{"not_picked":["Tools of the Trade","Storm of Steel"],"picked":"A Thousand Cuts","floor":33},{"not_picked":[],"picked":"Deflect","floor":35},{"not_picked":["Masterful Stab"],"picked":"SKIP","floor":36},{"not_picked":["Reflex"],"picked":"SKIP","floor":39},{"not_picked":["Flying Knee"],"picked":"SKIP","floor":40},{"not_picked":[],"picked":"Dagger Spray","floor":41},{"not_picked":[],"picked":"Sucker Punch+1","floor":45},{"not_picked":["Caltrops"],"picked":"SKIP","floor":48}],"player_experience":1009467,"relics_obtained":[{"floor":7,"key":"Blood Vial"},{"floor":9,"key":"Omamori"},{"floor":12,"key":"Shuriken"},{"floor":24,"key":"Orichalcum"},{"floor":26,"key":"Ninja Scroll"},{"floor":28,"key":"Juzu Bracelet"},{"floor":30,"key":"Bottled Flame"},{"floor":40,"key":"Vajra"},{"floor":43,"key":"Blue Candle"},{"floor":45,"key":"Gambling Chip"},{"floor":47,"key":"War Paint"},{"floor":48,"key":"Whetstone"}],"event_choices":[{"event_name":"The Lab","player_choice":"Got Potions","floor":3,"damage_taken":0},{"event_name":"Nest","player_choice":"Stole From Cult","floor":21,"damage_taken":0},{"event_name":"Winding Halls","player_choice":"Writhe","floor":37,"damage_taken":0},{"event_name":"Wheel of Change","player_choice":"Card Removal","floor":38,"damage_taken":0},{"event_name":"Mysterious Sphere","player_choice":"Fight","floor":45,"damage_taken":0}],"boss_relics":[{"not_picked":["Pandora\u0027s Box","Ectoplasm"],"picked":"Fusion Hammer"},{"not_picked":["Tiny House","Runic Pyramid"],"picked":"Busted Crown"}],"items_purged_floors":[14],"is_endless":false,"potions_floor_spawned":[5,12,13,16,24,29,33,35,41,48],"ascension_level":15}