{"path_per_floor":["M","$","M","?","$","E","R","?","T","R","M","$","E","M","R","B",null,"M","$","?","M","T","R","$","R","T","R","M","R","E","M","R","B",null,"M","$","M","?","?","R","M","R","T","M","?","R","M","E","R","B"],"character_chosen":"THE_SILENT","items_purchased":["Slice","Footwork","Blade Dance","Vajra","Blade Dance"],"gold_per_floor":[211,136,155,155,33,67,67,67,67,67,92,20,54,70,70,201,201,220,65,65,78,125,125,25,25,25,25,44,44,82,97,97,226,226,245,43,61,61,0,0,18,18,44,59,392,392,408,440,440,440],"floor_reached":51,"campfire_rested":1,"playtime":5362,"current_hp_per_floor":[68,68,68,51,51,36,57,62,62,62,62,62,42,39,39,6,75,55,55,55,50,57,65,65,73,73,81,81,82,55,45,55,22,82,76,76,75,75,75,82,79,82,82,79,79,82,74,74,82,22],"items_purged":["Strike_G","Defend_G","Strike_G"],"gold":440,"score":726,"play_id":"1ef2d7a0-7142-4944-8a06-a5f32ca3aa0b","local_time":"20180514182452","is_prod":false,"is_daily":false,"chose_seed":false,"is_ascension_mode":false,"campfire_upgraded":11,"timestamp":1526315092,"path_taken":["M","$","M","?","$","E","R","?","T","R","M","?","E","?","R","BOSS","M","$","?","?","?","R","$","R","T","R","M","R","E","M","R","BOSS","M","$","M","?","?","R","M","R","T","M","?","R","?","E","R","BOSS"],"build_version":"2018-05-10","seed_source_timestamp":10264637150308,"purchased_purges":3,"victory":true,"master_deck":["Defend_G","Defend_G","Defend_G","Defend_G","Strike_G","Strike_G","Strike_G","Survivor","Neutralize+1","Slice","Finisher+1","Slice","Footwork+1","Heel Hook","Envenom+1","Prepared+1","Blade Dance+1","Backflip+1","Slice","After Image+1","Backflip","Slice","Die Die Die","Choke+1","Malaise+1","Adrenaline+1","Calculated Gamble+1","Blade Dance+1","Slice","Finesse","Escape Plan+1","Backflip+1","Flying Knee"],"max_hp_per_floor":[70,70,70,70,70,70,70,75,75,75,75,75,75,75,75,75,75,75,75,75,75,82,82,82,82,82,82,82,82,82,82,82,82,82,82,82,82,82,82,82,82,82,82,82,82,82,82,82,82,82],"relics":["Ring of the Snake","Dream Catcher","Question Card","Regal Pillow","Eternal Feather","Vajra","Strawberry","Ornamental Fan","Calipers","White Beast Statue","Red Mask","Snake Skull","Bag of Marbles"],"card_choices":[{"not_picked":["Quick Slash","Dodge and Roll"],"picked":"Slice","floor":1.0},{"not_picked":["Quick Slash","Prepared"],"picked":"Finisher","floor":3.0},{"not_picked":["Skewer","Bane"],"picked":"Heel Hook","floor":6.0},{"not_picked":["Bane","Quick Slash"],"picked":"Envenom","floor":7.0},{"not_picked":["Sucker Punch","Caltrops","PiercingWail"],"picked":"Prepared","floor":11.0},{"not_picked":["Quick Slash","Acrobatics","Slice"],"picked":"Backflip","floor":13.0},{"not_picked":["Flechettes","PiercingWail","Reflex"],"picked":"Slice","floor":14.0},{"not_picked":["Bullet Time","Envenom","A Thousand Cuts"],"picked":"After Image","floor":16.0},{"not_picked":["Dash","Finisher","Dagger Spray"],"picked":"Backflip","floor":18.0},{"not_picked":["Underhanded Strike","Backflip","PiercingWail"],"picked":"Slice","floor":21.0},{"not_picked":["Bane","Catalyst","Deadly Poison"],"picked":"Die Die Die","floor":28.0},{"not_picked":["Glass Knife","Finisher","Sucker Punch"],"picked":"Choke","floor":30.0},{"not_picked":["Dodge and Roll","Heel Hook","Eviscerate"],"picked":"Malaise","floor":31.0},{"not_picked":["Venomology","Corpse Explosion","Unload"],"picked":"Adrenaline","floor":33.0},{"not_picked":["Backflip","Sucker Punch","Deadly Poison"],"picked":"Calculated Gamble","floor":35.0},{"not_picked":["Outmaneuver","Dagger Throw","Dagger Spray"],"picked":"Slice","floor":37.0},{"not_picked":["Bandage Up","Dramatic Entrance","Madness"],"picked":"Finesse","floor":38.0},{"not_picked":["Masterful Stab","Acrobatics","Choke"],"picked":"Escape Plan","floor":44.0},{"not_picked":["Sucker Punch","Crippling Poison","Phantasmal Killer"],"picked":"Backflip","floor":47},{"not_picked":["Outmaneuver","Burst","Underhanded Strike"],"picked":"Flying Knee","floor":48}],"player_experience":52507,"potions_floor_usage":[47,48,48,50,50],"damage_taken":[{"damage":2.0,"enemies":"Small Slimes","floor":1.0,"turns":4.0},{"damage":0.0,"enemies":"2 Louse","floor":3.0,"turns":4.0},{"damage":30.0,"enemies":"3 Sentries","floor":6.0,"turns":15.0},{"damage":0.0,"enemies":"Jaw Worm","floor":11.0,"turns":4.0},{"damage":20.0,"enemies":"Lagavulin","floor":13.0,"turns":6.0},{"damage":3.0,"enemies":"3 Louse","floor":14.0,"turns":3.0},{"damage":33.0,"enemies":"The Guardian","floor":16.0,"turns":12.0},{"damage":20.0,"enemies":"3 Byrds","floor":18.0,"turns":8.0},{"damage":5.0,"enemies":"Shell Parasite","floor":21.0,"turns":7.0},{"damage":0.0,"enemies":"Cultist and Chosen","floor":28.0,"turns":6.0},{"damage":27.0,"enemies":"Slavers","floor":30.0,"turns":9.0},{"damage":10.0,"enemies":"Snake Plant","floor":31.0,"turns":5.0},{"damage":33.0,"enemies":"Champ","floor":33.0,"turns":15.0},{"damage":6.0,"enemies":"Orb Walker","floor":35.0,"turns":3.0},{"damage":1.0,"enemies":"3 Shapes","floor":37.0,"turns":7.0},{"damage":3.0,"enemies":"Sphere and 2 Shapes","floor":41.0,"turns":5.0},{"damage":3.0,"enemies":"4 Shapes","floor":44.0,"turns":6.0},{"damage":8,"enemies":"3 Darklings","floor":47,"turns":4},{"damage":0,"enemies":"Nemesis","floor":48,"turns":5},{"damage":60,"enemies":"Awakened One","floor":50,"turns":16}],"event_choices":[{"event_name":"Golden Idol","player_choice":"Take Damage","floor":4.0,"damage_taken":0.0},{"event_name":"Big Fish","player_choice":"Donut","floor":8.0,"damage_taken":0.0},{"event_name":"Upgrade Shrine","player_choice":"Upgraded","floor":20.0,"damage_taken":0.0},{"event_name":"SensoryStone","player_choice":"Memory 1","floor":38.0,"damage_taken":0.0},{"event_name":"Tomb of Lord Red Mask","player_choice":"Paid","floor":39.0,"damage_taken":0.0},{"event_name":"The Moai Head","player_choice":"Gave Idol","floor":45.0,"damage_taken":0.0}],"boss_relics":[],"potions_floor_spawned":[1,3,18,21,35,37,41,44,47,48],"seed_played":"-7550117702213608018","ascension_level":0,"is_trial":false}