{"gold_per_floor":[362,15,15,28,42,42,42,107,107,125,125,146,57,71,71,71],"floor_reached":16,"playtime":838,"items_purged":["Parasite"],"score":189,"play_id":"9dcf4cd7-d43c-4886-8d90-1d629cd6ce73","local_time":"20190204104317","is_ascension_mode":true,"campfire_choices":[{"floor":6,"key":"REST"},{"floor":11,"key":"REST"},{"floor":15,"key":"REST"}],"neow_cost":"CURSE","seed_source_timestamp":73564741136807,"circlet_count":0,"master_deck":["AscendersBane","Strike_R","Strike_R","Strike_R","Strike_R","Defend_R","Defend_R","Defend_R","Defend_R","Bash","Ghostly Armor","Shrug It Off","Go for the Eyes","Backflip","Reaper","Steam","Beam Cell","Impervious","Mind Blast"],"relics":["Burning Blood","PrismaticShard","Golden Idol","Tiny Chest","Sundial"],"potions_floor_usage":[5,8,8,16],"damage_taken":[{"damage":8,"enemies":"Small Slimes","floor":1,"turns":5},{"damage":7,"enemies":"Jaw Worm","floor":4,"turns":6},{"damage":7,"enemies":"Cultist","floor":5,"turns":4},{"damage":24,"enemies":"3 Sentries","floor":8,"turns":11},{"damage":26,"enemies":"Lots of Slimes","floor":10,"turns":7},{"damage":59,"enemies":"Exordium Thugs","floor":12,"turns":9},{"damage":2,"enemies":"Blue Slaver","floor":14,"turns":6},{"damage":45,"enemies":"Slime Boss","floor":16,"turns":8}],"seed_played":"-9006079140963504185","potions_obtained":[{"floor":4,"key":"EntropicBrew"},{"floor":10,"key":"SpeedPotion"}],"is_trial":false,"path_per_floor":["M","$","?","M","M","R","?","E","T","M","R","M","$","M","R","B"],"character_chosen":"IRONCLAD","items_purchased":["PrismaticShard","Shrug It Off","Impervious"],"campfire_rested":3,"item_purchase_floors":[2,2,13],"current_hp_per_floor":[66,66,41,40,39,60,60,42,42,32,53,8,8,12,33,0],"gold":71,"neow_bonus":"TWO_FIFTY_GOLD","is_prod":false,"is_daily":false,"chose_seed":false,"campfire_upgraded":0,"win_rate":0,"timestamp":1549294997,"path_taken":["M","$","?","M","M","R","?","E","T","?","R","?","$","M","R","BOSS"],"build_version":"2019-01-23","purchased_purges":1,"victory":false,"max_hp_per_floor":[75,72,72,72,72,72,72,72,72,72,72,72,72,72,72,72],"card_choices":[{"not_picked":["Warcry","Wild Strike"],"picked":"Ghostly Armor","floor":1},{"not_picked":["Double Energy","Steam Power"],"picked":"Go for the Eyes","floor":4},{"not_picked":["Warcry","Scrape"],"picked":"Backflip","floor":5},{"not_picked":["Sword Boomerang","Twin Strike"],"picked":"Reaper","floor":8},{"not_picked":["Slice","Uppercut"],"picked":"Steam","floor":10},{"not_picked":["Body Slam","Stack"],"picked":"Beam Cell","floor":12},{"not_picked":["Cleave","Heel Hook"],"picked":"Mind Blast","floor":14}],"player_experience":2307781,"relics_obtained":[{"floor":8,"key":"Tiny Chest"},{"floor":9,"key":"Sundial"}],"event_choices":[{"damage_healed":0,"gold_gain":0,"player_choice":"Take Damage","damage_taken":25,"relics_obtained":["Golden Idol"],"max_hp_gain":0,"max_hp_loss":0,"event_name":"Golden Idol","floor":3,"gold_loss":0},{"cards_removed":["Strike_R"],"damage_healed":0,"gold_gain":0,"player_choice":"Purged","damage_taken":0,"max_hp_gain":0,"max_hp_loss":0,"event_name":"Purifier","floor":7,"gold_loss":0}],"is_beta":false,"boss_relics":[],"items_purged_floors":[2],"is_endless":false,"potions_floor_spawned":[4,5,10],"killed_by":"Slime Boss","ascension_level":17}