{"gold_per_floor":[146,21,41,41,41,41,54,69,95,95,170,187,203,238,238,333,333,333,333,333,333,333,333,333,333,333,333,333,333,11,11,11,11],"floor_reached":33,"playtime":2321,"items_purged":["Strike_G"],"score":336,"play_id":"5f1c887b-ebaa-4639-b9e8-ca304937d139","local_time":"20180706230959","is_ascension_mode":true,"campfire_choices":[{"floor":6,"key":"REST"},{"data":"Neutralize","floor":10,"key":"SMITH"},{"floor":15,"key":"REST"},{"floor":23,"key":"REST"},{"floor":25,"key":"REST"},{"floor":32,"key":"REST"}],"neow_cost":"NONE","seed_source_timestamp":0,"circlet_count":0,"master_deck":["Defend_G","Defend_G","Defend_G","Defend_G","Defend_G","Strike_G","Strike_G","Strike_G","Strike_G","Survivor","Neutralize+1","Cloak And Dagger","Cloak And Dagger","Quick Slash","Poisoned Stab","Deadly Poison","Backflip","Blur","Infinite Blades","Adrenaline","Caltrops","Decay","Backflip","Blur","Dash+1","All Out Attack","Caltrops","Apotheosis","Caltrops"],"special_seed":0,"relics":["Ring of the Snake","Tiny Chest","CultistMask","Singing Bowl","Bag of Preparation","Ectoplasm","Gremlin Horn","The Courier","Bronze Scales","Oddly Smooth Stone"],"potions_floor_usage":[14,14,16,24,33,33],"damage_taken":[{"damage":7,"enemies":"2 Louse","floor":1,"turns":3},{"damage":9,"enemies":"Jaw Worm","floor":3,"turns":7},{"damage":1,"enemies":"Cultist","floor":7,"turns":4},{"damage":0,"enemies":"Gremlin Gang","floor":8,"turns":5},{"damage":10,"enemies":"Large Slime","floor":12,"turns":8},{"damage":2,"enemies":"3 Louse","floor":13,"turns":4},{"damage":22,"enemies":"Lagavulin","floor":14,"turns":7},{"damage":21,"enemies":"The Guardian","floor":16,"turns":12},{"damage":2,"enemies":"3 Byrds","floor":18,"turns":6},{"damage":6,"enemies":"Shell Parasite","floor":21,"turns":6},{"damage":8,"enemies":"Snake Plant","floor":22,"turns":4},{"damage":30,"enemies":"Book of Stabbing","floor":24,"turns":7},{"damage":10,"enemies":"Snecko","floor":27,"turns":6},{"damage":27,"enemies":"Cultist and Chosen","floor":28,"turns":8},{"damage":21,"enemies":"3 Cultists","floor":29,"turns":7},{"damage":58,"enemies":"Collector","floor":33,"turns":7}],"seed_played":"-5375424186663526202","potions_obtained":[{"floor":3,"key":"EssenceOfSteel"},{"floor":13,"key":"AttackPotion"},{"floor":14,"key":"Dexterity Potion"},{"floor":21,"key":"Regen Potion"},{"floor":27,"key":"Strength Potion"},{"floor":28,"key":"FearPotion"}],"is_trial":false,"path_per_floor":["M","$","M","?","?","R","M","M","T","R","?","M","M","E","R","B",null,"M","?","?","M","M","R","E","R","T","M","M","M","$","T","R"],"character_chosen":"THE_SILENT","items_purchased":["Cloak And Dagger","Apotheosis","Bronze Scales","Caltrops"],"campfire_rested":5,"item_purchase_floors":[2,30,30,30],"current_hp_per_floor":[63,63,54,54,54,70,69,69,69,69,58,48,46,24,45,24,59,57,57,57,51,45,66,50,71,71,61,34,13,13,13,34,0],"gold":11,"neow_bonus":"RANDOM_COMMON_RELIC","is_prod":false,"is_daily":false,"chose_seed":false,"campfire_upgraded":1,"win_rate":0,"timestamp":1530932999,"path_taken":["M","$","M","?","?","R","M","M","T","R","?","M","M","E","R","BOSS","M","?","?","M","M","R","E","R","T","M","M","M","$","?","R","BOSS"],"build_version":"2018-07-05","purchased_purges":1,"victory":false,"max_hp_per_floor":[70,70,70,70,70,70,70,70,70,70,70,70,70,70,70,70,70,70,70,70,70,72,72,72,72,72,72,72,72,72,72,72,72],"card_choices":[{"not_picked":["Dagger Spray","Poisoned Stab"],"picked":"Cloak And Dagger","floor":1},{"not_picked":["Masterful Stab","Bane"],"picked":"Quick Slash","floor":3},{"not_picked":["Distraction","Acrobatics"],"picked":"Poisoned Stab","floor":7},{"not_picked":["Bane","Setup"],"picked":"Deadly Poison","floor":8},{"not_picked":["Poisoned Stab","Dagger Throw"],"picked":"Backflip","floor":12},{"not_picked":["Prepared","Endless Agony"],"picked":"Blur","floor":13},{"not_picked":["Well Laid Plans","Night Terror"],"picked":"Infinite Blades","floor":14},{"not_picked":["Venomology","Glass Knife"],"picked":"Adrenaline","floor":16},{"not_picked":["Dagger Spray+1","Prepared"],"picked":"Caltrops","floor":18},{"not_picked":["Dagger Spray","Acrobatics"],"picked":"Backflip","floor":21},{"not_picked":["Underhanded Strike","Deflect","Deadly Poison"],"picked":"Singing Bowl","floor":22},{"not_picked":["Slice","Die Die Die"],"picked":"Blur","floor":24},{"not_picked":["PiercingWail","Cloak And Dagger+1"],"picked":"Dash+1","floor":27},{"not_picked":["Outmaneuver","Underhanded Strike"],"picked":"All Out Attack","floor":28},{"not_picked":["Bouncing Flask+1","Flying Knee"],"picked":"Caltrops","floor":29}],"player_experience":984047,"relics_obtained":[{"floor":9,"key":"Singing Bowl"},{"floor":14,"key":"Bag of Preparation"},{"floor":24,"key":"Gremlin Horn"},{"floor":26,"key":"The Courier"},{"floor":31,"key":"Oddly Smooth Stone"}],"event_choices":[{"event_name":"Shining Light","player_choice":"Ignored","floor":4,"damage_taken":0},{"event_name":"FaceTrader","player_choice":"Trade","floor":5,"damage_taken":0},{"event_name":"World of Goop","player_choice":"Gather Gold","floor":11,"damage_taken":0},{"event_name":"Drug Dealer","player_choice":"Ignored","floor":19,"damage_taken":0},{"event_name":"Forgotten Altar","player_choice":"Smashed Altar","floor":20,"damage_taken":0}],"boss_relics":[{"not_picked":["Black Star","Calling Bell"],"picked":"Ectoplasm"}],"items_purged_floors":[2],"is_endless":false,"potions_floor_spawned":[3,13,14,21,27,28],"killed_by":"Collector","ascension_level":5}