{"path_per_floor":["M","$","?","M","M","R","M","R","T","?","$","M","?","M","R","B",null,"M","?","T","M","$","R","M","M","T","$","?","T"],"character_chosen":"DEFECT","items_purchased":["Doom and Gloom","Runic Capacitor","Chill"],"gold_per_floor":[110,71,71,85,97,97,107,107,107,207,11,29,58,68,68,167,167,183,183,237,247,104,104,115,132,132,32,32,32,32],"floor_reached":30,"campfire_rested":3,"playtime":1136,"item_purchase_floors":[2,11,22],"current_hp_per_floor":[56,56,56,56,56,56,56,75,75,75,75,73,52,36,58,5,58,35,21,21,10,10,34,28,40,40,40,40,40,0],"items_purged":["Defend_B","Strike_B"],"gold":32,"score":286,"play_id":"5a74c069-50d8-439c-a4aa-ea12a9d42986","local_time":"20180618140932","is_prod":false,"is_daily":false,"chose_seed":false,"is_ascension_mode":true,"campfire_upgraded":1,"win_rate":0,"timestamp":1529345372,"campfire_choices":[{"data":"Doom and Gloom","floor":6,"key":"SMITH"},{"floor":8,"key":"REST"},{"floor":15,"key":"REST"},{"floor":23,"key":"REST"}],"path_taken":["M","$","?","M","?","R","M","R","T","?","?","M","?","M","R","BOSS","M","?","?","?","$","R","M","M","T","$","?","?","M"],"build_version":"2018-06-14v2","seed_source_timestamp":383563875451883,"purchased_purges":2,"victory":false,"master_deck":["Defend_B","Defend_B","Defend_B","Zap","Dualcast","Undo","Doom and Gloom+1","Thunder Strike","BootSequence","Redo","Defragment","Cold Snap","Rainbow","Coolheaded+1","Cold Snap","Chill","Ball Lightning","Writhe"],"max_hp_per_floor":[75,75,75,75,75,75,75,75,75,75,75,75,75,75,75,75,75,75,80,80,80,80,80,80,80,80,80,80,80,80],"relics":["Empty Cage","Bottled Lightning","Runic Capacitor","Odd Mushroom","Lizard Tail","Tiny Chest","Letter Opener","Turnip","Peace Pipe"],"card_choices":[{"not_picked":["Turbo","Aggregate"],"picked":"Undo","floor":1},{"not_picked":["Beam Cell","Reprogram"],"picked":"BootSequence","floor":4},{"not_picked":["Reprogram","Stack","Steam"],"picked":"SKIP","floor":5},{"not_picked":["Rip and Tear","Beam Cell"],"picked":"Redo","floor":7},{"not_picked":["Conserve Battery","Reprogram","Turbo"],"picked":"SKIP","floor":12},{"not_picked":["Steam Power","Sweeping Beam"],"picked":"Defragment","floor":13},{"not_picked":["Gash","Static Discharge"],"picked":"Cold Snap","floor":14},{"not_picked":["Seek","Reboot"],"picked":"Rainbow","floor":16},{"not_picked":["Double Energy","Reinforced Body"],"picked":"Coolheaded+1","floor":18},{"not_picked":["Sunder","Undo"],"picked":"Cold Snap","floor":21},{"not_picked":["Recycle","Go for the Eyes","Streamline"],"picked":"SKIP","floor":24},{"not_picked":["Reinforced Body+1","White Noise+1"],"picked":"Ball Lightning","floor":25}],"player_experience":643875,"potions_floor_usage":[12,13,16,24],"damage_taken":[{"damage":12,"enemies":"Small Slimes","floor":1,"turns":3},{"damage":0,"enemies":"Cultist","floor":4,"turns":3},{"damage":0,"enemies":"2 Louse","floor":5,"turns":2},{"damage":0,"enemies":"Gremlin Gang","floor":7,"turns":2},{"damage":2,"enemies":"Large Slime","floor":12,"turns":3},{"damage":21,"floor":13,"turns":3},{"damage":16,"enemies":"Exordium Thugs","floor":14,"turns":4},{"damage":53,"enemies":"Hexaghost","floor":16,"turns":11},{"damage":23,"enemies":"3 Byrds","floor":18,"turns":5},{"damage":11,"enemies":"Shell Parasite","floor":21,"turns":6},{"damage":6,"enemies":"Snake Plant","floor":24,"turns":5},{"damage":29,"enemies":"3 Cultists","floor":25,"turns":6},{"damage":43,"enemies":"Chosen and Byrds","floor":30,"turns":6}],"relics_obtained":[{"floor":9,"key":"Bottled Lightning"},{"floor":13,"key":"Odd Mushroom"},{"floor":20,"key":"Tiny Chest"},{"floor":26,"key":"Letter Opener"},{"floor":29,"key":"Peace Pipe"}],"event_choices":[{"event_name":"Transmorgrifier","player_choice":"Transform","floor":3,"damage_taken":0},{"event_name":"Golden Shrine","player_choice":"Pray","floor":10,"damage_taken":0},{"event_name":"Mushrooms","player_choice":"Fought Mushrooms","floor":13,"damage_taken":0},{"event_name":"Forgotten Altar","player_choice":"Shed Blood","floor":19,"damage_taken":0},{"event_name":"The Mausoleum","player_choice":"Yes","floor":28,"damage_taken":0}],"boss_relics":[{"not_picked":["Busted Crown","Snecko Eye"],"picked":"Lizard Tail"}],"items_purged_floors":[22,27],"is_endless":false,"potions_floor_spawned":[1,4,13,14,16,18,25],"seed_played":"4216130190030593730","killed_by":"Chosen and Byrds","ascension_level":6,"potions_obtained":[{"floor":1,"key":"Explosive Potion"},{"floor":4,"key":"Fire Potion"},{"floor":13,"key":"FearPotion"},{"floor":14,"key":"Block Potion"},{"floor":16,"key":"SkillPotion"},{"floor":18,"key":"Poison Potion"},{"floor":25,"key":"Weak Potion"}],"is_trial":false}