{"gold_per_floor":[111,111,131,63,63,90,90,100,147,164,181,13,47,59,59,155,155,171,96,96,108,120,120,454,454,480,499,515,529,549,648,648,749,749,766,766,766,766,779,779,797,281,334,334,351,367,382,400,400,400],"floor_reached":50,"playtime":3904,"items_purged":["Strike_B"],"score":757,"play_id":"a01935c0-4148-4a85-9caf-5872a8422f3e","local_time":"20180706100134","is_ascension_mode":true,"campfire_choices":[{"data":"Zap","floor":7,"key":"SMITH"},{"data":"Dualcast","floor":15,"key":"SMITH"},{"floor":23,"key":"REST"},{"data":"Buffer","floor":25,"key":"SMITH"},{"data":"Redo","floor":32,"key":"SMITH"},{"data":"Self Repair","floor":40,"key":"SMITH"},{"data":"Heatsinks","floor":49,"key":"SMITH"}],"neow_cost":"NONE","seed_source_timestamp":216399070745774,"circlet_count":0,"master_deck":["Strike_B","Defend_B","Defend_B","Defend_B","Defend_B","Zap+1","Dualcast+1","Conserve Battery","Consume","Self Repair","Fission","Sunder","Leap","Heatsinks+1","Cold Snap","Coolheaded","Self Repair+1","Melter","Thunder Strike","Buffer+1","Glacier+1","Loop","Static Discharge","Chill+1","Self Repair+1","Streamline+1","Coolheaded","Redo+1","Doom and Gloom","Capacitor","Cold Snap+1","BootSequence","White Noise+1","Fission","Force Field","Reinforced Body+1","Machine Learning","Stack","White Noise+1","Glacier+1","Loop"],"relics":["Cracked Core","NeowsBlessing","Art of War","Bronze Scales","Prayer Wheel","Sozu","Nilry\u0027s Codex","Old Coin","Potion Belt","Nuclear Battery","Mango","Lantern"],"potions_floor_usage":[11,13,16,16],"damage_taken":[{"damage":0,"enemies":"2 Louse","floor":1,"turns":1},{"damage":0,"enemies":"Small Slimes","floor":3,"turns":1},{"damage":0,"enemies":"3 Sentries","floor":6,"turns":1},{"damage":6,"enemies":"Cultist","floor":8,"turns":3},{"damage":3,"enemies":"Gremlin Gang","floor":10,"turns":4},{"damage":14,"enemies":"Red Slaver","floor":11,"turns":2},{"damage":19,"enemies":"Lagavulin","floor":13,"turns":6},{"damage":3,"enemies":"Exordium Wildlife","floor":14,"turns":4},{"damage":52,"enemies":"Hexaghost","floor":16,"turns":13},{"damage":27,"enemies":"Shell Parasite","floor":18,"turns":5},{"damage":2,"enemies":"3 Byrds","floor":21,"turns":4},{"damage":17,"enemies":"Snake Plant","floor":22,"turns":4},{"damage":25,"enemies":"Book of Stabbing","floor":24,"turns":7},{"damage":34,"enemies":"Slaver and Parasite","floor":27,"turns":7},{"damage":3,"enemies":"Snecko","floor":28,"turns":6},{"damage":7,"enemies":"Sentry and Sphere","floor":29,"turns":6},{"damage":12,"enemies":"Snake Plant","floor":30,"turns":5},{"damage":46,"enemies":"Champ","floor":33,"turns":15},{"damage":12,"enemies":"Orb Walker","floor":35,"turns":4},{"damage":40,"enemies":"3 Darklings","floor":39,"turns":7},{"damage":39,"enemies":"Maw","floor":41,"turns":10},{"damage":10,"enemies":"Sphere and 2 Shapes","floor":45,"turns":7},{"damage":12,"enemies":"3 Darklings","floor":46,"turns":7},{"damage":0,"enemies":"Maw","floor":47,"turns":12},{"damage":19,"enemies":"4 Shapes","floor":48,"turns":12},{"damage":92,"enemies":"Donu and Deca","floor":50,"turns":14}],"seed_played":"-7494983206984242600","potions_obtained":[{"floor":3,"key":"FocusPotion"},{"floor":8,"key":"Regen Potion"},{"floor":10,"key":"Strength Potion"},{"floor":13,"key":"Ancient Potion"},{"floor":14,"key":"FocusPotion"}],"is_trial":false,"path_per_floor":["M","?","M","$","?","E","R","M","T","M","M","$","E","M","R","B",null,"M","?","?","M","M","R","E","R","T","M","M","M","M","?","R","B",null,"M","?","?","?","M","R","M","$","T","?","M","M","M","M","R"],"character_chosen":"DEFECT","items_purchased":["Self Repair","Coolheaded","Self Repair","Melter","Mango","Machine Learning"],"campfire_rested":1,"item_purchase_floors":[4,12,12,12,42,42],"current_hp_per_floor":[68,68,68,68,68,68,68,62,62,66,59,59,54,65,65,27,63,50,50,34,46,43,65,64,64,64,68,75,75,75,75,75,60,71,66,66,66,66,57,57,52,66,66,66,89,89,89,89,89,0],"gold":400,"neow_bonus":"THREE_ENEMY_KILL","is_prod":false,"is_daily":false,"chose_seed":false,"campfire_upgraded":6,"win_rate":0,"timestamp":1530885694,"path_taken":["M","?","M","$","?","E","R","M","T","M","?","$","E","M","R","BOSS","M","?","?","M","M","R","E","R","T","M","M","M","M","?","R","BOSS","M","?","?","?","M","R","M","$","T","?","M","?","?","M","R","BOSS"],"build_version":"2018-07-05","purchased_purges":1,"victory":false,"max_hp_per_floor":[75,75,75,75,75,75,75,75,75,75,75,75,75,75,75,75,75,75,75,75,75,75,75,75,75,75,75,75,75,75,75,75,75,75,75,75,75,75,75,75,75,89,89,89,89,89,89,89,89,89],"card_choices":[{"not_picked":["Compile Driver","Barrage"],"picked":"Conserve Battery","floor":1},{"not_picked":["Rebound","Go for the Eyes"],"picked":"Consume","floor":3},{"not_picked":["Force Field","Skim"],"picked":"Auto Shields","floor":6},{"not_picked":["Rebound","Go for the Eyes"],"picked":"Leap","floor":8},{"not_picked":["Lockon","Chaos"],"picked":"Heatsinks","floor":10},{"not_picked":["Tempest","Blizzard"],"picked":"Cold Snap","floor":11},{"not_picked":["Gash","FTL"],"picked":"Thunder Strike","floor":13},{"not_picked":["Skim","Conserve Battery","Sunder"],"picked":"SKIP","floor":14},{"not_picked":["Stack","Steam","Sunder"],"picked":"SKIP","floor":14},{"not_picked":["Rainbow","Fission"],"picked":"Buffer","floor":16},{"not_picked":["Turbo","Ball Lightning"],"picked":"Glacier+1","floor":18},{"not_picked":["Rip and Tear","Steam"],"picked":"Loop","floor":18},{"not_picked":["Cold Snap","Barrage+1"],"picked":"Static Discharge","floor":21},{"not_picked":["Rebound+1","Coolheaded"],"picked":"Chill+1","floor":21},{"not_picked":["Streamline","Steam"],"picked":"Self Repair+1","floor":22},{"not_picked":["Turbo","Gash"],"picked":"Streamline+1","floor":22},{"not_picked":["White Noise","Recycle"],"picked":"Coolheaded","floor":24},{"not_picked":["Turbo+1","Stack+1"],"picked":"Redo","floor":27},{"not_picked":["Ball Lightning","Fusion"],"picked":"Doom and Gloom","floor":27},{"not_picked":["Skim","Hologram"],"picked":"Capacitor","floor":28},{"not_picked":["Blizzard","FTL"],"picked":"Cold Snap+1","floor":28},{"not_picked":["Fission","Turbo"],"picked":"BootSequence","floor":29},{"not_picked":["Go for the Eyes","Streamline+1","Sunder"],"picked":"SKIP","floor":29},{"not_picked":["Steam","Ball Lightning+1"],"picked":"White Noise+1","floor":30},{"not_picked":["Streamline+1","Gash","Coolheaded"],"picked":"SKIP","floor":30},{"not_picked":["Amplify","Hyperbeam"],"picked":"Fission","floor":33},{"not_picked":["Steam Power","Steam+1","Chaos+1"],"picked":"SKIP","floor":35},{"not_picked":["Genetic Algorithm","Melter+1","Consume"],"picked":"SKIP","floor":35},{"not_picked":["Heatsinks+1","Reinforced Body+1"],"picked":"Force Field","floor":39},{"not_picked":["Go for the Eyes+1","Gash"],"picked":"Reinforced Body+1","floor":39},{"not_picked":["Coolheaded+1","Beam Cell","Leap"],"picked":"SKIP","floor":41},{"not_picked":["Streamline","Doom and Gloom+1","Scrape+1"],"picked":"SKIP","floor":41},{"not_picked":["Coolheaded","Ball Lightning+1","Barrage+1"],"picked":"SKIP","floor":45},{"not_picked":["Undo","Coolheaded","Stack+1"],"picked":"SKIP","floor":45},{"not_picked":["Compile Driver+1","Chaos+1"],"picked":"White Noise+1","floor":46},{"not_picked":["Ball Lightning","Sweeping Beam","Barrage"],"picked":"SKIP","floor":46},{"not_picked":["Amplify","Gash+1"],"picked":"Glacier+1","floor":47},{"not_picked":["Melter+1","Doom and Gloom","Barrage+1"],"picked":"SKIP","floor":47},{"not_picked":["Ball Lightning","Steam"],"picked":"Loop","floor":48},{"not_picked":["Stack+1","Hologram","Barrage+1"],"picked":"SKIP","floor":48}],"player_experience":960629,"relics_obtained":[{"floor":6,"key":"Art of War"},{"floor":9,"key":"Bronze Scales"},{"floor":13,"key":"Prayer Wheel"},{"floor":20,"key":"Nilry\u0027s Codex"},{"floor":24,"key":"Old Coin"},{"floor":26,"key":"Potion Belt"},{"floor":43,"key":"Lantern"}],"event_choices":[{"event_name":"Shining Light","player_choice":"Ignored","floor":2,"damage_taken":0},{"event_name":"Match and Keep!","player_choice":"2 cards matched","floor":5,"damage_taken":0},{"event_name":"Beggar","player_choice":"Gave Gold","floor":19,"damage_taken":0},{"event_name":"Cursed Tome","player_choice":"Obtained Book","floor":20,"damage_taken":0},{"event_name":"Nest","player_choice":"Stole From Cult","floor":31,"damage_taken":0},{"event_name":"Mysterious Sphere","player_choice":"Ignore","floor":36,"damage_taken":0},{"event_name":"Falling","player_choice":"Removed Skill","floor":37,"damage_taken":0},{"event_name":"Accursed Blacksmith","player_choice":"Ignore","floor":38,"damage_taken":0},{"event_name":"Transmorgrifier","player_choice":"Transform","floor":44,"damage_taken":0}],"boss_relics":[{"not_picked":["Black Star","Philosopher\u0027s Stone"],"picked":"Sozu"},{"not_picked":["Cursed Key","Astrolabe"],"picked":"Nuclear Battery"}],"items_purged_floors":[42],"is_endless":false,"potions_floor_spawned":[3,8,10,13,14,22,27,28,29,30,33,39,46,47,48],"killed_by":"Donu and Deca","ascension_level":8}