{"gold_per_floor":[117,117,130,150,163,163,175,244,244,209,223,159,159,172,172,268,268,286,286,286,30,30,30,30,30,30,50,66,78,78,178,178,283,283,303,314,314,160,171,171,27,27,73,73,84,84,134,134,134,134],"floor_reached":51,"playtime":2489,"items_purged":[],"score":1109,"play_id":"24268a00-0e30-4cde-8ef1-bd14c7e0b04f","local_time":"20180907092255","is_ascension_mode":true,"campfire_choices":[{"data":"Neutralize","floor":6,"key":"SMITH"},{"data":"Infinite Blades","floor":13,"key":"SMITH"},{"data":"Cloak And Dagger","floor":15,"key":"SMITH"},{"data":"Blade Dance","floor":23,"key":"SMITH"},{"data":"Cloak And Dagger","floor":25,"key":"SMITH"},{"data":"A Thousand Cuts","floor":32,"key":"SMITH"},{"data":"Blade Dance","floor":40,"key":"SMITH"},{"data":"Terror","floor":42,"key":"SMITH"},{"data":"Backstab","floor":44,"key":"SMITH"},{"data":"Backstab","floor":46,"key":"SMITH"},{"data":"A Thousand Cuts","floor":49,"key":"SMITH"}],"neow_cost":"NONE","seed_source_timestamp":1500269055334679,"circlet_count":0,"master_deck":["Survivor","Neutralize+1","AscendersBane","Cloak And Dagger+1","Backflip","Infinite Blades+1","Backflip","PiercingWail","Accuracy","Burst","Backstab+1","Choke","Dash","Slice","Blade Dance+1","Backflip","Blade Dance","Well Laid Plans","Cloak And Dagger+1","Blade Dance+1","A Thousand Cuts+1","Adrenaline","Backstab+1","Backflip+1","Dodge and Roll+1","Backstab","Terror+1","Backstab","A Thousand Cuts+1","Dramatic Entrance"],"relics":["Coffee Dripper","Shuriken","Incense Burner","FossilizedHelix","Pandora\u0027s Box","MutagenicStrength","Ninja Scroll","Pantograph","Empty Cage","Bag of Marbles","Vajra","Shovel"],"potions_floor_usage":[14,16,39,50,50],"damage_taken":[{"damage":1,"enemies":"Jaw Worm","floor":1,"turns":6},{"damage":6,"enemies":"2 Louse","floor":3,"turns":2},{"damage":0,"enemies":"Cultist","floor":4,"turns":4},{"damage":20,"enemies":"Exordium Thugs","floor":5,"turns":6},{"damage":9,"enemies":"3 Louse","floor":7,"turns":4},{"damage":3,"enemies":"Exordium Wildlife","floor":11,"turns":4},{"damage":0,"enemies":"Lots of Slimes","floor":14,"turns":4},{"damage":0,"enemies":"Hexaghost","floor":16,"turns":9},{"damage":0,"enemies":"Shell Parasite","floor":18,"turns":3},{"damage":0,"enemies":"3 Byrds","floor":27,"turns":3},{"damage":0,"enemies":"Centurion and Healer","floor":28,"turns":3},{"damage":0,"enemies":"3 Cultists","floor":29,"turns":3},{"damage":22,"enemies":"Champ","floor":33,"turns":7},{"damage":0,"enemies":"Orb Walker","floor":35,"turns":2},{"damage":18,"enemies":"3 Shapes","floor":36,"turns":4},{"damage":0,"enemies":"Spire Growth","floor":39,"turns":3},{"damage":0,"enemies":"Reptomancer","floor":45,"turns":3},{"damage":0,"enemies":"Mysterious Sphere","floor":47,"turns":2},{"damage":67,"enemies":"Donu and Deca","floor":50,"turns":8}],"seed_played":"7027023242137433322","potions_obtained":[{"floor":3,"key":"GhostInAJar"},{"floor":4,"key":"Ancient Potion"},{"floor":7,"key":"LiquidBronze"},{"floor":18,"key":"FearPotion"},{"floor":29,"key":"Weak Potion"},{"floor":47,"key":"Poison Potion"}],"is_trial":false,"path_per_floor":["M","?","M","M","M","R","M","T","T","?","M","?","R","M","R","B",null,"M","?","?","$","?","R","$","R","T","M","M","M","?","?","R","B",null,"M","M","?","$","M","R","$","R","T","R","M","R","?","?","R","B"],"character_chosen":"THE_SILENT","items_purchased":["Ninja Scroll","Bag of Marbles","Backstab","Terror"],"campfire_rested":0,"item_purchase_floors":[21,38,41,41],"current_hp_per_floor":[62,62,56,56,36,36,27,27,27,44,41,41,41,41,41,41,63,63,63,63,63,63,63,63,63,63,63,63,63,63,63,63,48,65,65,47,47,47,47,47,47,47,47,47,47,47,47,47,47,3],"gold":134,"neow_bonus":"BOSS_RELIC","is_prod":false,"is_daily":false,"chose_seed":false,"campfire_upgraded":11,"win_rate":0,"timestamp":1536326575,"path_taken":["M","?","?","M","M","R","M","?","T","?","?","?","R","M","R","BOSS","M","?","?","$","?","R","$","R","T","M","M","?","?","?","R","BOSS","M","M","?","$","M","R","$","R","T","R","M","R","?","?","R","BOSS"],"build_version":"2018-09-06","purchased_purges":0,"victory":true,"max_hp_per_floor":[70,70,70,70,70,70,70,70,70,70,70,70,70,70,70,70,70,70,70,70,70,70,70,70,70,70,70,70,70,70,70,70,70,70,70,70,70,70,70,70,70,70,70,70,70,70,70,70,70,70],"card_choices":[{"not_picked":["Dagger Spray","Slice"],"picked":"Sucker Punch","floor":1},{"not_picked":["Flying Knee","Underhanded Strike"],"picked":"Cloak And Dagger","floor":3},{"not_picked":["Outmaneuver","Skewer"],"picked":"Backflip","floor":4},{"not_picked":["Sucker Punch","Flying Knee"],"picked":"Infinite Blades","floor":5},{"not_picked":["PiercingWail","Tactician"],"picked":"Backflip","floor":7},{"not_picked":["Endless Agony","Corpse Explosion"],"picked":"PiercingWail","floor":11},{"not_picked":["Well Laid Plans","Terror"],"picked":"Accuracy","floor":14},{"not_picked":["Corpse Explosion","Grand Finale"],"picked":"Burst","floor":16},{"not_picked":["Dagger Spray","Dagger Throw"],"picked":"Cloak And Dagger","floor":18},{"not_picked":["Backflip","Prepared+1","Acrobatics"],"picked":"SKIP","floor":27},{"not_picked":["Flechettes","Dagger Spray+1"],"picked":"Blade Dance","floor":28},{"not_picked":["Deadly Poison+1","Setup","Deflect"],"picked":"SKIP","floor":29},{"not_picked":["Grand Finale","Burst"],"picked":"Adrenaline","floor":33},{"not_picked":["Endless Agony","All Out Attack"],"picked":"Backstab","floor":35},{"not_picked":["Eviscerate+1","Dagger Spray"],"picked":"Backflip+1","floor":36},{"not_picked":["Flechettes","Acrobatics+1"],"picked":"Dodge and Roll+1","floor":39},{"not_picked":["Prepared+1","Terror+1"],"picked":"Backstab","floor":45},{"not_picked":["Acrobatics+1","Flying Knee"],"picked":"A Thousand Cuts","floor":47},{"not_picked":["Panacea","Enlightenment"],"picked":"Dramatic Entrance","floor":48}],"player_experience":1516206,"relics_obtained":[{"floor":8,"key":"Shuriken"},{"floor":9,"key":"Incense Burner"},{"floor":26,"key":"Pantograph"},{"floor":43,"key":"Vajra"},{"floor":47,"key":"Shovel"}],"event_choices":[{"event_name":"Liars Game","player_choice":"disagreed","floor":2,"damage_taken":0},{"event_name":"The Cleric","player_choice":"Healed","floor":10,"damage_taken":0},{"event_name":"WeMeetAgain","player_choice":"Gold","floor":12,"damage_taken":0},{"event_name":"Drug Dealer","player_choice":"Inject Mutagens","floor":19,"damage_taken":0},{"event_name":"Ghosts","player_choice":"Ignored","floor":20,"damage_taken":0},{"event_name":"Back to Basics","player_choice":"Elegance","floor":22,"damage_taken":0},{"event_name":"Match and Keep!","player_choice":"1 cards matched","floor":30,"damage_taken":0},{"event_name":"Golden Shrine","player_choice":"Pray","floor":31,"damage_taken":0},{"event_name":"Tomb of Lord Red Mask","player_choice":"Ignored","floor":37,"damage_taken":0},{"event_name":"Mysterious Sphere","player_choice":"Fight","floor":47,"damage_taken":0},{"event_name":"SensoryStone","player_choice":"Memory 1","floor":48,"damage_taken":0}],"is_beta":false,"boss_relics":[{"not_picked":["Ectoplasm","Black Star"],"picked":"Pandora\u0027s Box"},{"not_picked":["Calling Bell","Tiny House"],"picked":"Empty Cage"}],"items_purged_floors":[],"is_endless":false,"potions_floor_spawned":[3,4,7,11,18,28,29,35,47],"ascension_level":11}