{"path_per_floor":["M","?","$","?","$","E","R","T","T","?","R","M","M","?","R","B",null,"M","M","?","?","M","E"],"character_chosen":"IRONCLAD","items_purchased":["Shrug It Off","Anger"],"gold_per_floor":[119,119,20,20,20,53,53,53,53,53,53,73,89,89,89,190,190,209,219,219,219,238,263,263],"floor_reached":24,"campfire_rested":1,"playtime":1018,"current_hp_per_floor":[80,80,80,80,80,58,80,80,80,80,80,80,80,80,80,68,80,76,67,67,67,61,21,0],"items_purged":[],"gold":263,"score":223,"play_id":"40eec6ea-c263-4281-b9ab-24d4a4eb0660","local_time":"20180328173419","is_prod":false,"is_daily":false,"is_ascension_mode":true,"campfire_upgraded":2,"timestamp":1522247659,"path_taken":["M","?","$","?","$","E","R","?","T","?","R","M","?","?","R","BOSS","M","M","?","?","?","E","M"],"build_version":"2018-03-22v2","purchased_purges":0,"victory":false,"master_deck":["Strike_R","Strike_R","Strike_R","Strike_R","Defend_R","Defend_R","Defend_R","Defend_R","Bash","Pommel Strike+1","Shrug It Off+1","Anger+1","Pummel","Thunderclap","Clash","Feed","Metallicize+1","Spot Weakness+1","True Grit+1","Metallicize"],"max_hp_per_floor":[80,80,80,80,80,80,80,80,80,80,80,80,80,80,80,80,80,83,83,83,83,86,89,89],"relics":["Burning Blood","Omamori","Centennial Puzzle","Du-Vu Doll","Champion Belt","Question Card","Bronze Scales"],"card_choices":[{"not_picked":["True Grit","Warcry"],"picked":"Pommel Strike","floor":1},{"not_picked":["Dropkick","Whirlwind"],"picked":"Thunderclap","floor":6},{"not_picked":["Ghostly Armor","Twin Strike"],"picked":"Clash","floor":12},{"not_picked":["Barricade","Exhume"],"picked":"Feed","floor":16},{"not_picked":["True Grit","Headbutt","Clash"],"picked":"Metallicize","floor":18},{"not_picked":["Sword Boomerang","Searing Blow","Perfected Strike"],"picked":"Spot Weakness","floor":19},{"not_picked":["Wild Strike","Corruption","Rage"],"picked":"True Grit","floor":22},{"not_picked":["Dropkick","Second Wind","Ghostly Armor"],"picked":"Metallicize","floor":23}],"player_experience":202942,"potions_floor_usage":[18,19,22,24],"damage_taken":[{"damage":1,"enemies":"2 Louse","floor":1,"turns":2},{"damage":28,"enemies":"3 Sentries","floor":6,"turns":9},{"damage":1,"enemies":"Jaw Worm","floor":12,"turns":3},{"damage":0,"enemies":"Cultist","floor":13,"turns":3},{"damage":18,"enemies":"Hexaghost","floor":16,"turns":9},{"damage":13,"enemies":"2 Thieves","floor":18,"turns":3},{"damage":15,"enemies":"Chosen","floor":19,"turns":6},{"damage":15,"enemies":"Centurion and Healer","floor":22,"turns":5},{"damage":49,"enemies":"Slavers","floor":23,"turns":9},{"damage":28,"enemies":"Slaver and Parasite","floor":24,"turns":4}],"event_choices":[{"event_name":"The Cleric","player_choice":"Leave","floor":2,"damage_taken":0},{"event_name":"Transmorgrifier","player_choice":"Transform","floor":4,"damage_taken":0},{"event_name":"Liars Game","player_choice":"disagreed","floor":10,"damage_taken":0},{"event_name":"Living Wall","player_choice":"Grow","floor":14,"damage_taken":0},{"event_name":"Upgrade Shrine","player_choice":"Upgraded","floor":20,"damage_taken":0},{"event_name":"Vampires","player_choice":"Ignored","floor":21,"damage_taken":0}],"boss_relics":[{"not_picked":["Black Star","Runic Pyramid"],"picked":"Question Card"}],"potions_floor_spawned":[13,16,19,23],"seed_played":"3652845700682103217","killed_by":"Slaver and Parasite","ascension_level":1,"is_trial":false}