{"gold_per_floor":[113,113,14,34,34,69,69,16,42,42,68,68,84,96,96,200,200,215,30,30,43,54,54,69,69,142,142,142,57,67,67,67,67],"floor_reached":33,"playtime":985,"items_purged":[],"score":342,"play_id":"a6696198-b354-4f3a-93ca-f2b2afd1e7a2","local_time":"20181011001204","is_ascension_mode":true,"campfire_choices":[{"data":"Armaments","floor":7,"key":"SMITH"},{"data":"Wild Strike","floor":10,"key":"SMITH"},{"data":"Offering","floor":15,"key":"SMITH"},{"floor":23,"key":"REST"},{"data":"Flame Barrier","floor":25,"key":"SMITH"},{"data":"Discovery","floor":27,"key":"SMITH"},{"data":"Double Tap","floor":32,"key":"SMITH"}],"neow_cost":"NONE","seed_source_timestamp":85437559789126,"circlet_count":0,"master_deck":["Strike_R+1","Strike_R+1","Strike_R+1","Strike_R+1","Strike_R+1","Defend_R+1","Defend_R+1","Defend_R+1","Defend_R+1","Bash","Armaments+1","Thunderclap","Sword Boomerang","Wild Strike+1","Offering+1","Cleave","Double Tap+1","Anger+1","Discovery+1","Carnage","Flame Barrier+1","Carnage+1","Infernal Blade+1","Battle Trance"],"relics":["Burning Blood","Art of War","Bird Faced Urn","Omamori","Boot","Sozu","Dodecahedron","Bronze Scales"],"potions_floor_usage":[6,6,16,16,16,18],"damage_taken":[{"damage":13,"enemies":"Jaw Worm","floor":1,"turns":4},{"damage":0,"enemies":"2 Louse","floor":4,"turns":4},{"damage":11,"enemies":"Lagavulin","floor":6,"turns":8},{"damage":17,"enemies":"3 Sentries","floor":11,"turns":8},{"damage":6,"enemies":"Small Slimes","floor":13,"turns":2},{"damage":6,"enemies":"2 Fungi Beasts","floor":14,"turns":2},{"damage":22,"enemies":"Hexaghost","floor":16,"turns":6},{"damage":18,"enemies":"Shell Parasite","floor":18,"turns":3},{"damage":12,"enemies":"2 Thieves","floor":21,"turns":3},{"damage":28,"enemies":"Centurion and Healer","floor":22,"turns":4},{"damage":0,"enemies":"Snake Plant","floor":24,"turns":2},{"damage":7,"enemies":"3 Cultists","floor":30,"turns":3},{"damage":77,"enemies":"Champ","floor":33,"turns":6}],"seed_played":"-2054804155031307777","potions_obtained":[{"floor":6,"key":"FearPotion"},{"floor":11,"key":"PowerPotion"},{"floor":13,"key":"Weak Potion"},{"floor":16,"key":"GamblersBrew"}],"is_trial":false,"path_per_floor":["M","?","$","M","?","E","R","$","T","R","E","?","M","M","R","B",null,"M","$","?","M","M","R","M","R","T","R","?","?","M","?","R"],"character_chosen":"IRONCLAD","items_purchased":["Dexterity Potion","Strength Potion","Wild Strike","Discovery","Carnage"],"campfire_rested":1,"item_purchase_floors":[3,3,8,19,19],"current_hp_per_floor":[65,65,65,71,71,66,66,66,66,66,55,60,60,60,60,46,75,63,63,63,57,35,60,66,66,66,66,66,66,65,65,65,0],"gold":67,"neow_bonus":"RANDOM_COMMON_RELIC","is_prod":false,"is_daily":false,"chose_seed":false,"campfire_upgraded":6,"win_rate":0,"timestamp":1539234724,"path_taken":["M","?","$","M","?","E","R","$","T","R","E","?","M","M","R","BOSS","M","$","?","?","M","R","M","R","T","R","?","?","?","?","R","BOSS"],"build_version":"2018-10-04v2","purchased_purges":0,"victory":false,"max_hp_per_floor":[80,80,80,80,80,80,80,80,80,80,80,85,85,85,85,85,85,85,85,85,85,85,85,85,85,85,85,85,85,85,85,85,85],"card_choices":[{"not_picked":["Twin Strike","Uppercut"],"picked":"Armaments","floor":1},{"not_picked":["Anger","Cleave"],"picked":"Thunderclap","floor":4},{"not_picked":["Dual Wield","Rampage"],"picked":"Sword Boomerang","floor":6},{"not_picked":["Sentinel","Clothesline"],"picked":"Offering","floor":11},{"not_picked":["Warcry","Clash"],"picked":"Cleave","floor":13},{"not_picked":["Havoc","Blood for Blood","Armaments"],"picked":"SKIP","floor":14},{"not_picked":["Fiend Fire","Barricade"],"picked":"Double Tap","floor":16},{"not_picked":["Clash","Perfected Strike"],"picked":"Anger+1","floor":18},{"not_picked":["Sword Boomerang","Havoc"],"picked":"Carnage+1","floor":21},{"not_picked":["Reckless Charge","Pommel Strike","Body Slam"],"picked":"SKIP","floor":22},{"not_picked":["Iron Wave","True Grit+1"],"picked":"Infernal Blade+1","floor":24},{"not_picked":["Twin Strike","Sword Boomerang"],"picked":"Battle Trance","floor":30}],"player_experience":731032,"relics_obtained":[{"floor":6,"key":"Bird Faced Urn"},{"floor":9,"key":"Omamori"},{"floor":11,"key":"Boot"},{"floor":26,"key":"Dodecahedron"}],"event_choices":[{"event_name":"Shining Light","player_choice":"Ignored","floor":2,"damage_taken":0},{"event_name":"Golden Idol","player_choice":"Ignored","floor":5,"damage_taken":0},{"event_name":"Big Fish","player_choice":"Donut","floor":12,"damage_taken":0},{"event_name":"The Library","player_choice":"Read","floor":20,"damage_taken":0},{"event_name":"Cursed Tome","player_choice":"Ignored","floor":28,"damage_taken":0},{"event_name":"Addict","player_choice":"Obtained Relic","floor":29,"damage_taken":0},{"event_name":"Back to Basics","player_choice":"Simplicity","floor":31,"damage_taken":0}],"is_beta":false,"boss_relics":[{"not_picked":["Empty Cage","Fusion Hammer"],"picked":"Sozu"}],"items_purged_floors":[],"is_endless":false,"potions_floor_spawned":[6,11,13,16,22,24],"killed_by":"Champ","ascension_level":7}