{"gold_per_floor":[114,129,144,25,40,40,70,85,85,100,130,145,5,20,20,120,120,135,64,64,64,64,94,94,94,119,134,134,164,179,209,209,309,309,324,74,349,226,241,271,286,57,57,57,57,57,87,102,102,102],"floor_reached":51,"playtime":2891,"items_purged":[],"score":1375,"play_id":"7a1c2c35-9098-4e2c-b650-86733af37b9b","local_time":"20190110114643","daily_mods":["Insanity","Hoarder","Night Terrors"],"is_ascension_mode":false,"campfire_choices":[{"data":"Uppercut","floor":6.0,"key":"SMITH"},{"data":"Armaments","floor":15.0,"key":"SMITH"},{"data":"Disarm","floor":24.0,"key":"SMITH"},{"data":"Armaments","floor":28.0,"key":"SMITH"},{"data":"Warcry","floor":32.0,"key":"SMITH"},{"data":"Seeing Red","floor":46,"key":"SMITH"},{"data":"Dark Embrace","floor":49,"key":"SMITH"}],"neow_cost":"","seed_source_timestamp":0,"circlet_count":0,"master_deck":["Thunderclap","Iron Wave","Wild Strike","Perfected Strike","Anger","Cleave","Sword Boomerang","Disarm+1","Shrug It Off","Second Wind","Headbutt","Perfected Strike","Perfected Strike","Entrench","Flame Barrier","Dual Wield","Pommel Strike","Clothesline","Armaments+1","Combust","Clothesline","Spot Weakness","Flex","Shockwave","Warcry","Thunderclap","Bloodletting","Iron Wave","Entrench","Anger","Twin Strike","Sentinel","Body Slam","Anger","Clash","Carnage","Seeing Red+1","Thunderclap","Headbutt","Armaments+1","Warcry+1","Rampage","Anger","Inflame","Spot Weakness","Spot Weakness","Shrug It Off","Clash","Sever Soul","Carnage","Combust","Combust","Combust","Feel No Pain","Feel No Pain","Feel No Pain","Burning Pact","Burning Pact","Burning Pact","Uppercut+1","Uppercut","Uppercut","Shrug It Off","Shrug It Off","Shrug It Off","Iron Wave","Iron Wave","Iron Wave","Feel No Pain","Feel No Pain","Feel No Pain","Rage","Rage","Rage","Headbutt","Headbutt","Headbutt","Metallicize","Metallicize","Metallicize","Entrench","Entrench","Entrench","Demon Form","Demon Form","Demon Form","Shrug It Off","Shrug It Off","Shrug It Off","Feed","Feed","Feed","Shrug It Off+1","Shrug It Off+1","Shrug It Off+1","Rupture","Rupture","Rupture","Decay","Decay","Decay","Infernal Blade","Infernal Blade","Infernal Blade","Shrug It Off","Shrug It Off","Shrug It Off","Shockwave","Shockwave","Shockwave","True Grit","True Grit","True Grit","Pommel Strike","Pommel Strike","Pommel Strike","Dark Embrace+1","Dark Embrace","Dark Embrace","Decay","Decay","Decay","Doubt","Doubt","Doubt","Writhe","Writhe","Writhe","Clothesline","Clothesline","Clothesline","Regret","Regret","Regret","Dramatic Entrance","Dramatic Entrance","Dramatic Entrance","Corruption","Corruption","Corruption","Reaper","Reaper","Reaper","Body Slam+1","Body Slam+1","Body Slam+1","Ghostly Armor+1","Ghostly Armor+1","Ghostly Armor+1","Feed","Feed","Feed","Corruption+1","Corruption+1","Corruption+1","Flame Barrier+1","Flame Barrier+1","Flame Barrier+1"],"special_seed":17906,"relics":["Burning Blood","Bird Faced Urn","Pocketwatch","Mercury Hourglass","Coffee Dripper","Bronze Scales","Darkstone Periapt","Oddly Smooth Stone","Happy Flower","Matryoshka","Calling Bell","Art of War","Pantograph","WingedGreaves","Bottled Tornado","Frozen Egg 2","PreservedInsect","Strawberry","Dead Branch","Bag of Marbles"],"potions_floor_usage":[50,50,50],"damage_taken":[{"damage":0.0,"enemies":"Cultist","floor":1.0,"turns":2.0},{"damage":0.0,"enemies":"2 Louse","floor":2.0,"turns":2.0},{"damage":0.0,"enemies":"Jaw Worm","floor":3.0,"turns":1.0},{"damage":5.0,"enemies":"Exordium Wildlife","floor":5.0,"turns":4.0},{"damage":10.0,"enemies":"3 Sentries","floor":7.0,"turns":4.0},{"damage":0.0,"enemies":"3 Louse","floor":8.0,"turns":3.0},{"damage":4.0,"enemies":"Gremlin Gang","floor":10.0,"turns":4.0},{"damage":17.0,"enemies":"Lagavulin","floor":11.0,"turns":4.0},{"damage":3.0,"enemies":"Exordium Wildlife","floor":12.0,"turns":3.0},{"damage":6.0,"enemies":"Red Slaver","floor":14.0,"turns":2.0},{"damage":15.0,"enemies":"The Guardian","floor":16.0,"turns":9.0},{"damage":7.0,"enemies":"3 Byrds","floor":18.0,"turns":2.0},{"damage":24.0,"enemies":"Book of Stabbing","floor":23.0,"turns":6.0},{"damage":19.0,"enemies":"Shell Parasite","floor":27.0,"turns":7.0},{"damage":34.0,"enemies":"Slavers","floor":29.0,"turns":5.0},{"damage":2.0,"enemies":"3 Cultists","floor":30.0,"turns":7.0},{"damage":3.0,"enemies":"Book of Stabbing","floor":31.0,"turns":7.0},{"damage":49.0,"enemies":"Champ","floor":33.0,"turns":11.0},{"damage":10.0,"enemies":"Orb Walker","floor":35.0,"turns":4.0},{"damage":0.0,"enemies":"3 Shapes","floor":39.0,"turns":2.0},{"damage":37.0,"enemies":"Reptomancer","floor":40.0,"turns":7.0},{"damage":31.0,"enemies":"Jaw Worm Horde","floor":41.0,"turns":6.0},{"damage":15,"enemies":"Nemesis","floor":47,"turns":7},{"damage":21,"enemies":"Maw","floor":48,"turns":4},{"damage":30,"enemies":"Awakened One","floor":50,"turns":4}],"seed_played":"-5387358515685064469","potions_obtained":[{"floor":3.0,"key":"AttackPotion"},{"floor":5.0,"key":"GamblersBrew"},{"floor":8.0,"key":"SneckoOil"},{"floor":10.0,"key":"Ancient Potion"},{"floor":11.0,"key":"Poison Potion"},{"floor":14.0,"key":"Swift Potion"},{"floor":16.0,"key":"PowerPotion"},{"floor":27.0,"key":"Strength Potion"},{"floor":29.0,"key":"Dexterity Potion"},{"floor":48,"key":"PowerPotion"}],"is_trial":false,"path_per_floor":["M","M","M","$","M","R","E","M","T","M","E","M","$","M","R","B",null,"M","$","?","?","$","E","R","?","T","M","R","E","M","E","R","B",null,"M","$","?","$","M","E","M","$","T","$","?","R","E","M","R","B",null],"character_chosen":"IRONCLAD","items_purchased":["Uppercut","Shrug It Off","Demon Form","Rupture","Bottled Tornado","Dramatic Entrance","Corruption","Feed","PreservedInsect"],"campfire_rested":0,"item_purchase_floors":[4,4,13,19,36,38,38,42,42],"current_hp_per_floor":[80,80,80,80,80,80,76,80,80,80,73,80,80,80,80,80,80,83,83,83,83,83,69,69,69,69,72,72,52,72,82,82,55,108,109,109,115,115,123,103,94,94,101,101,101,101,111,108,108,113],"gold":102,"neow_bonus":"","is_prod":false,"is_daily":true,"chose_seed":false,"campfire_upgraded":7,"win_rate":0,"timestamp":1547117203,"path_taken":["M","M","M","$","M","R","E","M","T","?","E","M","?","M","R","BOSS","M","$","?","?","?","E","R","?","T","?","R","E","M","E","R","BOSS","M","$","?","$","?","E","M","$","T","?","?","R","E","M","R","BOSS"],"build_version":"2019-01-03v4","purchased_purges":0,"victory":true,"max_hp_per_floor":[80,80,80,80,80,80,80,80,80,80,80,80,80,80,80,80,80,83,83,83,83,83,83,83,83,83,83,83,83,87,90,90,90,108,111,111,117,117,123,123,123,123,130,130,130,130,133,133,133,136],"card_choices":[{"not_picked":["Entrench","Warcry"],"picked":"Combust","floor":1.0},{"not_picked":["Havoc","Reckless Charge"],"picked":"Feel No Pain","floor":2.0},{"not_picked":["Power Through","Clash"],"picked":"Burning Pact","floor":3.0},{"not_picked":["Cleave","Sever Soul"],"picked":"Iron Wave","floor":5.0},{"not_picked":["Searing Blow","Rage"],"picked":"Feel No Pain","floor":7.0},{"not_picked":["Berserk","Spot Weakness"],"picked":"Rage","floor":8.0},{"not_picked":["Dropkick","Iron Wave"],"picked":"Headbutt","floor":10.0},{"not_picked":["Armaments","Sword Boomerang"],"picked":"Metallicize","floor":11.0},{"not_picked":["Sword Boomerang","Iron Wave"],"picked":"Entrench","floor":12.0},{"not_picked":["Clothesline","Combust"],"picked":"Shrug It Off","floor":14.0},{"not_picked":["Juggernaut","Double Tap"],"picked":"Feed","floor":16.0},{"not_picked":["Armaments","Clash+1"],"picked":"Shrug It Off+1","floor":18.0},{"not_picked":["Anger","Perfected Strike"],"picked":"Infernal Blade","floor":23.0},{"not_picked":["Entrench","Uppercut"],"picked":"Shrug It Off","floor":27.0},{"not_picked":["Warcry","Flex+1"],"picked":"Shockwave","floor":29.0},{"not_picked":["Armaments","Heavy Blade"],"picked":"True Grit","floor":30.0},{"not_picked":["Fire Breathing","Headbutt"],"picked":"Pommel Strike","floor":31.0},{"not_picked":["Demon Form","Brutality"],"picked":"Dark Embrace","floor":33.0},{"not_picked":["Anger+1","Flex+1"],"picked":"Clothesline","floor":35.0},{"not_picked":["Combust","Carnage"],"picked":"Reaper","floor":39.0},{"not_picked":["Clothesline+1","Shockwave+1"],"picked":"Body Slam+1","floor":40.0},{"not_picked":["Warcry","Flex"],"picked":"Ghostly Armor+1","floor":41.0},{"not_picked":["Rupture+1","Evolve+1"],"picked":"Corruption+1","floor":47},{"not_picked":["Pommel Strike","Evolve+1"],"picked":"Flame Barrier+1","floor":48}],"player_experience":1849071,"relics_obtained":[{"floor":7.0,"key":"Bird Faced Urn"},{"floor":9.0,"key":"Pocketwatch"},{"floor":11.0,"key":"Mercury Hourglass"},{"floor":23.0,"key":"Bronze Scales"},{"floor":26.0,"key":"Oddly Smooth Stone"},{"floor":29.0,"key":"Happy Flower"},{"floor":31.0,"key":"Matryoshka"},{"floor":34.0,"key":"Art of War"},{"floor":34.0,"key":"Pantograph"},{"floor":34.0,"key":"WingedGreaves"},{"floor":40.0,"key":"Frozen Egg 2"},{"floor":43,"key":"Strawberry"},{"floor":43,"key":"Dead Branch"},{"floor":47,"key":"Bag of Marbles"}],"event_choices":[{"damage_healed":0.0,"max_hp_gain":0.0,"max_hp_loss":0.0,"gold_gain":0.0,"event_name":"Forgotten Altar","player_choice":"Smashed Altar","floor":20.0,"gold_loss":0.0,"damage_taken":0.0,"cards_obtained":["Decay"]},{"damage_healed":0.0,"max_hp_gain":0.0,"max_hp_loss":0.0,"gold_gain":0.0,"event_name":"Beggar","player_choice":"Ignored","floor":21.0,"gold_loss":0.0,"damage_taken":0.0},{"damage_healed":0.0,"max_hp_gain":0.0,"max_hp_loss":0.0,"gold_gain":0.0,"event_name":"WeMeetAgain","player_choice":"Gave Potion","floor":25.0,"gold_loss":0.0,"damage_taken":0.0,"relics_obtained":["Darkstone Periapt"]},{"damage_healed":0.0,"max_hp_gain":0.0,"max_hp_loss":0.0,"gold_gain":275.0,"event_name":"Golden Shrine","player_choice":"Desecrate","floor":37.0,"gold_loss":0.0,"damage_taken":0.0,"cards_obtained":["Regret"]},{"damage_healed":0,"gold_gain":0,"player_choice":"Got Potions","damage_taken":0,"max_hp_gain":0,"max_hp_loss":0,"event_name":"Lab","floor":45,"gold_loss":0}],"is_beta":false,"boss_relics":[{"not_picked":["Busted Crown","Eternal Feather"],"picked":"Coffee Dripper"},{"not_picked":["Black Star","Runic Dome"],"picked":"Calling Bell"}],"items_purged_floors":[],"is_endless":false,"potions_floor_spawned":[3,5,8,10,11,14,16,27,29,33,39,47,48],"ascension_level":0}