{"gold_per_floor":[116,116,116,116,134,134,134,150,150,173,190,209,227,245,245,346,346,363,376,53,53,71,71,71,89,89,188,188],"floor_reached":28,"playtime":1834,"items_purged":["Strike_R"],"score":314,"play_id":"b82f122a-58ed-489c-a5a8-8bc33952ef35","local_time":"20180625131410","is_ascension_mode":true,"campfire_choices":[{"data":"Barricade","floor":6,"key":"SMITH"},{"floor":15,"key":"REST"},{"floor":23,"key":"REST"}],"neow_cost":"NONE","seed_source_timestamp":62116335962288,"circlet_count":0,"master_deck":["Strike_R","Strike_R","Strike_R","Defend_R","Defend_R+1","Defend_R","Bash","Barricade+1","Headbutt+1","Madness","Impervious","Ghostly Armor","Armaments","Ghostly Armor","Shrug It Off","Flame Barrier","Juggernaut","Shrug It Off","Iron Wave+1","Flash of Steel"],"relics":["Burning Blood","Dead Branch","Shuriken","Omamori","Runic Pyramid","Bag of Marbles","Enchiridion","Gremlin Horn"],"potions_floor_usage":[16,16,25],"damage_taken":[{"damage":7,"enemies":"2 Louse","floor":1,"turns":3},{"damage":10,"enemies":"Jaw Worm","floor":5,"turns":6},{"damage":0,"enemies":"Cultist","floor":8,"turns":5},{"damage":4,"enemies":"Looter","floor":11,"turns":3},{"damage":20,"enemies":"Gremlin Gang","floor":12,"turns":6},{"damage":12,"enemies":"Exordium Wildlife","floor":13,"turns":7},{"damage":6,"enemies":"Exordium Thugs","floor":14,"turns":4},{"damage":0,"enemies":"The Guardian","floor":16,"turns":21},{"damage":19,"enemies":"Spheric Guardian","floor":18,"turns":10},{"damage":2,"enemies":"Shell Parasite","floor":19,"turns":14},{"damage":38,"enemies":"Snake Plant","floor":22,"turns":8},{"damage":50,"enemies":"Chosen and Byrds","floor":25,"turns":10},{"damage":10,"enemies":"Centurion and Healer","floor":28,"turns":2}],"seed_played":"-5227114938146351573","potions_obtained":[{"floor":13,"key":"Poison Potion"},{"floor":14,"key":"Fire Potion"},{"floor":16,"key":"Poison Potion"}],"is_trial":false,"path_per_floor":["M","?","?","?","M","R","T","M","T","T","M","M","M","M","R","B",null,"M","M","$","?","M","R","?","M","T","?"],"character_chosen":"IRONCLAD","items_purchased":["Bag of Marbles","Flash of Steel"],"campfire_rested":2,"item_purchase_floors":[20,20],"current_hp_per_floor":[79,72,56,56,52,52,52,58,58,58,60,46,40,40,64,70,80,67,75,75,59,27,52,52,8,8,8,0],"gold":188,"neow_bonus":"TRANSFORM_CARD","is_prod":false,"is_daily":false,"chose_seed":false,"campfire_upgraded":1,"win_rate":0,"timestamp":1529946850,"path_taken":["M","?","?","?","?","R","?","M","T","?","?","M","M","?","R","BOSS","M","M","$","?","M","R","?","M","T","?","M"],"build_version":"2018-06-21v2","purchased_purges":1,"victory":false,"max_hp_per_floor":[80,80,80,80,80,80,80,80,80,80,80,80,80,80,80,80,80,80,84,84,84,84,84,84,84,84,84,84],"card_choices":[{"not_picked":["True Grit","Perfected Strike"],"picked":"Headbutt","floor":1},{"not_picked":["Rupture","Flex"],"picked":"Ghostly Armor","floor":5},{"not_picked":["Sentinel","Carnage"],"picked":"Armaments","floor":8},{"not_picked":["Cleave","Fire Breathing"],"picked":"Ghostly Armor","floor":11},{"not_picked":["Bludgeon","Flex"],"picked":"Shrug It Off","floor":12},{"not_picked":["Dropkick","Havoc","Sword Boomerang"],"picked":"SKIP","floor":13},{"not_picked":["Heavy Blade","Searing Blow"],"picked":"Flame Barrier","floor":14},{"not_picked":["Brutality","Exhume"],"picked":"Juggernaut","floor":16},{"not_picked":["Warcry+1","Havoc"],"picked":"Shrug It Off","floor":18},{"not_picked":["Infernal Blade+1","Clothesline"],"picked":"Iron Wave+1","floor":19},{"not_picked":["Havoc+1","Dual Wield","Evolve"],"picked":"SKIP","floor":22},{"not_picked":["Bloodletting","Seeing Red","Clothesline"],"picked":"SKIP","floor":25}],"player_experience":744056,"relics_obtained":[{"floor":7,"key":"Dead Branch"},{"floor":9,"key":"Shuriken"},{"floor":10,"key":"Omamori"},{"floor":21,"key":"Enchiridion"},{"floor":26,"key":"Gremlin Horn"}],"event_choices":[{"event_name":"Golden Wing","player_choice":"Card Removal","floor":2,"damage_taken":0},{"event_name":"Shining Light","player_choice":"Entered Light","floor":3,"damage_taken":0},{"event_name":"Match and Keep!","player_choice":"2 cards matched","floor":4,"damage_taken":0},{"event_name":"Cursed Tome","player_choice":"Obtained Book","floor":21,"damage_taken":0},{"event_name":"Drug Dealer","player_choice":"Ignored","floor":24,"damage_taken":0},{"event_name":"Nest","player_choice":"Stole From Cult","floor":27,"damage_taken":0}],"boss_relics":[{"not_picked":["Empty Cage","Snecko Eye"],"picked":"Runic Pyramid"}],"items_purged_floors":[20],"is_endless":false,"potions_floor_spawned":[13,14,16],"killed_by":"Centurion and Healer","ascension_level":4}