{"gold_per_floor":[113,113,31,41,19,48,48,66,66,66,66,66,96,114,114,190,190,207,26,26,41,41,41],"floor_reached":23,"playtime":939,"items_purged":[],"score":360,"play_id":"198f680d-4d50-4ca1-bfa9-a96641516501","local_time":"20181116133430","is_ascension_mode":true,"campfire_choices":[{"floor":10.0,"key":"RECALL"},{"data":"Neutralize","floor":12.0,"key":"SMITH"},{"floor":15.0,"key":"REST"}],"neow_cost":"NONE","seed_source_timestamp":35996520707962,"circlet_count":0,"master_deck":["AscendersBane","Defend_G+1","Defend_G+1","Defend_G+1","Defend_G+1","Defend_G+1","Strike_G+1","Strike_G+1","Strike_G+1","Strike_G+1","Survivor","Neutralize+1","Deadly Poison","Footwork","Deadly Poison","Bane","Blur","Poisoned Stab","Dodge and Roll","A Thousand Cuts","Caltrops","Poisoned Stab","Sucker Punch"],"special_seed":0,"relics":["Ring of the Snake","NeowsBlessing","Ancient Tea Set","Orichalcum","Tiny Chest","Lizard Tail","Pen Nib","MutagenicStrength"],"potions_floor_usage":[23,23],"damage_taken":[{"damage":0.0,"enemies":"Small Slimes","floor":1.0,"turns":1.0},{"damage":0.0,"enemies":"Jaw Worm","floor":4.0,"turns":1.0},{"damage":0.0,"enemies":"Gremlin Nob","floor":6.0,"turns":1.0},{"damage":0.0,"enemies":"Cultist","floor":8.0,"turns":3.0},{"damage":13.0,"enemies":"Exordium Thugs","floor":14.0,"turns":5.0},{"damage":14.0,"enemies":"The Guardian","floor":16.0,"turns":13.0},{"damage":31.0,"enemies":"Spheric Guardian","floor":18.0,"turns":7.0},{"damage":2.0,"enemies":"3 Byrds","floor":21.0,"turns":4.0},{"damage":76,"enemies":"Gremlin Leader","floor":23,"turns":5}],"seed_played":"4835825948376781140","potions_obtained":[{"floor":8.0,"key":"SpeedPotion"},{"floor":14.0,"key":"Energy Potion"},{"floor":16.0,"key":"SkillPotion"},{"floor":18.0,"key":"Dexterity Potion"},{"floor":21.0,"key":"PowerPotion"}],"is_trial":false,"path_per_floor":["M","?","$","M","$","E","T","M","T","R","$","R","?","M","R","B",null,"M","$","?","M","?","E"],"character_chosen":"THE_SILENT","items_purchased":["Footwork","Bane","Pen Nib","Poisoned Stab"],"campfire_rested":1,"item_purchase_floors":[3,5,19,19],"current_hp_per_floor":[59,59,59,59,59,59,59,59,59,59,59,59,47,34,53,39,59,28,28,28,26,26,0],"gold":41,"neow_bonus":"THREE_ENEMY_KILL","is_prod":false,"is_daily":false,"chose_seed":false,"campfire_upgraded":1,"win_rate":0,"timestamp":1542393270,"path_taken":["M","?","$","M","$","E","?","M","T","R","$","R","?","M","R","BOSS","M","$","?","M","?","E"],"build_version":"2018-11-15","purchased_purges":0,"victory":false,"max_hp_per_floor":[66,66,66,66,66,66,66,66,66,66,66,66,66,66,66,66,66,66,66,66,66,66,66],"card_choices":[{"not_picked":["Outmaneuver","Finisher"],"picked":"Deadly Poison","floor":1.0},{"not_picked":["Prepared","Flying Knee"],"picked":"Deadly Poison","floor":4.0},{"not_picked":["Distraction","Heel Hook"],"picked":"Blur","floor":6.0},{"not_picked":["Venomology","Dagger Throw"],"picked":"Poisoned Stab","floor":8.0},{"not_picked":["Prepared","Underhanded Strike"],"picked":"Dodge and Roll","floor":14.0},{"not_picked":["Unload","Storm of Steel"],"picked":"A Thousand Cuts","floor":16.0},{"not_picked":["Poisoned Stab","Deflect"],"picked":"Caltrops","floor":18.0},{"not_picked":["Quick Slash+1","Cloak And Dagger"],"picked":"Sucker Punch","floor":21.0}],"player_experience":1714974,"relics_obtained":[{"floor":6.0,"key":"Ancient Tea Set"},{"floor":9.0,"key":"Orichalcum"}],"event_choices":[{"cards_removed":["Strike_G"],"damage_healed":0.0,"max_hp_gain":0.0,"max_hp_loss":0.0,"gold_gain":0.0,"event_name":"Living Wall","player_choice":"Forget","floor":2.0,"gold_loss":0.0,"damage_taken":0.0},{"damage_healed":0.0,"max_hp_gain":0.0,"max_hp_loss":0.0,"gold_gain":0.0,"event_name":"Scrap Ooze","player_choice":"Success","floor":13.0,"gold_loss":0.0,"damage_taken":12.0,"relics_obtained":["Tiny Chest"]},{"damage_healed":0.0,"max_hp_gain":0.0,"max_hp_loss":0.0,"gold_gain":0.0,"event_name":"Back to Basics","player_choice":"Simplicity","floor":20.0,"gold_loss":0.0,"damage_taken":0.0,"cards_upgraded":["Defend_G","Defend_G","Defend_G","Defend_G","Defend_G","Strike_G","Strike_G","Strike_G","Strike_G"]},{"damage_healed":0.0,"max_hp_gain":0.0,"max_hp_loss":0.0,"gold_gain":0.0,"event_name":"Drug Dealer","player_choice":"Inject Mutagens","floor":22.0,"gold_loss":0.0,"damage_taken":0.0,"relics_obtained":["MutagenicStrength"]}],"is_beta":false,"boss_relics":[{"not_picked":["Busted Crown","HoveringKite"],"picked":"Lizard Tail"}],"items_purged_floors":[],"is_endless":false,"potions_floor_spawned":[8,14,16,18,21],"killed_by":"Gremlin Leader","ascension_level":14}