{"gold_per_floor":[144,144,189,93,138,138,138,228,253,253,343,388,433,478,478,778,778,823,823,738,783,828,828,918,918,943,373,463,508,137,182,182,482,482,527,572,479,524,524,524,614,659,659,704,749,794,794,884,884,884],"floor_reached":51,"playtime":3978,"items_purged":["Expertise"],"score":911,"play_id":"91ddd8c7-152b-46e2-93c4-e85ba90cc858","local_time":"20190124155405","daily_mods":["Specialized","Green Cards","Midas"],"is_ascension_mode":false,"campfire_choices":[{"floor":6.0,"key":"REST"},{"floor":10.0,"key":"DIG"},{"floor":15.0,"key":"REST"},{"floor":23.0,"key":"REST"},{"floor":25.0,"key":"DIG"},{"floor":32.0,"key":"REST"},{"floor":40.0,"key":"DIG"},{"floor":47.0,"key":"DIG"},{"floor":49.0,"key":"DIG"}],"neow_cost":"","seed_source_timestamp":0,"circlet_count":0,"master_deck":["Strike_B+1","Strike_B","Strike_B+1","Defend_B","Defend_B","Defend_B","Defend_B","Zap","Dualcast","Expertise","Expertise","Flechettes+1","PiercingWail","Genetic Algorithm","Glacier","Echo Form","Prepared","Cloak And Dagger","Creative AI","Necronomicurse","Ball Lightning","Noxious Fumes+1","Glacier+1","Hologram+1","Dash","Seek+1","Storm","After Image","Reprogram+1","Bouncing Flask+1","Buffer+1","Finisher+1","Coolheaded+1","Darkness+1","Pain","Stack+1","Crippling Poison+1","Tempest+1","Calculated Gamble+1"],"special_seed":17920,"relics":["Cracked Core","Du-Vu Doll","Shovel","Happy Flower","Bronze Scales","Emotion Chip","Black Star","Necronomicon","Anchor","Boot","DataDisk","Nunchaku","Oddly Smooth Stone","Toxic Egg 2","Whetstone","Pantograph","Singing Bowl","PreservedInsect","Astrolabe","WarpedTongs","Blood Vial","Bag of Marbles","Mango","Shuriken","Strawberry","Dead Branch","Regal Pillow","Ornamental Fan"],"potions_floor_usage":[50],"damage_taken":[{"damage":8.0,"enemies":"Jaw Worm","floor":1.0,"turns":3.0},{"damage":1.0,"enemies":"Cultist","floor":3.0,"turns":4.0},{"damage":1.0,"enemies":"Small Slimes","floor":5.0,"turns":3.0},{"damage":30.0,"enemies":"3 Sentries","floor":8.0,"turns":8.0},{"damage":20.0,"enemies":"Gremlin Nob","floor":11.0,"turns":4.0},{"damage":0.0,"enemies":"3 Louse","floor":12.0,"turns":3.0},{"damage":3.0,"enemies":"Lots of Slimes","floor":13.0,"turns":4.0},{"damage":0.0,"enemies":"Blue Slaver","floor":14.0,"turns":2.0},{"damage":7.0,"enemies":"The Guardian","floor":16.0,"turns":12.0},{"damage":0.0,"enemies":"3 Byrds","floor":18.0,"turns":3.0},{"damage":5.0,"enemies":"2 Thieves","floor":21.0,"turns":4.0},{"damage":27.0,"enemies":"Centurion and Healer","floor":22.0,"turns":8.0},{"damage":22.0,"enemies":"Book of Stabbing","floor":24.0,"turns":5.0},{"damage":30.0,"enemies":"Gremlin Leader","floor":28.0,"turns":9.0},{"damage":1.0,"enemies":"3 Cultists","floor":29.0,"turns":5.0},{"damage":0.0,"enemies":"Snecko","floor":31.0,"turns":4.0},{"damage":15.0,"enemies":"Champ","floor":33.0,"turns":9.0},{"damage":3.0,"enemies":"3 Shapes","floor":35.0,"turns":5.0},{"damage":0.0,"enemies":"Orb Walker","floor":36.0,"turns":3.0},{"damage":4.0,"enemies":"Writhing Mass","floor":38.0,"turns":6.0},{"damage":0.0,"enemies":"Nemesis","floor":41.0,"turns":9.0},{"damage":16.0,"enemies":"4 Shapes","floor":42.0,"turns":7.0},{"damage":9.0,"enemies":"Jaw Worm Horde","floor":44.0,"turns":7.0},{"damage":16.0,"enemies":"Maw","floor":45.0,"turns":9.0},{"damage":17.0,"enemies":"Transient","floor":46.0,"turns":5.0},{"damage":1.0,"enemies":"Giant Head","floor":48.0,"turns":9.0},{"damage":9,"enemies":"Donu and Deca","floor":50,"turns":13}],"seed_played":"5878124087660540128","potions_obtained":[{"floor":1.0,"key":"Energy Potion"},{"floor":3.0,"key":"SteroidPotion"},{"floor":12.0,"key":"SteroidPotion"},{"floor":14.0,"key":"GamblersBrew"},{"floor":18.0,"key":"Weak Potion"},{"floor":22.0,"key":"Weak Potion"},{"floor":24.0,"key":"Regen Potion"},{"floor":29.0,"key":"Fire Potion"},{"floor":35.0,"key":"FocusPotion"},{"floor":36.0,"key":"SkillPotion"},{"floor":42.0,"key":"Ancient Potion"}],"is_trial":false,"path_per_floor":["M","?","M","$","M","R","?","E","T","R","E","M","M","M","R","B",null,"M","?","?","M","M","R","E","R","T","$","E","M","$","M","R","B",null,"M","M","$","M","?","R","E","M","T","M","M","M","R","E","R","B",null],"character_chosen":"DEFECT","items_purchased":["Block Potion","PiercingWail","Toxic Egg 2","Glacier+1","Hologram+1","Whetstone","PreservedInsect","Dash","Seek+1","Storm","Coolheaded+1","Darkness+1"],"campfire_rested":4,"item_purchase_floors":[4,4,27,27,27,27,30,30,30,30,37,37],"current_hp_per_floor":[67,64,63,63,62,75,75,45,45,45,25,25,22,22,44,37,75,75,59,59,54,27,49,27,27,27,27,14,15,15,17,41,51,81,78,80,80,78,78,78,94,82,82,75,61,48,55,56,56,74],"gold":884,"neow_bonus":"","is_prod":false,"is_daily":true,"chose_seed":false,"campfire_upgraded":0,"win_rate":0,"timestamp":1548341645,"path_taken":["M","?","M","$","M","R","?","E","T","R","E","M","?","M","R","BOSS","M","?","?","M","M","R","E","R","T","$","E","M","$","M","R","BOSS","M","M","$","M","?","R","E","?","T","M","M","M","R","E","R","BOSS"],"build_version":"2019-01-23","purchased_purges":1,"victory":true,"max_hp_per_floor":[75,75,75,75,75,75,75,75,75,75,75,75,75,75,75,75,75,75,75,75,75,75,75,75,75,75,75,77,79,79,81,81,81,81,81,83,83,85,85,85,99,101,101,101,101,103,110,110,110,110],"card_choices":[{"not_picked":["Blizzard","Prepared","Tactician"],"picked":"SKIP","floor":1.0},{"not_picked":["Static Discharge","Beam Cell"],"picked":"Flechettes","floor":3.0},{"not_picked":["Chaos","Underhanded Strike"],"picked":"Genetic Algorithm","floor":5.0},{"not_picked":["Capacitor","Go for the Eyes"],"picked":"Glacier","floor":8.0},{"not_picked":["Meteor Strike","Turbo"],"picked":"Echo Form","floor":11.0},{"not_picked":["Flying Knee","Sucker Punch"],"picked":"Prepared","floor":12.0},{"not_picked":["Finisher","Meteor Strike","Go for the Eyes"],"picked":"SKIP","floor":13.0},{"not_picked":["Flying Knee","Streamline"],"picked":"Cloak And Dagger","floor":14.0},{"not_picked":["Fission","Core Surge"],"picked":"Creative AI","floor":16.0},{"not_picked":["Tempest","Reflex","Beam Cell"],"picked":"SKIP","floor":18.0},{"not_picked":["Outmaneuver","Streamline"],"picked":"Ball Lightning","floor":21.0},{"not_picked":["Fusion","Caltrops+1"],"picked":"Noxious Fumes+1","floor":22.0},{"not_picked":["Eviscerate","Dodge and Roll","Cloak And Dagger"],"picked":"SKIP","floor":24.0},{"not_picked":["Slice+1","Unload","Night Terror+1"],"picked":"Singing Bowl","floor":28.0},{"not_picked":["Setup+1","Expertise+1","Barrage+1"],"picked":"Singing Bowl","floor":29.0},{"not_picked":["Beam Cell","Outmaneuver+1","Underhanded Strike"],"picked":"Singing Bowl","floor":31.0},{"not_picked":["Meteor Strike","Rainbow+1"],"picked":"After Image","floor":33.0},{"not_picked":["Gash","Cloak And Dagger+1"],"picked":"Finisher+1","floor":35.0},{"not_picked":["Go for the Eyes","Stack+1","Aggregate+1"],"picked":"Singing Bowl","floor":36.0},{"not_picked":["Deflect+1","Caltrops","Barrage"],"picked":"Singing Bowl","floor":38.0},{"not_picked":["Poisoned Stab+1","Go for the Eyes+1"],"picked":"Stack+1","floor":41.0},{"not_picked":["Stack+1","Darkness+1","Streamline+1"],"picked":"Singing Bowl","floor":42.0},{"not_picked":["Leap+1","Ball Lightning+1"],"picked":"Crippling Poison+1","floor":44.0},{"not_picked":["Dagger Spray","Beam Cell"],"picked":"Tempest+1","floor":45.0},{"not_picked":["Expertise+1","Dodge and Roll+1","Terror+1"],"picked":"Singing Bowl","floor":46.0},{"not_picked":["Thunder Strike","Coolheaded+1"],"picked":"Calculated Gamble+1","floor":48.0}],"player_experience":1921852,"relics_obtained":[{"floor":8.0,"key":"Shovel"},{"floor":9.0,"key":"Happy Flower"},{"floor":10.0,"key":"Bronze Scales"},{"floor":11.0,"key":"Emotion Chip"},{"floor":19.0,"key":"Necronomicon"},{"floor":24.0,"key":"Boot"},{"floor":24.0,"key":"DataDisk"},{"floor":25.0,"key":"Nunchaku"},{"floor":26.0,"key":"Oddly Smooth Stone"},{"floor":28.0,"key":"Pantograph"},{"floor":28.0,"key":"Singing Bowl"},{"floor":40.0,"key":"Blood Vial"},{"floor":41.0,"key":"Bag of Marbles"},{"floor":41.0,"key":"Mango"},{"floor":43.0,"key":"Shuriken"},{"floor":47.0,"key":"Strawberry"},{"floor":48.0,"key":"Dead Branch"},{"floor":48.0,"key":"Regal Pillow"},{"floor":49.0,"key":"Ornamental Fan"}],"event_choices":[{"damage_healed":0.0,"max_hp_gain":0.0,"max_hp_loss":0.0,"gold_gain":0.0,"event_name":"Scrap Ooze","player_choice":"Success","floor":2.0,"gold_loss":0.0,"damage_taken":3.0,"relics_obtained":["Du-Vu Doll"]},{"damage_healed":0.0,"max_hp_gain":0.0,"max_hp_loss":0.0,"gold_gain":0.0,"event_name":"Upgrade Shrine","player_choice":"Upgraded","floor":7.0,"gold_loss":0.0,"damage_taken":0.0,"cards_upgraded":["Flechettes"]},{"damage_healed":0.0,"max_hp_gain":0.0,"max_hp_loss":0.0,"gold_gain":0.0,"event_name":"Cursed Tome","player_choice":"Obtained Book","floor":19.0,"gold_loss":0.0,"damage_taken":16.0},{"damage_healed":0.0,"max_hp_gain":0.0,"max_hp_loss":0.0,"gold_gain":0.0,"event_name":"Addict","player_choice":"Obtained Relic","floor":20.0,"gold_loss":85.0,"damage_taken":0.0,"relics_obtained":["Anchor"]},{"damage_healed":0.0,"max_hp_gain":0.0,"max_hp_loss":0.0,"gold_gain":0.0,"event_name":"Accursed Blacksmith","player_choice":"Rummage","floor":39.0,"gold_loss":0.0,"damage_taken":0.0,"relics_obtained":["WarpedTongs"],"cards_obtained":["Pain"]}],"is_beta":false,"boss_relics":[{"not_picked":["White Beast Statue","Pandora\u0027s Box"],"picked":"Black Star"},{"not_picked":["Inserter","Lizard Tail"],"picked":"Astrolabe"}],"items_purged_floors":[27],"is_endless":false,"potions_floor_spawned":[1,3,5,12,14,18,22,24,29,35,36,42],"ascension_level":0}