{"gold_per_floor":[117,133,133,147,222,222,222,222,222,222,245,283,297,315,315,315],"floor_reached":16,"playtime":890,"items_purged":[],"score":129,"play_id":"7ecccc36-5a00-49d2-9c3d-7a391102ce1b","local_time":"20180731153624","is_ascension_mode":true,"campfire_choices":[{"data":"Neutralize","floor":6,"key":"SMITH"},{"data":"Cloak And Dagger","floor":8,"key":"SMITH"},{"data":"Cloak And Dagger","floor":10,"key":"SMITH"},{"data":"After Image","floor":15,"key":"SMITH"}],"neow_cost":"","seed_source_timestamp":393498334977203,"circlet_count":0,"master_deck":["Defend_G","Defend_G","Defend_G","Defend_G","Defend_G","Strike_G+1","Strike_G","Strike_G","Strike_G","Strike_G","Survivor+1","Neutralize+1","Dagger Spray","Cloak And Dagger+1","Cloak And Dagger+1","Cloak And Dagger","Backstab","After Image+1"],"relics":["Ring of the Snake","Golden Idol","Bag of Marbles","Odd Mushroom"],"potions_floor_usage":[16,16,16],"damage_taken":[{"damage":11,"enemies":"Jaw Worm","floor":1,"turns":7},{"damage":0,"enemies":"2 Louse","floor":2,"turns":4},{"damage":0,"enemies":"Cultist","floor":4,"turns":4},{"damage":2,"enemies":"Looter","floor":11,"turns":2},{"damage":0,"floor":12,"turns":3},{"damage":4,"enemies":"3 Louse","floor":13,"turns":3},{"damage":0,"enemies":"Large Slime","floor":14,"turns":3},{"damage":23,"enemies":"The Guardian","floor":16,"turns":14}],"seed_played":"-2191889127815496068","potions_obtained":[{"floor":1,"key":"LiquidBronze"},{"floor":2,"key":"PowerPotion"},{"floor":11,"key":"Swift Potion"}],"is_trial":false,"path_per_floor":["M","M","?","M","?","R","?","R","T","R","M","?","M","M","R"],"character_chosen":"THE_SILENT","items_purchased":[],"campfire_rested":0,"item_purchase_floors":[],"current_hp_per_floor":[52,52,52,52,41,41,28,28,28,28,26,26,22,22,22,0],"gold":315,"neow_bonus":"","is_prod":false,"is_daily":false,"chose_seed":false,"campfire_upgraded":4,"win_rate":0,"timestamp":1533069384,"path_taken":["M","M","?","M","?","R","?","R","T","R","?","?","M","M","R","BOSS"],"build_version":"2018-07-30","purchased_purges":0,"victory":false,"max_hp_per_floor":[70,70,65,65,65,65,65,65,65,65,65,65,65,65,65,65],"card_choices":[{"not_picked":["Accuracy","Dodge and Roll"],"picked":"Dagger Spray","floor":1},{"not_picked":["Dagger Spray","Choke"],"picked":"Cloak And Dagger","floor":2},{"not_picked":["Bane","Malaise"],"picked":"Cloak And Dagger","floor":4},{"not_picked":["Sucker Punch","Dagger Throw"],"picked":"Cloak And Dagger","floor":11},{"not_picked":["Flechettes","Poisoned Stab"],"picked":"Backstab","floor":13},{"not_picked":["Outmaneuver","Prepared"],"picked":"After Image","floor":14}],"player_experience":312158,"relics_obtained":[{"floor":9,"key":"Bag of Marbles"},{"floor":12,"key":"Odd Mushroom"}],"event_choices":[{"event_name":"Golden Idol","player_choice":"Lose Max HP","floor":3,"damage_taken":0},{"event_name":"World of Goop","player_choice":"Gather Gold","floor":5,"damage_taken":0},{"event_name":"Shining Light","player_choice":"Entered Light","floor":7,"damage_taken":0},{"event_name":"Mushrooms","player_choice":"Fought Mushrooms","floor":12,"damage_taken":0}],"is_beta":true,"boss_relics":[],"items_purged_floors":[],"is_endless":false,"potions_floor_spawned":[1,2,11],"killed_by":"The Guardian","ascension_level":8}