{"gold_per_floor":[144,196,196,241,241,331,331,376,376,421,511,511,30,75,75,375,375,420,420,465,184,229,319,319,364,389,389,479,479,79,124,124,424,424,469,514,262,307,307,307,397,397,447,459,471,483,540,552,564,576],"floor_reached":51,"playtime":2206,"items_purged":[],"score":948,"play_id":"531824ab-4b56-49c5-83a0-6c26f963c306","local_time":"20180809110349","daily_mods":["Insanity","Midas","Lethality"],"is_ascension_mode":false,"campfire_choices":[{"floor":7,"key":"REST"},{"floor":15,"key":"REST"},{"floor":24,"key":"REST"},{"floor":29,"key":"REST"},{"floor":32,"key":"REST"},{"floor":40,"key":"REST"},{"floor":44,"key":"REST"},{"floor":46,"key":"REST"},{"floor":49,"key":"REST"}],"neow_cost":"","seed_source_timestamp":0,"circlet_count":0,"master_deck":["Compile Driver+1","White Noise+1","Dualcast+1","Recycle+1","Loop+1","Cold Snap+1","Chill+1","Turbo+1","Cold Snap+1","Glacier+1","Rainbow+1","Chill+1","Steam Power+1","Barrage+1","Static Discharge+1","Force Field+1","Consume+1","Undo+1","Steam+1","Redo+1","Blizzard+1","Amplify+1","Sunder+1","Recycle+1","Defend_B+1","Strike_B+1","Reinforced Body+1","Fission+1","Steam+1","Go for the Eyes+1","Stack+1","Skim+1","Heatsinks+1","Melter+1","Hyperbeam+1","Undo+1","White Noise+1","Aggregate+1","Creative AI+1","Barrage+1","Lockon+1","Doom and Gloom+1","Turbo+1","Coolheaded+1","Leap+1","Scrape+1","Ball Lightning+1","Doom and Gloom+1","Steam Power+1","Hologram+1","Tempest+1","Consume+1","Coolheaded+1","Stack+1","FTL+1","Capacitor+1","Machine Learning+1","Echo Form+1","Self Repair+1","Conserve Battery+1","All For One+1","Compile Driver+1","Coolheaded+1","Double Energy+1","Loop+1","Electrodynamics+1","Hologram+1","Force Field+1","Cold Snap+1","Chill+1","Barrage+1","Echo Form"],"special_seed":17752,"relics":["Cracked Core","Regal Pillow","Pantograph","DataDisk","Mummified Hand","Orichalcum","Fusion Hammer","Bronze Scales","Toxic Egg 2","Lantern","Enchiridion","Omamori","Molten Egg 2","Strawberry","Snecko Eye","Bag of Preparation","Cables","Mark of the Bloom","MawBank","CultistMask"],"potions_floor_usage":[11,16,16,18,22,23,33,33,41,41],"damage_taken":[{"damage":10,"enemies":"Jaw Worm","floor":1,"turns":2},{"damage":4,"enemies":"Small Slimes","floor":4,"turns":2},{"damage":0,"enemies":"Gremlin Nob","floor":6,"turns":2},{"damage":0,"enemies":"Cultist","floor":8,"turns":2},{"damage":0,"enemies":"Lots of Slimes","floor":10,"turns":1},{"damage":0,"enemies":"3 Sentries","floor":11,"turns":2},{"damage":0,"enemies":"2 Fungi Beasts","floor":14,"turns":2},{"damage":42,"enemies":"Hexaghost","floor":16,"turns":8},{"damage":25,"enemies":"3 Byrds","floor":18,"turns":3},{"damage":0,"enemies":"2 Thieves","floor":20,"turns":1},{"damage":23,"enemies":"3 Cultists","floor":22,"turns":4},{"damage":0,"enemies":"Gremlin Leader","floor":23,"turns":5},{"damage":17,"enemies":"Snake Plant","floor":25,"turns":3},{"damage":31,"enemies":"Slavers","floor":28,"turns":4},{"damage":0,"enemies":"Slaver and Parasite","floor":31,"turns":3},{"damage":28,"enemies":"Automaton","floor":33,"turns":7},{"damage":0,"enemies":"Flame Bruiser 1 Orb","floor":35,"turns":3},{"damage":0,"enemies":"Orb Walker","floor":36,"turns":2},{"damage":0,"enemies":"4 Shapes","floor":38,"turns":2},{"damage":0,"enemies":"2 Orb Walkers","floor":41,"turns":3},{"damage":0,"enemies":"Maw","floor":47,"turns":3},{"damage":0,"enemies":"Donu and Deca","floor":50,"turns":5}],"seed_played":"-5890948259059833138","potions_obtained":[{"floor":3,"key":"Explosive Potion"},{"floor":3,"key":"EssenceOfSteel"},{"floor":3,"key":"Fire Potion"},{"floor":14,"key":"FocusPotion"},{"floor":25,"key":"SpeedPotion"},{"floor":28,"key":"Fire Potion"},{"floor":31,"key":"Strength Potion"},{"floor":41,"key":"FearPotion"}],"is_trial":false,"path_per_floor":["M","?","?","M","?","E","R","M","T","M","E","?","$","M","R","B",null,"M","?","M","$","M","E","R","M","T","?","E","R","$","M","R","B",null,"M","M","$","M","?","R","E","?","T","R","?","R","M","?","R","B"],"character_chosen":"DEFECT","items_purchased":["Capacitor","Mummified Hand","Orichalcum","All For One","Fire Potion","FocusPotion","Molten Egg 2","Strawberry","Bag of Preparation","Cold Snap+1","AttackPotion"],"campfire_rested":9,"item_purchase_floors":[13,13,13,21,21,21,30,30,37,37,37],"current_hp_per_floor":[65,65,65,61,61,61,75,75,75,75,75,60,60,60,75,47,75,57,57,57,57,51,51,75,58,58,42,11,48,55,79,82,61,82,82,82,82,82,72,82,82,82,82,82,82,82,82,82,82,82],"gold":588,"neow_bonus":"","is_prod":false,"is_daily":true,"chose_seed":false,"campfire_upgraded":0,"win_rate":0,"timestamp":1533805429,"path_taken":["M","?","?","M","?","E","R","M","T","M","E","?","$","M","R","BOSS","M","?","M","$","?","E","R","M","T","?","E","R","?","M","R","BOSS","M","M","$","M","?","R","E","?","T","R","?","R","?","?","R","BOSS"],"build_version":"2018-08-02","purchased_purges":0,"victory":true,"max_hp_per_floor":[75,75,75,75,75,75,75,75,75,75,75,75,75,75,75,75,75,75,75,75,75,75,75,75,75,75,75,75,75,82,82,82,82,82,82,82,82,82,82,82,82,82,82,82,82,82,82,82,82,82],"card_choices":[{"not_picked":["Gash","FTL"],"picked":"Hologram","floor":1},{"not_picked":["Loop","Hologram"],"picked":"Tempest","floor":4},{"not_picked":["Gash","Undo"],"picked":"Consume","floor":6},{"not_picked":["Beam Cell","Hyperbeam"],"picked":"Coolheaded","floor":8},{"not_picked":["Compile Driver","Streamline"],"picked":"Stack","floor":10},{"not_picked":["Force Field","Compile Driver"],"picked":"FTL","floor":11},{"not_picked":["Loop","Hologram"],"picked":"Machine Learning","floor":14},{"not_picked":["Core Surge","Meteor Strike"],"picked":"Echo Form","floor":16},{"not_picked":["Stack","FTL"],"picked":"Self Repair+1","floor":18},{"not_picked":["Chill","Consume"],"picked":"Conserve Battery+1","floor":20},{"not_picked":["Fusion","Coolheaded","Melter+1"],"picked":"SKIP","floor":22},{"not_picked":["Barrage","Doom and Gloom"],"picked":"Compile Driver+1","floor":23},{"not_picked":["Beam Cell","Blizzard+1"],"picked":"Coolheaded+1","floor":25},{"not_picked":["Heatsinks+1","Self Repair+1"],"picked":"Double Energy+1","floor":28},{"not_picked":["Turbo+1","Barrage+1"],"picked":"Loop","floor":31},{"not_picked":["Creative AI","Multi-Cast+1"],"picked":"Electrodynamics","floor":33},{"not_picked":["Scrape+1","Rip and Tear+1"],"picked":"Hologram+1","floor":35},{"not_picked":["Rebound+1","Capacitor"],"picked":"Force Field+1","floor":36},{"not_picked":["Sweeping Beam+1","Melter+1"],"picked":"Chill+1","floor":38},{"not_picked":["Sweeping Beam+1","Go for the Eyes+1"],"picked":"Barrage+1","floor":41},{"not_picked":["Steam Power+1","Go for the Eyes+1"],"picked":"Echo Form","floor":47}],"player_experience":1287118,"relics_obtained":[{"floor":6,"key":"Regal Pillow"},{"floor":9,"key":"Pantograph"},{"floor":11,"key":"DataDisk"},{"floor":23,"key":"Toxic Egg 2"},{"floor":26,"key":"Lantern"},{"floor":27,"key":"Enchiridion"},{"floor":28,"key":"Omamori"},{"floor":41,"key":"Cables"},{"floor":43,"key":"MawBank"}],"event_choices":[{"event_name":"Golden Wing","player_choice":"Gained Gold","floor":2,"damage_taken":0},{"event_name":"The Lab","player_choice":"Got Potions","floor":3,"damage_taken":0},{"event_name":"Accursed Blacksmith","player_choice":"Forge","floor":5,"damage_taken":0},{"event_name":"Shining Light","player_choice":"Entered Light","floor":12,"damage_taken":0},{"event_name":"The Mausoleum","player_choice":"Yes","floor":19,"damage_taken":0},{"event_name":"Cursed Tome","player_choice":"Obtained Book","floor":27,"damage_taken":0},{"event_name":"SensoryStone","player_choice":"Memory 3","floor":39,"damage_taken":0},{"event_name":"MindBloom","player_choice":"Upgrade","floor":42,"damage_taken":0},{"event_name":"Falling","player_choice":"Removed Power","floor":45,"damage_taken":0},{"event_name":"FaceTrader","player_choice":"Trade","floor":48,"damage_taken":0}],"is_beta":false,"boss_relics":[{"not_picked":["Runic Dome","Cursed Key"],"picked":"Fusion Hammer"},{"not_picked":["FrozenCore","Orrery"],"picked":"Snecko Eye"}],"items_purged_floors":[],"is_endless":false,"potions_floor_spawned":[6,10,14,25,28,31,41],"ascension_level":0}