{"path_per_floor":["M","M","?","M","?","E","R","$","T","M","M","?","?","M","R","B",null,"M","?","?","M","M","R","E","R","T","?","M","M","M","M","R"],"character_chosen":"THE_SILENT","items_purchased":["Regal Pillow"],"gold_per_floor":[119,134,134,150,150,183,183,33,85,96,108,71,71,41,41,166,204,173,173,323,339,354,354,388,388,388,388,407,428,451,476,476,476],"floor_reached":33,"campfire_rested":5,"playtime":2860,"item_purchase_floors":[8],"current_hp_per_floor":[70,70,63,63,63,20,41,41,41,34,30,30,30,27,63,41,75,57,57,57,48,24,61,38,75,75,75,59,43,13,14,51,0],"items_purged":[],"gold":476,"score":282,"play_id":"e1a2affb-9613-4146-99cf-73fb02897c1e","local_time":"20180609214107","is_prod":false,"is_daily":false,"chose_seed":false,"is_ascension_mode":true,"campfire_upgraded":0,"win_rate":0,"timestamp":1528594867,"campfire_choices":[{"floor":7,"key":"REST"},{"floor":15,"key":"REST"},{"floor":23,"key":"REST"},{"floor":25,"key":"REST"},{"floor":32,"key":"REST"}],"path_taken":["M","M","?","M","?","E","R","$","T","?","M","?","?","M","R","BOSS","M","?","?","M","M","R","E","R","T","?","?","M","M","M","R","BOSS"],"build_version":"2018-06-07v3","seed_source_timestamp":266368191593177,"purchased_purges":0,"victory":false,"master_deck":["Defend_G","Defend_G","Defend_G","Defend_G","Defend_G","Strike_G","Strike_G+1","Strike_G","Survivor","Neutralize","Bullet Time","Crippling Poison","Underhanded Strike","Caltrops+1","Backflip","Infinite Blades","PiercingWail","Injury","Choke","Storm of Steel","Cloak And Dagger","Cloak And Dagger","Dodge and Roll+1","Dagger Spray","Backflip","Writhe","Blade Dance+1","Dagger Throw","Prepared","Dash"],"max_hp_per_floor":[70,70,70,70,70,70,70,70,70,70,70,70,70,70,70,70,75,75,75,75,75,75,75,75,75,75,75,75,75,75,75,75,75],"relics":["Ring of the Snake","Orichalcum","Regal Pillow","Art of War","Golden Idol","Tiny House","Meat on the Bone","Shuriken","Gambling Chip"],"card_choices":[{"not_picked":["Deflect","Outmaneuver"],"picked":"Crippling Poison","floor":1},{"not_picked":["Masterful Stab","Quick Slash"],"picked":"Underhanded Strike","floor":2},{"not_picked":["Cloak And Dagger","Prepared"],"picked":"Caltrops","floor":4},{"not_picked":["Cloak And Dagger","Slice"],"picked":"Backflip","floor":6},{"not_picked":["Deflect","Poisoned Stab"],"picked":"Infinite Blades","floor":10},{"not_picked":["Underhanded Strike","Sucker Punch"],"picked":"PiercingWail","floor":11},{"not_picked":["PiercingWail","Underhanded Strike"],"picked":"Choke","floor":14},{"not_picked":["Tactician","Envenom"],"picked":"Storm of Steel","floor":16},{"not_picked":["Deadly Poison","Setup"],"picked":"Cloak And Dagger","floor":17},{"not_picked":["Dagger Throw","Slice"],"picked":"Cloak And Dagger","floor":18},{"not_picked":["Deadly Poison","Poisoned Stab"],"picked":"Dodge and Roll+1","floor":21},{"not_picked":["Flying Knee","Deflect+1"],"picked":"Dagger Spray","floor":22},{"not_picked":["Catalyst","Bane"],"picked":"Backflip","floor":24},{"not_picked":["Dagger Spray","Quick Slash"],"picked":"Blade Dance+1","floor":28},{"not_picked":["Bane","Distraction+1"],"picked":"Dagger Throw","floor":29},{"not_picked":["Quick Slash","Bane"],"picked":"Prepared","floor":30},{"not_picked":["Catalyst","Sucker Punch"],"picked":"Dash","floor":31}],"player_experience":444475,"potions_floor_usage":[16,16,21,24,28,31],"damage_taken":[{"damage":0,"enemies":"Jaw Worm","floor":1,"turns":7},{"damage":0,"enemies":"2 Louse","floor":2,"turns":2},{"damage":0,"enemies":"Small Slimes","floor":4,"turns":4},{"damage":43,"enemies":"Lagavulin","floor":6,"turns":11},{"damage":7,"enemies":"Exordium Thugs","floor":10,"turns":6},{"damage":4,"enemies":"Blue Slaver","floor":11,"turns":3},{"damage":3,"enemies":"Looter","floor":14,"turns":4},{"damage":22,"enemies":"Slime Boss","floor":16,"turns":14},{"damage":18,"enemies":"2 Thieves","floor":18,"turns":5},{"damage":24,"enemies":"Shell Parasite","floor":21,"turns":6},{"damage":24,"enemies":"Centurion and Healer","floor":22,"turns":15},{"damage":23,"enemies":"Book of Stabbing","floor":24,"turns":6},{"damage":16,"enemies":"Snecko","floor":28,"turns":5},{"damage":28,"enemies":"Chosen and Byrds","floor":29,"turns":8},{"damage":42,"enemies":"Cultist and Chosen","floor":30,"turns":9},{"damage":11,"enemies":"Snecko","floor":31,"turns":5},{"damage":71,"enemies":"Collector","floor":33,"turns":5}],"relics_obtained":[{"floor":6,"key":"Orichalcum"},{"floor":9,"key":"Art of War"},{"floor":24,"key":"Meat on the Bone"},{"floor":26,"key":"Shuriken"}],"event_choices":[{"event_name":"Golden Wing","player_choice":"Card Removal","floor":3,"damage_taken":0},{"event_name":"Upgrade Shrine","player_choice":"Upgraded","floor":5,"damage_taken":0},{"event_name":"World of Goop","player_choice":"Left","floor":12,"damage_taken":0},{"event_name":"Golden Idol","player_choice":"Take Wound","floor":13,"damage_taken":0},{"event_name":"Vampires","player_choice":"Ignored","floor":19,"damage_taken":0},{"event_name":"Nest","player_choice":"Stole From Cult","floor":20,"damage_taken":0},{"event_name":"The Mausoleum","player_choice":"Yes","floor":27,"damage_taken":0}],"boss_relics":[{"not_picked":["Pandora\u0027s Box","Ectoplasm"],"picked":"Tiny House"}],"items_purged_floors":[],"potions_floor_spawned":[1,2,10,22,24,30],"seed_played":"-3597394892470587127","killed_by":"Collector","ascension_level":1,"potions_obtained":[{"floor":1,"key":"SpeedPotion"},{"floor":2,"key":"GhostInAJar"},{"floor":10,"key":"GhostInAJar"},{"floor":17,"key":"Regen Potion"},{"floor":22,"key":"Dexterity Potion"},{"floor":24,"key":"SkillPotion"},{"floor":30,"key":"Block Potion"}],"is_trial":false}