{"gold_per_floor":[219,231,231,250,141,141,158,174,174,184,184,200,200,225,225,326,326,345,345,357,357],"floor_reached":21,"playtime":990,"items_purged":["Strike_R"],"score":312,"play_id":"911b89d3-a6ae-45a1-974e-0ff73f394b3d","local_time":"20180812203748","is_ascension_mode":true,"campfire_choices":[{"data":"Bash","floor":6,"key":"SMITH"},{"data":"Heavy Blade","floor":11,"key":"SMITH"},{"floor":13,"key":"REST"},{"floor":15,"key":"REST"}],"neow_cost":"NONE","seed_source_timestamp":3087511515114,"circlet_count":0,"master_deck":["Strike_R","Strike_R","Strike_R","Defend_R","Defend_R","Defend_R","Defend_R","Bash+1","AscendersBane","Spot Weakness","True Grit+1","Carnage","Disarm","Heavy Blade+1","Thunderclap","Flame Barrier","Pommel Strike","Feed","Sword Boomerang+1","Inflame+1"],"relics":["Burning Blood","Paper Frog","Ancient Tea Set","Mark of Pain"],"potions_floor_usage":[12,16,16,20,20],"damage_taken":[{"damage":14,"enemies":"2 Louse","floor":1,"turns":3},{"damage":11,"enemies":"Cultist","floor":2,"turns":4},{"damage":18,"enemies":"Small Slimes","floor":4,"turns":3},{"damage":14,"enemies":"Red Slaver","floor":7,"turns":3},{"damage":16,"enemies":"Blue Slaver","floor":8,"turns":4},{"damage":0,"enemies":"Large Slime","floor":10,"turns":5},{"damage":12,"enemies":"Red Slaver","floor":12,"turns":3},{"damage":45,"enemies":"3 Sentries","floor":14,"turns":9},{"damage":7,"enemies":"Hexaghost","floor":16,"turns":8},{"damage":43,"enemies":"3 Byrds","floor":18,"turns":5},{"damage":27,"enemies":"Spheric Guardian","floor":20,"turns":4},{"damage":15,"enemies":"Centurion and Healer","floor":21,"turns":2}],"seed_played":"-8221573104223085879","potions_obtained":[{"floor":4,"key":"Swift Potion"},{"floor":7,"key":"GamblersBrew"},{"floor":8,"key":"Weak Potion"},{"floor":12,"key":"Dexterity Potion"},{"floor":18,"key":"AttackPotion"}],"is_trial":false,"path_per_floor":["M","M","?","M","$","R","M","M","T","M","R","M","R","E","R","B",null,"M","?","M"],"character_chosen":"IRONCLAD","items_purchased":["Disarm"],"campfire_rested":2,"item_purchase_floors":[5],"current_hp_per_floor":[64,59,59,47,47,47,39,29,29,35,35,29,53,14,38,37,69,32,32,11,0],"gold":357,"neow_bonus":"HUNDRED_GOLD","is_prod":false,"is_daily":false,"chose_seed":false,"campfire_upgraded":2,"win_rate":0,"timestamp":1534120668,"path_taken":["M","M","?","M","$","R","M","M","T","M","R","?","R","E","R","BOSS","M","?","M","?"],"build_version":"2018-08-09","purchased_purges":1,"victory":false,"max_hp_per_floor":[80,80,80,80,80,80,80,80,80,80,80,80,80,80,80,80,80,80,80,80,80],"card_choices":[{"not_picked":["Havoc","Pummel"],"picked":"Spot Weakness","floor":1},{"not_picked":["Entrench","Anger"],"picked":"True Grit","floor":2},{"not_picked":["Intimidate","Reckless Charge"],"picked":"Carnage","floor":4},{"not_picked":["Sever Soul","Flex"],"picked":"Heavy Blade","floor":7},{"not_picked":["Iron Wave","Flex"],"picked":"Thunderclap","floor":8},{"not_picked":["Carnage","Searing Blow","Sword Boomerang"],"picked":"SKIP","floor":10},{"not_picked":["Impervious","Cleave"],"picked":"Flame Barrier","floor":12},{"not_picked":["Anger","Perfected Strike"],"picked":"Pommel Strike","floor":14},{"not_picked":["Fiend Fire","Dark Embrace"],"picked":"Feed","floor":16},{"not_picked":["Flex","True Grit"],"picked":"Sword Boomerang+1","floor":18},{"not_picked":["Iron Wave+1","Blood for Blood"],"picked":"Inflame+1","floor":20}],"player_experience":1492471,"relics_obtained":[{"floor":9,"key":"Paper Frog"},{"floor":14,"key":"Ancient Tea Set"}],"event_choices":[{"event_name":"Accursed Blacksmith","player_choice":"Forge","floor":3,"damage_taken":0},{"event_name":"Back to Basics","player_choice":"Elegance","floor":19,"damage_taken":0}],"is_beta":false,"boss_relics":[{"not_picked":["Fusion Hammer","Snecko Eye"],"picked":"Mark of Pain"}],"items_purged_floors":[5],"is_endless":false,"potions_floor_spawned":[4,7,8,12,18],"killed_by":"Centurion and Healer","ascension_level":10}