{"gold_per_floor":[117,43,43,13,24,24,34,34,34,47,78,78,78,97,97,195,195,210,52,52,77,97,97,110,110,110,110,110,110,110,124,124,214,214,232,232,74,407,420,420,449,449,473,473,487,487,487,487],"floor_reached":48,"playtime":2128,"items_purged":["Strike_B"],"score":928,"play_id":"05e28159-b698-4b51-99bb-9fd222f6ff35","local_time":"20190130150831","is_ascension_mode":true,"campfire_choices":[{"floor":6,"key":"REST"},{"data":"Consume","floor":8,"key":"SMITH"},{"floor":13,"key":"REST"},{"data":"Creative AI","floor":15,"key":"SMITH"},{"floor":23,"key":"REST"},{"floor":27,"key":"REST"},{"data":"Fission","floor":30,"key":"SMITH"},{"data":"Buffer","floor":32,"key":"SMITH"},{"floor":40,"key":"REST"},{"floor":42,"key":"REST"},{"floor":44,"key":"REST"}],"neow_cost":"NONE","seed_source_timestamp":526656993502852,"circlet_count":0,"master_deck":["AscendersBane","Strike_B","Strike_B","Defend_B","Defend_B","Defend_B","Zap+1","Dualcast","Glacier","Consume+1","Beam Cell","Ball Lightning","White Noise","Hologram","Creative AI+1","Defragment","Buffer+1","Sunder","Tempest","Storm+1","Heatsinks+1","Fission+1","Echo Form","Sunder","Reinforced Body+1"],"relics":["Cracked Core","Mercury Hourglass","Ancient Tea Set","Potion Belt","Snecko Eye","Dream Catcher","Fusion Hammer","Juzu Bracelet","Vajra","Orichalcum"],"potions_floor_usage":[16,21,22,24,25,35,41,45],"damage_taken":[{"damage":2,"enemies":"Jaw Worm","floor":1,"turns":3},{"damage":0,"enemies":"2 Louse","floor":5,"turns":3},{"damage":0,"enemies":"Cultist","floor":7,"turns":2},{"damage":13,"enemies":"Large Slime","floor":10,"turns":4},{"damage":15,"enemies":"3 Sentries","floor":11,"turns":7},{"damage":1,"enemies":"2 Fungi Beasts","floor":14,"turns":2},{"damage":30,"enemies":"Hexaghost","floor":16,"turns":6},{"damage":10,"enemies":"Chosen","floor":18,"turns":5},{"damage":4,"enemies":"2 Thieves","floor":21,"turns":4},{"damage":7,"enemies":"Snecko","floor":22,"turns":6},{"damage":11,"enemies":"Centurion and Healer","floor":24,"turns":4},{"damage":0,"enemies":"Slavers","floor":25,"turns":1},{"damage":0,"enemies":"Snake Plant","floor":31,"turns":2},{"damage":9,"enemies":"Champ","floor":33,"turns":8},{"damage":19,"enemies":"3 Darklings","floor":35,"turns":3},{"damage":0,"enemies":"3 Shapes","floor":39,"turns":1},{"damage":9,"enemies":"Nemesis","floor":41,"turns":5},{"damage":27,"enemies":"3 Darklings","floor":45,"turns":3},{"damage":41,"enemies":"4 Shapes","floor":48,"turns":1}],"seed_played":"-3529434163540676546","potions_obtained":[{"floor":10,"key":"SmokeBomb"},{"floor":11,"key":"Block Potion"},{"floor":14,"key":"LiquidBronze"},{"floor":16,"key":"SkillPotion"},{"floor":18,"key":"Fire Potion"},{"floor":31,"key":"Block Potion"},{"floor":33,"key":"Weak Potion"},{"floor":39,"key":"SkillPotion"}],"is_trial":false,"path_per_floor":["M","$","?","$","M","R","M","R","T","M","E","?","R","M","R","B",null,"M","$","?","M","M","R","M","E","T","R","?","?","R","M","R","B",null,"M","?","$","?","M","R","E","R","T","R","M","?","?","M"],"character_chosen":"DEFECT","items_purchased":["Consume","Beam Cell","Sunder","Juzu Bracelet"],"campfire_rested":7,"item_purchase_floors":[2,4,19,37],"current_hp_per_floor":[62,62,36,36,36,57,57,57,57,44,29,29,48,47,47,17,52,42,42,42,38,31,50,39,39,39,58,58,58,58,58,58,49,60,41,41,41,41,41,60,51,64,64,64,37,37,37,0],"gold":487,"neow_bonus":"UPGRADE_CARD","is_prod":false,"is_daily":false,"chose_seed":false,"campfire_upgraded":4,"win_rate":0,"timestamp":1548878911,"path_taken":["M","$","?","$","M","R","M","R","T","M","E","?","R","M","R","BOSS","M","$","?","M","?","R","M","E","T","R","?","?","R","?","R","BOSS","M","?","$","?","M","R","E","R","T","R","M","?","?","M"],"build_version":"2019-01-23","purchased_purges":1,"victory":false,"max_hp_per_floor":[71,71,71,71,71,71,71,71,71,71,71,64,64,64,64,64,64,64,64,64,64,64,64,64,64,64,64,64,64,64,64,64,64,64,64,64,64,64,64,64,64,64,64,64,64,64,64,64],"card_choices":[{"not_picked":["Hologram","Sweeping Beam"],"picked":"Glacier","floor":1},{"not_picked":["Undo","Steam"],"picked":"Ball Lightning","floor":5},{"not_picked":["Compile Driver","Seek"],"picked":"White Noise","floor":7},{"not_picked":["Steam","Conserve Battery"],"picked":"Hologram","floor":10},{"not_picked":["Hello World","Rebound"],"picked":"Creative AI","floor":11},{"not_picked":["Beam Cell","Gash"],"picked":"Defragment","floor":14},{"not_picked":["Thunder Strike","All For One"],"picked":"Buffer","floor":16},{"not_picked":["Redo","Gash","Steam"],"picked":"SKIP","floor":18},{"not_picked":["Sweeping Beam+1","Coolheaded"],"picked":"Tempest","floor":21},{"not_picked":["Stack","Ball Lightning"],"picked":"Storm","floor":22},{"not_picked":["Tempest","Ball Lightning+1"],"picked":"Heatsinks+1","floor":24},{"not_picked":["Steam","Barrage"],"picked":"Fission","floor":27},{"not_picked":["Gash","Redo","Stack+1"],"picked":"SKIP","floor":31},{"not_picked":["Seek","Hyperbeam"],"picked":"Echo Form","floor":33},{"not_picked":["Go for the Eyes","Compile Driver","Gash+1"],"picked":"SKIP","floor":35},{"not_picked":["Streamline","Compile Driver","Undo"],"picked":"SKIP","floor":39},{"not_picked":["Cold Snap+1","Reboot"],"picked":"Sunder","floor":41},{"not_picked":["Force Field","Rebound+1"],"picked":"Reinforced Body+1","floor":45}],"player_experience":2234447,"relics_obtained":[{"floor":9,"key":"Ancient Tea Set"},{"floor":11,"key":"Potion Belt"},{"floor":26,"key":"Dream Catcher"},{"floor":41,"key":"Vajra"},{"floor":43,"key":"Orichalcum"}],"event_choices":[{"damage_healed":0,"gold_gain":0,"player_choice":"Success","damage_taken":26,"relics_obtained":["Mercury Hourglass"],"max_hp_gain":0,"max_hp_loss":0,"event_name":"Scrap Ooze","floor":3,"gold_loss":0},{"damage_healed":0,"gold_gain":0,"player_choice":"Lose Max HP","damage_taken":0,"relics_obtained":["Golden Idol"],"max_hp_gain":0,"max_hp_loss":7,"event_name":"Golden Idol","floor":12,"gold_loss":0},{"cards_removed":["Strike_B"],"damage_healed":0,"gold_gain":0,"player_choice":"Card Removal","damage_taken":0,"max_hp_gain":0,"max_hp_loss":0,"event_name":"Wheel of Change","floor":20,"gold_loss":0},{"damage_healed":0,"gold_gain":0,"player_choice":"Ignored","damage_taken":0,"max_hp_gain":0,"max_hp_loss":0,"event_name":"Vampires","floor":28,"gold_loss":0},{"damage_healed":0,"gold_gain":0,"player_choice":"Forge","damage_taken":0,"max_hp_gain":0,"max_hp_loss":0,"event_name":"Accursed Blacksmith","floor":29,"gold_loss":0,"cards_upgraded":["Storm"]},{"damage_healed":0,"gold_gain":0,"player_choice":"Ignored","damage_taken":0,"max_hp_gain":0,"max_hp_loss":0,"event_name":"Tomb of Lord Red Mask","floor":36,"gold_loss":0},{"damage_healed":0,"gold_gain":333,"player_choice":"Gave Idol","damage_taken":0,"max_hp_gain":0,"max_hp_loss":0,"event_name":"The Moai Head","floor":38,"relics_lost":["Golden Idol"],"gold_loss":0},{"damage_healed":0,"gold_gain":0,"player_choice":"Ignored","damage_taken":0,"max_hp_gain":0,"max_hp_loss":0,"event_name":"Mysterious Sphere","floor":46,"gold_loss":0},{"cards_removed":["Defend_B"],"damage_healed":0,"gold_gain":0,"player_choice":"Removed Skill","damage_taken":0,"max_hp_gain":0,"max_hp_loss":0,"event_name":"Falling","floor":47,"gold_loss":0}],"is_beta":false,"boss_relics":[{"not_picked":["Tiny House","Astrolabe"],"picked":"Snecko Eye"},{"not_picked":["Runic Pyramid","Philosopher\u0027s Stone"],"picked":"Fusion Hammer"}],"items_purged_floors":[19],"is_endless":false,"potions_floor_spawned":[10,11,14,16,18,25,31,33,39],"killed_by":"4 Shapes","ascension_level":19}