{"gold_per_floor":[119,119,129,144,94,94,150,150,150,150,150,174,218,218,218,349,412,435,451,451,476,476,476,401,416,465,465,489,514,429,464,464,595,595,608,608,608,629,642,642,655,655,655,674,752,13,13],"floor_reached":47,"playtime":2147,"items_purged":["Injury"],"score":737,"play_id":"3d0f85ba-218b-418c-a1c9-d15de221d99f","local_time":"20181109234434","is_ascension_mode":true,"campfire_choices":[{"data":"Crippling Poison","floor":6,"key":"SMITH"},{"floor":8,"key":"REST"},{"data":"Blur","floor":10,"key":"SMITH"},{"floor":15,"key":"REST"},{"floor":23,"key":"REST"},{"floor":27,"key":"REST"},{"floor":32,"key":"REST"},{"data":"After Image","floor":40,"key":"SMITH"},{"floor":42,"key":"REST"}],"neow_cost":"NONE","seed_source_timestamp":0,"circlet_count":0,"master_deck":["AscendersBane","Survivor","Neutralize","Deadly Poison","Backflip+1","Flying Knee","Quick Slash","Underhanded Strike","Poisoned Stab","Dagger Spray","Crippling Poison+1","Dodge and Roll+1","Cloak And Dagger","Poisoned Stab+1","Blur+1","Noxious Fumes+1","Burst+1","Footwork","Noxious Fumes","Dodge and Roll","Adrenaline+1","Die Die Die","After Image+1","PiercingWail","PiercingWail+1","Backstab"],"special_seed":0,"relics":["Pandora\u0027s Box","Snake Skull","The Courier","Golden Idol","Paper Crane","Tiny House","Oddly Smooth Stone","Strawberry","Darkstone Periapt","Busted Crown","Letter Opener","Shuriken","Pantograph","Bag of Marbles","War Paint","Sundial"],"potions_floor_usage":[4,7,13,19,21,33,39],"damage_taken":[{"damage":12.0,"enemies":"Jaw Worm","floor":1.0,"turns":3.0},{"damage":0,"enemies":"Cultist","floor":3,"turns":3},{"damage":0,"enemies":"Small Slimes","floor":4,"turns":2},{"damage":18,"enemies":"Lagavulin Event","floor":7,"turns":5},{"damage":8,"enemies":"2 Fungi Beasts","floor":12,"turns":2},{"damage":9,"enemies":"Lagavulin","floor":13,"turns":4},{"damage":11,"enemies":"The Guardian","floor":16,"turns":8},{"damage":31,"enemies":"2 Thieves","floor":18,"turns":5},{"damage":0,"enemies":"3 Byrds","floor":19,"turns":4},{"damage":16,"enemies":"Snecko","floor":21,"turns":5},{"damage":12,"enemies":"Snake Plant","floor":25,"turns":5},{"damage":5,"enemies":"Centurion and Healer","floor":28,"turns":6},{"damage":9,"enemies":"Snecko","floor":29,"turns":5},{"damage":37,"enemies":"Gremlin Leader","floor":31,"turns":7},{"damage":49,"enemies":"Champ","floor":33,"turns":12},{"damage":0,"enemies":"3 Shapes","floor":35,"turns":5},{"damage":1,"enemies":"3 Darklings","floor":38,"turns":4},{"damage":0,"enemies":"Spire Growth","floor":39,"turns":6},{"damage":39,"enemies":"Transient","floor":41,"turns":5},{"damage":27,"enemies":"4 Shapes","floor":44,"turns":6},{"damage":20,"enemies":"3 Darklings","floor":47,"turns":1}],"seed_played":"-4992933325521302568","potions_obtained":[{"floor":1,"key":"AttackPotion"},{"floor":3,"key":"LiquidBronze"},{"floor":12,"key":"Weak Potion"},{"floor":17,"key":"Strength Potion"},{"floor":18,"key":"FearPotion"},{"floor":19,"key":"PowerPotion"},{"floor":33,"key":"Swift Potion"},{"floor":39,"key":"FearPotion"},{"floor":41,"key":"FearPotion"}],"is_trial":false,"path_per_floor":["M","M","?","M","M","?","R","?","R","T","R","?","M","E","?","R","B",null,"M","M","?","M","?","R","?","M","T","R","M","M","?","E","R","B",null,"M","?","?","M","M","R","M","R","T","M","T","$","M"],"character_chosen":"THE_SILENT","items_purchased":["Pantograph","Bag of Marbles","War Paint","Sundial","Dexterity Potion"],"campfire_rested":6,"item_purchase_floors":[46,46,46,46,46],"current_hp_per_floor":[51,51,51,51,51,51,33,54,54,54,54,46,37,23,44,33,66,35,35,35,19,44,66,66,54,54,75,70,61,68,31,55,6,63,63,63,63,62,62,62,23,47,47,20,20,20,0],"gold":13,"neow_bonus":"BOSS_RELIC","is_prod":false,"is_daily":false,"chose_seed":false,"campfire_upgraded":3,"win_rate":0,"timestamp":1541825074,"path_taken":["M","?","?","M","?","R","?","R","T","R","?","M","E","?","R","BOSS","M","M","?","M","?","R","?","M","T","R","M","?","?","E","R","BOSS","M","?","?","M","M","R","M","R","T","M","?","$","?"],"build_version":"2018-11-08","purchased_purges":1,"victory":false,"max_hp_per_floor":[70,70,70,70,70,70,70,70,70,70,70,70,70,70,70,70,75,75,75,75,75,75,75,75,75,75,75,75,75,82,82,82,82,82,82,82,82,82,82,82,82,82,82,82,82,82,82],"card_choices":[{"not_picked":["Masterful Stab","Deadly Poison"],"picked":"Dodge and Roll","floor":1},{"not_picked":["Slice","Dagger Spray"],"picked":"Cloak And Dagger","floor":3},{"not_picked":["Flying Knee","Accuracy"],"picked":"Poisoned Stab","floor":4},{"not_picked":["Sucker Punch","Leg Sweep"],"picked":"Blur","floor":7},{"not_picked":["Flying Knee","Quick Slash","Burst"],"picked":"SKIP","floor":12},{"not_picked":["Endless Agony","Expertise"],"picked":"Noxious Fumes","floor":13},{"not_picked":["Unload","Night Terror"],"picked":"Burst","floor":16},{"not_picked":["Outmaneuver","Cloak And Dagger"],"picked":"Dagger Throw","floor":17},{"not_picked":["Endless Agony","Poisoned Stab"],"picked":"Footwork","floor":18},{"not_picked":["Infinite Blades","PiercingWail"],"picked":"Noxious Fumes","floor":19},{"not_picked":["Crippling Poison","Well Laid Plans"],"picked":"Dodge and Roll","floor":21},{"not_picked":["Acrobatics","Quick Slash","Skewer"],"picked":"SKIP","floor":25},{"not_picked":["Heel Hook","Poisoned Stab","Flying Knee"],"picked":"SKIP","floor":28},{"not_picked":["Eviscerate","Cloak And Dagger"],"picked":"Adrenaline","floor":29},{"not_picked":["Blade Dance","Leg Sweep"],"picked":"Die Die Die","floor":31},{"not_picked":["Phantasmal Killer","Adrenaline"],"picked":"After Image","floor":33},{"not_picked":[],"picked":"PiercingWail","floor":35},{"not_picked":["Poisoned Stab"],"picked":"SKIP","floor":38},{"not_picked":["Poisoned Stab"],"picked":"SKIP","floor":39},{"not_picked":[],"picked":"PiercingWail+1","floor":41},{"not_picked":[],"picked":"Backstab","floor":44}],"player_experience":1675294,"relics_obtained":[{"floor":7,"key":"Snake Skull"},{"floor":9,"key":"The Courier"},{"floor":13,"key":"Paper Crane"},{"floor":26,"key":"Oddly Smooth Stone"},{"floor":31,"key":"Darkstone Periapt"},{"floor":43,"key":"Letter Opener"},{"floor":45,"key":"Shuriken"}],"event_choices":[{"damage_healed":0,"gold_gain":0,"player_choice":"Upgraded","damage_taken":0,"max_hp_gain":0,"max_hp_loss":0,"event_name":"Upgrade Shrine","floor":2,"gold_loss":0,"cards_upgraded":["Dodge and Roll"]},{"cards_removed":["Tactician"],"damage_healed":0,"gold_gain":0,"player_choice":"Card Removal","damage_taken":0,"max_hp_gain":0,"max_hp_loss":0,"event_name":"The Cleric","floor":5,"gold_loss":50},{"damage_healed":0,"gold_gain":0,"player_choice":"Searched \u00271\u0027 times","damage_taken":0,"max_hp_gain":0,"max_hp_loss":0,"event_name":"Dead Adventurer","floor":7,"gold_loss":0},{"damage_healed":0,"gold_gain":0,"player_choice":"Take Wound","damage_taken":0,"relics_obtained":["Golden Idol"],"max_hp_gain":0,"max_hp_loss":0,"event_name":"Golden Idol","floor":11,"gold_loss":0,"cards_obtained":["Injury"]},{"damage_healed":0,"gold_gain":0,"player_choice":"Entered Light","damage_taken":14,"max_hp_gain":0,"max_hp_loss":0,"event_name":"Shining Light","floor":14,"gold_loss":0,"cards_upgraded":["Backflip","Noxious Fumes"]},{"damage_healed":0,"gold_gain":0,"player_choice":"Ignored","damage_taken":0,"max_hp_gain":0,"max_hp_loss":0,"event_name":"Cursed Tome","floor":20,"gold_loss":0},{"damage_healed":25,"gold_gain":0,"player_choice":"Heal","damage_taken":0,"max_hp_gain":0,"max_hp_loss":0,"event_name":"The Library","floor":22,"gold_loss":0},{"cards_removed":["Tactician"],"damage_healed":0,"gold_gain":0,"player_choice":"Gave Gold","damage_taken":0,"max_hp_gain":0,"max_hp_loss":0,"event_name":"Beggar","floor":24,"gold_loss":75},{"damage_healed":0,"gold_gain":0,"player_choice":"Obtained Relic","damage_taken":0,"relics_obtained":["Strawberry"],"max_hp_gain":0,"max_hp_loss":0,"event_name":"Addict","floor":30,"gold_loss":85},{"cards_removed":["Dagger Throw"],"damage_healed":0,"gold_gain":0,"player_choice":"Removed Attack","damage_taken":0,"max_hp_gain":0,"max_hp_loss":0,"event_name":"Falling","floor":36,"gold_loss":0},{"damage_healed":0,"gold_gain":0,"player_choice":"Ignored","damage_taken":0,"max_hp_gain":0,"max_hp_loss":0,"event_name":"Mysterious Sphere","floor":37,"gold_loss":0}],"is_beta":false,"boss_relics":[{"not_picked":["White Beast Statue","Astrolabe"],"picked":"Tiny House"},{"not_picked":["Eternal Feather","Runic Pyramid"],"picked":"Busted Crown"}],"items_purged_floors":[46],"is_endless":false,"potions_floor_spawned":[1,3,12,18,19,33,39,41],"killed_by":"3 Darklings","ascension_level":12}