{"gold_per_floor":[116,35,51,64,76,76,103,114,137,137,57,68,80,91,91,165,165,182,182,182,26,126,126,141,159,184,204,204,215,63,63,63,63],"floor_reached":33,"playtime":1311,"items_purged":[],"score":452,"play_id":"9d5aebeb-b641-4380-b65e-38016c66fe49","local_time":"20190123003520","is_ascension_mode":true,"campfire_choices":[{"floor":6.0,"key":"REST"},{"floor":10.0,"key":"REST"},{"floor":15.0,"key":"REST"},{"data":"Zap","floor":23,"key":"SMITH"},{"data":"Seek","floor":28,"key":"SMITH"},{"floor":32,"key":"REST"}],"neow_cost":"NONE","seed_source_timestamp":1553717603694641,"circlet_count":0,"master_deck":["AscendersBane","Strike_B","Strike_B","Strike_B","Defend_B","Defend_B","Defend_B","Defend_B","Zap+1","Dualcast","Hologram","BootSequence+1","Streamline","Streamline","Leap+1","Buffer","Ball Lightning","Ball Lightning","Seek+1","Capacitor","Ghostly","Ghostly","Ghostly","Ghostly","Ghostly","FTL","Tempest+1","Self Repair","Barrage","FTL"],"special_seed":0,"relics":["Cracked Core","Dodecahedron","Bag of Marbles","War Paint","Nuclear Battery","Blue Candle","Anchor","Strawberry"],"potions_floor_usage":[24,24,33,33],"damage_taken":[{"damage":4.0,"enemies":"Small Slimes","floor":1.0,"turns":3.0},{"damage":1.0,"enemies":"Cultist","floor":3.0,"turns":3.0},{"damage":0.0,"enemies":"Jaw Worm","floor":4.0,"turns":2.0},{"damage":24.0,"enemies":"Exordium Wildlife","floor":5.0,"turns":6.0},{"damage":46.0,"enemies":"Gremlin Nob","floor":7.0,"turns":6.0},{"damage":1.0,"enemies":"Looter","floor":8.0,"turns":2.0},{"damage":15.0,"enemies":"Gremlin Gang","floor":12.0,"turns":4.0},{"damage":0.0,"enemies":"2 Fungi Beasts","floor":13.0,"turns":3.0},{"damage":0.0,"enemies":"Looter","floor":14.0,"turns":3.0},{"damage":5,"enemies":"Slime Boss","floor":16,"turns":9},{"damage":0,"enemies":"Chosen","floor":18,"turns":5},{"damage":14,"enemies":"3 Byrds","floor":24,"turns":6},{"damage":6,"enemies":"Snake Plant","floor":25,"turns":5},{"damage":2,"enemies":"Sentry and Sphere","floor":27,"turns":7},{"damage":1,"enemies":"Centurion and Healer","floor":29,"turns":7},{"damage":35,"enemies":"Automaton","floor":33,"turns":10}],"seed_played":"2790861190702302031","potions_obtained":[{"floor":8.0,"key":"SteroidPotion"},{"floor":12.0,"key":"EssenceOfSteel"},{"floor":13.0,"key":"SpeedPotion"},{"floor":16,"key":"Energy Potion"},{"floor":25,"key":"Dexterity Potion"},{"floor":29,"key":"SkillPotion"}],"is_trial":false,"path_per_floor":["M","?","M","M","M","R","E","M","T","R","$","M","M","M","R","B",null,"M","?","T","$","?","R","M","M","T","M","R","M","$","?","R","B"],"character_chosen":"DEFECT","items_purchased":["Buffer","Anchor","Self Repair","Barrage","FTL"],"campfire_rested":4,"item_purchase_floors":[11,21,30,30,30],"current_hp_per_floor":[60,60,59,59,35,56,10,9,9,30,30,15,15,15,36,31,61,61,35,35,35,35,35,21,15,22,20,20,19,19,13,27,0],"gold":63,"neow_bonus":"REMOVE_CARD","is_prod":false,"is_daily":false,"chose_seed":false,"campfire_upgraded":2,"win_rate":0,"timestamp":1548171320,"path_taken":["M","?","M","M","M","R","E","M","T","R","?","?","M","?","R","BOSS","M","?","?","?","?","R","M","?","T","M","R","?","$","?","R","BOSS"],"build_version":"2019-01-17v2","purchased_purges":0,"victory":false,"max_hp_per_floor":[71,71,71,71,71,71,71,71,71,71,71,71,71,71,71,71,71,71,35,35,35,35,35,35,35,42,42,42,42,42,47,47,47],"card_choices":[{"not_picked":["Stack","Compile Driver"],"picked":"Hologram","floor":1.0},{"not_picked":["Hologram","Stack"],"picked":"BootSequence","floor":3.0},{"not_picked":["Hologram","Coolheaded","Beam Cell"],"picked":"SKIP","floor":4.0},{"not_picked":["White Noise","Reinforced Body"],"picked":"Streamline","floor":5.0},{"not_picked":["Fission","Scrape"],"picked":"Streamline","floor":7.0},{"not_picked":["Doom and Gloom","Genetic Algorithm"],"picked":"Leap","floor":8.0},{"not_picked":["Cold Snap","Redo"],"picked":"Ball Lightning","floor":12.0},{"not_picked":["Hologram","Compile Driver"],"picked":"Ball Lightning","floor":13.0},{"not_picked":["Reprogram","Redo","Lockon"],"picked":"SKIP","floor":14.0},{"not_picked":["Meteor Strike","Core Surge"],"picked":"Seek","floor":16},{"not_picked":["Stack","Rebound"],"picked":"Capacitor","floor":18},{"not_picked":["Steam","Turbo"],"picked":"FTL","floor":24},{"not_picked":["Darkness","Storm","Aggregate"],"picked":"SKIP","floor":25},{"not_picked":["Sweeping Beam","Melter","Gash+1"],"picked":"SKIP","floor":27},{"not_picked":["Sunder","Hello World"],"picked":"Tempest+1","floor":29}],"player_experience":430443,"relics_obtained":[{"floor":7.0,"key":"Bag of Marbles"},{"floor":9.0,"key":"War Paint"},{"floor":20,"key":"Blue Candle"},{"floor":26,"key":"Strawberry"}],"event_choices":[{"damage_healed":0.0,"max_hp_gain":0.0,"max_hp_loss":0.0,"gold_gain":0.0,"event_name":"WeMeetAgain","player_choice":"Paid Gold","floor":2.0,"gold_loss":81.0,"damage_taken":0.0,"relics_obtained":["Dodecahedron"]},{"damage_healed":0,"gold_gain":0,"player_choice":"Became a Ghost","damage_taken":0,"max_hp_gain":0,"max_hp_loss":36,"event_name":"Ghosts","floor":19,"gold_loss":0,"cards_obtained":["Ghostly","Ghostly","Ghostly","Ghostly","Ghostly"]},{"damage_healed":0,"gold_gain":100,"player_choice":"Pray","damage_taken":0,"max_hp_gain":0,"max_hp_loss":0,"event_name":"Golden Shrine","floor":22,"gold_loss":0},{"damage_healed":0,"gold_gain":0,"player_choice":"Shed Blood","damage_taken":11,"max_hp_gain":5,"max_hp_loss":0,"event_name":"Forgotten Altar","floor":31,"gold_loss":0}],"is_beta":false,"boss_relics":[{"not_picked":["Eternal Feather","Sozu"],"picked":"Nuclear Battery"}],"items_purged_floors":[],"is_endless":false,"potions_floor_spawned":[8,12,13,16,25,29],"killed_by":"Automaton","ascension_level":14}