{"gold_per_floor":[116,14,31,42,42,73,73,92,92,42,42,68,83,83,83,188,188,202,26,26,43,43,43,72,72,72,97,97,97,113,132,132,229,229,242,242,253,253,272,272,272,272,272,272,284,295,308,308,308,308],"floor_reached":51,"playtime":2743,"items_purged":["Shame"],"score":1081,"play_id":"6c1e0c37-a809-406d-90f9-2b49a7a0b5ff","local_time":"20190115212807","is_ascension_mode":true,"campfire_choices":[{"data":"Neutralize","floor":7,"key":"SMITH"},{"data":"Noxious Fumes","floor":11,"key":"SMITH"},{"data":"Catalyst","floor":15,"key":"SMITH"},{"floor":23,"key":"REST"},{"data":"Blind","floor":25,"key":"SMITH"},{"floor":28,"key":"REST"},{"floor":32,"key":"REST"},{"floor":40,"key":"REST"},{"floor":42,"key":"REST"},{"data":"Mayhem","floor":44,"key":"SMITH"},{"floor":49,"key":"REST"}],"neow_cost":"CURSE","seed_source_timestamp":936257414273879,"circlet_count":0,"master_deck":["AscendersBane","Defend_G+1","Defend_G+1","Defend_G+1","Defend_G+1","Defend_G+1","Strike_G+1","Strike_G+1","Survivor","Neutralize+1","Envenom","Leg Sweep","Blade Dance","Catalyst+1","Noxious Fumes+1","Catalyst+1","Bullet Time","Cloak And Dagger","Footwork","Blind+1","Infinite Blades","Finisher+1","Cloak And Dagger+1","Backstab","Noxious Fumes","Adrenaline","Prepared","Mayhem+1","Well Laid Plans","Leg Sweep+1"],"relics":["Ring of the Snake","Bag of Marbles","Dodecahedron","Odd Mushroom","WristBlade","Gremlin Horn","Mummified Hand","Centennial Puzzle","Cursed Key"],"potions_floor_usage":[6,8,22,22,33,33,45,50,50],"damage_taken":[{"damage":2,"enemies":"2 Louse","floor":1,"turns":3},{"damage":0,"enemies":"Small Slimes","floor":3,"turns":4},{"damage":0,"enemies":"Cultist","floor":4,"turns":5},{"damage":11,"enemies":"Lagavulin","floor":6,"turns":7},{"damage":0,"enemies":"3 Louse","floor":8,"turns":2},{"damage":16,"enemies":"The Mushroom Lair","floor":12,"turns":5},{"damage":3,"enemies":"2 Fungi Beasts","floor":13,"turns":5},{"damage":9,"enemies":"The Guardian","floor":16,"turns":9},{"damage":10,"enemies":"Shell Parasite","floor":18,"turns":6},{"damage":3,"enemies":"Chosen","floor":21,"turns":4},{"damage":5,"enemies":"Colosseum Slavers","floor":22,"turns":6},{"damage":7,"enemies":"Gremlin Leader","floor":24,"turns":7},{"damage":25,"enemies":"Slavers","floor":27,"turns":6},{"damage":12,"enemies":"Snake Plant","floor":30,"turns":4},{"damage":9,"enemies":"Centurion and Healer","floor":31,"turns":7},{"damage":15,"enemies":"Champ","floor":33,"turns":5},{"damage":0,"enemies":"Orb Walker","floor":35,"turns":4},{"damage":17,"enemies":"3 Darklings","floor":37,"turns":4},{"damage":31,"enemies":"Spire Growth","floor":39,"turns":5},{"damage":28,"enemies":"Transient","floor":45,"turns":5},{"damage":2,"enemies":"Writhing Mass","floor":46,"turns":3},{"damage":6,"enemies":"Jaw Worm Horde","floor":47,"turns":4},{"damage":40,"enemies":"Donu and Deca","floor":50,"turns":10}],"seed_played":"5412416138006351892","potions_obtained":[{"floor":1,"key":"Poison Potion"},{"floor":3,"key":"Explosive Potion"},{"floor":13,"key":"Energy Potion"},{"floor":21,"key":"Regen Potion"},{"floor":27,"key":"Energy Potion"},{"floor":31,"key":"SkillPotion"},{"floor":33,"key":"Explosive Potion"},{"floor":35,"key":"Explosive Potion"},{"floor":39,"key":"PowerPotion"},{"floor":47,"key":"Weak Potion"}],"is_trial":false,"path_per_floor":["M","$","M","M","$","E","R","M","T","?","R","?","M","?","R","B",null,"M","$","?","M","?","R","E","R","T","E","R","?","M","M","R","B",null,"M","?","M","?","M","R","?","R","T","R","M","M","M","T","R","B",null],"character_chosen":"THE_SILENT","items_purchased":["Blade Dance","Footwork","Blind"],"campfire_rested":6,"item_purchase_floors":[2,19,19],"current_hp_per_floor":[61,61,61,61,61,50,50,50,50,50,50,34,31,31,31,22,58,48,48,48,45,55,70,63,63,63,38,59,59,47,38,59,44,64,64,64,47,47,16,37,37,58,58,58,30,28,22,22,43,3],"gold":308,"neow_bonus":"THREE_RARE_CARDS","is_prod":false,"is_daily":false,"chose_seed":false,"campfire_upgraded":5,"win_rate":0,"timestamp":1547555287,"path_taken":["M","$","M","M","$","E","R","M","T","?","R","?","M","?","R","BOSS","M","$","?","M","?","R","E","R","T","E","R","?","M","M","R","BOSS","M","?","M","?","M","R","?","R","T","R","M","?","M","?","R","BOSS"],"build_version":"2019-01-10","purchased_purges":1,"victory":true,"max_hp_per_floor":[70,70,70,70,70,70,70,70,70,70,70,70,70,70,70,70,70,70,70,70,70,70,70,70,70,70,70,70,70,70,70,70,70,70,70,70,70,70,70,70,70,70,70,70,70,70,70,70,70,70],"card_choices":[{"not_picked":["Grand Finale","Storm of Steel"],"picked":"Envenom","floor":0},{"not_picked":["Poisoned Stab","Reflex"],"picked":"Leg Sweep","floor":1},{"not_picked":["Slice","Backflip"],"picked":"Dagger Throw","floor":3},{"not_picked":["Outmaneuver","Dodge and Roll"],"picked":"Catalyst","floor":4},{"not_picked":["Outmaneuver","Envenom"],"picked":"Noxious Fumes","floor":6},{"not_picked":["Calculated Gamble","Endless Agony","Riddle With Holes"],"picked":"SKIP","floor":8},{"not_picked":["Distraction","Sucker Punch"],"picked":"Catalyst","floor":13},{"not_picked":["After Image","Die Die Die"],"picked":"Bullet Time","floor":16},{"not_picked":["Heel Hook","Slice"],"picked":"Cloak And Dagger","floor":18},{"not_picked":["Prepared","Predator"],"picked":"Infinite Blades","floor":21},{"not_picked":["Dagger Throw","Unload"],"picked":"Finisher+1","floor":24},{"not_picked":["Prepared","Blade Dance"],"picked":"Cloak And Dagger+1","floor":27},{"not_picked":["Quick Slash","Flying Knee+1"],"picked":"Noxious Fumes","floor":30},{"not_picked":["Underhanded Strike","Outmaneuver","Concentrate"],"picked":"SKIP","floor":31},{"not_picked":["Bullet Time","Tools of the Trade"],"picked":"Adrenaline","floor":33},{"not_picked":["Poisoned Stab+1","Backflip"],"picked":"Prepared","floor":35},{"not_picked":["Blind","Thinking Ahead"],"picked":"Mayhem","floor":36},{"not_picked":["Dodge and Roll","Quick Slash","Cloak And Dagger"],"picked":"SKIP","floor":37},{"not_picked":["Underhanded Strike","Dagger Throw+1"],"picked":"Well Laid Plans","floor":39},{"not_picked":["Terror","Bane","Outmaneuver"],"picked":"SKIP","floor":45},{"not_picked":["Terror+1","Dodge and Roll","Phantasmal Killer"],"picked":"SKIP","floor":46},{"not_picked":["Reflex","Flying Knee"],"picked":"Leg Sweep+1","floor":47}],"player_experience":378983,"relics_obtained":[{"floor":6,"key":"Bag of Marbles"},{"floor":9,"key":"Dodecahedron"},{"floor":12,"key":"Odd Mushroom"},{"floor":24,"key":"Gremlin Horn"},{"floor":26,"key":"Mummified Hand"},{"floor":27,"key":"Centennial Puzzle"}],"event_choices":[{"cards_removed":["Strike_G"],"damage_healed":0,"gold_gain":0,"player_choice":"Card Removal","damage_taken":0,"max_hp_gain":0,"max_hp_loss":0,"event_name":"The Cleric","floor":10,"gold_loss":50},{"damage_healed":0,"gold_gain":0,"player_choice":"Fought Mushrooms","damage_taken":0,"max_hp_gain":0,"max_hp_loss":0,"event_name":"Mushrooms","floor":12,"gold_loss":0},{"damage_healed":0,"gold_gain":0,"player_choice":"Grow","damage_taken":0,"max_hp_gain":0,"max_hp_loss":0,"event_name":"Living Wall","floor":14,"gold_loss":0,"cards_upgraded":["Catalyst"]},{"damage_healed":0,"gold_gain":0,"player_choice":"Simplicity","damage_taken":0,"max_hp_gain":0,"max_hp_loss":0,"event_name":"Back to Basics","floor":20,"gold_loss":0,"cards_upgraded":["Defend_G","Defend_G","Defend_G","Defend_G","Defend_G","Strike_G","Strike_G","Strike_G","Strike_G"]},{"damage_healed":0,"gold_gain":0,"player_choice":"Fight","damage_taken":0,"max_hp_gain":0,"max_hp_loss":0,"event_name":"Colosseum","floor":22,"gold_loss":0},{"damage_healed":0,"gold_gain":0,"player_choice":"Fled From Nobs","damage_taken":0,"max_hp_gain":0,"max_hp_loss":0,"event_name":"Colosseum","floor":22,"gold_loss":0},{"damage_healed":0,"gold_gain":0,"cards_transformed":["Strike_G"],"player_choice":"Transformed","damage_taken":0,"max_hp_gain":0,"max_hp_loss":0,"event_name":"Transmorgrifier","floor":29,"gold_loss":0,"cards_obtained":["Backstab"]},{"damage_healed":0,"gold_gain":0,"player_choice":"Memory 1","damage_taken":0,"max_hp_gain":0,"max_hp_loss":0,"event_name":"SensoryStone","floor":36,"gold_loss":0},{"cards_removed":["Dagger Throw"],"damage_healed":0,"gold_gain":0,"player_choice":"Removed Attack","damage_taken":0,"max_hp_gain":0,"max_hp_loss":0,"event_name":"Falling","floor":38,"gold_loss":0},{"cards_removed":["Strike_G"],"damage_healed":0,"gold_gain":0,"player_choice":"Offered Basic","damage_taken":0,"max_hp_gain":0,"max_hp_loss":0,"event_name":"Bonfire Elementals","floor":41,"gold_loss":0}],"is_beta":false,"boss_relics":[{"not_picked":["Astrolabe","Tiny House"],"picked":"WristBlade"},{"not_picked":["Velvet Choker","Fusion Hammer"],"picked":"Cursed Key"}],"items_purged_floors":[2],"is_endless":false,"potions_floor_spawned":[1,3,13,21,27,31,33,35,39,47],"ascension_level":12}