{"gold_per_floor":[114,132,82,99,99,124,124,141,141,141,316,334,184,17,17,122,122,94,94,3,3,13,13,13,13,13,24,34,34,45,45,45,141,141,154,165,165,211,211],"floor_reached":39,"playtime":2114,"items_purged":["Doubt","Strike_G"],"score":531,"play_id":"4a3ae007-3496-4948-92e9-74e84c8d21d9","local_time":"20180802223128","is_ascension_mode":true,"campfire_choices":[{"data":"Neutralize","floor":7,"key":"SMITH"},{"data":"Terror","floor":10,"key":"SMITH"},{"floor":15,"key":"REST"},{"data":"Cloak And Dagger","floor":23,"key":"SMITH"},{"data":"Caltrops","floor":25,"key":"SMITH"},{"data":"Die Die Die","floor":29,"key":"SMITH"},{"floor":32,"key":"REST"}],"neow_cost":"","seed_source_timestamp":707577605357979,"circlet_count":0,"master_deck":["Defend_G","Defend_G","Defend_G","Defend_G","Defend_G","Strike_G","Strike_G","Strike_G","Survivor","Neutralize+1","Poisoned Stab","Leg Sweep","Blur","Terror+1","Poisoned Stab","Footwork","Caltrops+1","Predator+1","Burst","PiercingWail+1","Cloak And Dagger+1","Poisoned Stab","Backflip","Blade Dance+1","Die Die Die+1","Blade Dance","A Thousand Cuts","Leg Sweep+1","Writhe","Adrenaline"],"relics":["Ring of the Snake","Kunai","Mango","Sozu","Enchiridion","Centennial Puzzle","Eternal Feather","Incense Burner"],"potions_floor_usage":[12,22],"damage_taken":[{"damage":11,"enemies":"2 Louse","floor":1,"turns":3},{"damage":2,"enemies":"Jaw Worm","floor":2,"turns":4},{"damage":2,"enemies":"Small Slimes","floor":4,"turns":5},{"damage":26,"enemies":"Lagavulin","floor":6,"turns":12},{"damage":8,"enemies":"Looter","floor":8,"turns":2},{"damage":0,"enemies":"2 Fungi Beasts","floor":12,"turns":3},{"damage":26,"enemies":"The Guardian","floor":16,"turns":12},{"damage":18,"enemies":"2 Thieves","floor":18,"turns":5},{"damage":0,"enemies":"3 Byrds","floor":22,"turns":5},{"damage":15,"enemies":"3 Cultists","floor":27,"turns":6},{"damage":0,"enemies":"Cultist and Chosen","floor":28,"turns":6},{"damage":0,"enemies":"Chosen and Byrds","floor":30,"turns":7},{"damage":16,"enemies":"Automaton","floor":33,"turns":11},{"damage":14,"enemies":"3 Darklings","floor":35,"turns":3},{"damage":11,"enemies":"Flame Bruiser 1 Orb","floor":36,"turns":7},{"damage":63,"floor":38,"turns":8},{"damage":12,"enemies":"Maw","floor":39,"turns":2}],"seed_played":"431472708390780751","potions_obtained":[{"floor":8,"key":"AttackPotion"},{"floor":16,"key":"Regen Potion"}],"is_trial":false,"path_per_floor":["M","M","?","M","?","E","R","M","T","R","?","M","$","$","R","B",null,"M","?","$","?","M","R","?","R","T","M","M","R","M","?","R","B",null,"M","M","?","?"],"character_chosen":"THE_SILENT","items_purchased":["Caltrops","Predator","Cloak And Dagger","Poisoned Stab"],"campfire_rested":2,"item_purchase_floors":[13,14,20,20],"current_hp_per_floor":[52,50,50,48,70,44,44,36,50,50,50,50,50,50,75,49,75,57,57,57,41,55,55,55,55,55,40,40,40,40,40,65,49,75,61,50,71,8,0],"gold":211,"neow_bonus":"","is_prod":false,"is_daily":false,"chose_seed":false,"campfire_upgraded":5,"win_rate":0,"timestamp":1533263488,"path_taken":["M","M","?","M","?","E","R","M","T","R","?","M","?","$","R","BOSS","M","?","$","?","M","R","?","R","T","?","M","R","M","?","R","BOSS","M","M","?","?","M"],"build_version":"2018-08-02","purchased_purges":2,"victory":false,"max_hp_per_floor":[70,70,70,70,70,70,70,70,84,84,84,84,84,84,84,84,84,84,84,84,84,84,84,84,84,84,84,84,84,84,84,84,84,84,84,84,84,84,84],"card_choices":[{"not_picked":["Underhanded Strike","Prepared"],"picked":"Poisoned Stab","floor":1},{"not_picked":["Bane","Cloak And Dagger"],"picked":"Leg Sweep","floor":2},{"not_picked":["Masterful Stab","Underhanded Strike"],"picked":"Blur","floor":4},{"not_picked":["Burst","Skewer"],"picked":"Terror","floor":6},{"not_picked":["Terror","Predator"],"picked":"Poisoned Stab","floor":8},{"not_picked":["Caltrops","Heel Hook"],"picked":"Footwork","floor":12},{"not_picked":["Grand Finale","Unload"],"picked":"Burst","floor":16},{"not_picked":["Sucker Punch","Quick Slash+1"],"picked":"PiercingWail+1","floor":18},{"not_picked":["Poisoned Stab","Blade Dance"],"picked":"Backflip","floor":22},{"not_picked":["Crippling Poison+1","Predator"],"picked":"Blade Dance+1","floor":27},{"not_picked":["Backstab","Bane"],"picked":"Die Die Die","floor":28},{"not_picked":["Dagger Throw","Sucker Punch"],"picked":"Blade Dance","floor":30},{"not_picked":["Malaise","Venomology"],"picked":"A Thousand Cuts","floor":33},{"not_picked":["Riddle With Holes+1","Dagger Throw+1"],"picked":"Leg Sweep+1","floor":35},{"not_picked":["Quick Slash","Acrobatics+1","Slice"],"picked":"SKIP","floor":36},{"not_picked":["Bane","Cloak And Dagger"],"picked":"Adrenaline","floor":38}],"player_experience":1410277,"relics_obtained":[{"floor":6,"key":"Kunai"},{"floor":9,"key":"Mango"},{"floor":21,"key":"Enchiridion"},{"floor":26,"key":"Centennial Puzzle"},{"floor":38,"key":"Incense Burner"}],"event_choices":[{"event_name":"The Cleric","player_choice":"Card Removal","floor":3,"damage_taken":0},{"event_name":"Big Fish","player_choice":"Banana","floor":5,"damage_taken":0},{"event_name":"Liars Game","player_choice":"agreed","floor":11,"damage_taken":0},{"event_name":"The Woman in Blue","player_choice":"Bought 0 Potions","floor":19,"damage_taken":0},{"event_name":"Cursed Tome","player_choice":"Obtained Book","floor":21,"damage_taken":0},{"event_name":"Upgrade Shrine","player_choice":"Upgraded","floor":24,"damage_taken":0},{"event_name":"Beggar","player_choice":"Ignored","floor":31,"damage_taken":0},{"event_name":"Winding Halls","player_choice":"Writhe","floor":37,"damage_taken":0},{"event_name":"Mysterious Sphere","player_choice":"Fight","floor":38,"damage_taken":0}],"is_beta":false,"boss_relics":[{"not_picked":["Snecko Eye","Ring of the Serpent"],"picked":"Sozu"},{"not_picked":["Astrolabe","Coffee Dripper"],"picked":"Eternal Feather"}],"items_purged_floors":[13,14],"is_endless":false,"potions_floor_spawned":[8,16,22,27,33,35,36],"killed_by":"Maw","ascension_level":8}