{"gold_per_floor":[13,13,26,46,57,57,57,107,107,122,141,141,156,184,184,261,261,281,50,50,50,50,50,67,67,67,67,102,117,127,50,50,50],"floor_reached":33,"playtime":1126,"items_purged":["Strike_R"],"score":467,"play_id":"0d6f3d00-cf95-465a-9db1-b6bd9de00723","local_time":"20190211103101","is_ascension_mode":true,"campfire_choices":[{"data":"Bash","floor":6.0,"key":"SMITH"},{"data":"Shrug It Off","floor":12.0,"key":"SMITH"},{"floor":15.0,"key":"REST"},{"data":"Sever Soul","floor":23.0,"key":"SMITH"},{"data":"Uppercut","floor":25.0,"key":"SMITH"},{"data":"Ghostly","floor":27.0,"key":"SMITH"},{"data":"Immolate","floor":32,"key":"SMITH"}],"neow_cost":"NO_GOLD","seed_source_timestamp":1643884313862162,"circlet_count":0,"master_deck":["AscendersBane","Strike_R","Strike_R","Strike_R","Strike_R","Defend_R","Defend_R","Defend_R","Defend_R","Bash+1","Clothesline+1","Shrug It Off+1","Sever Soul+1","Fire Breathing+1","Demon Form+1","Battle Trance+1","Ghostly+1","Ghostly","Ghostly","Uppercut+1","Immolate+1","Fire Breathing+1"],"special_seed":0,"relics":["Burning Blood","Nunchaku","Frozen Egg 2","Omamori","Pen Nib","Cursed Key","Vajra","Mango","Oddly Smooth Stone"],"potions_floor_usage":[33],"damage_taken":[{"damage":3.0,"enemies":"2 Louse","floor":1.0,"turns":4.0},{"damage":0.0,"enemies":"Cultist","floor":3.0,"turns":4.0},{"damage":15.0,"enemies":"Jaw Worm","floor":4.0,"turns":6.0},{"damage":12.0,"enemies":"Blue Slaver","floor":5.0,"turns":5.0},{"damage":18.0,"enemies":"Lots of Slimes","floor":10.0,"turns":6.0},{"damage":3.0,"enemies":"Looter","floor":11.0,"turns":3.0},{"damage":5.0,"enemies":"2 Fungi Beasts","floor":13.0,"turns":4.0},{"damage":14.0,"enemies":"Lagavulin","floor":14.0,"turns":5.0},{"damage":65.0,"enemies":"Slime Boss","floor":16.0,"turns":12.0},{"damage":7.0,"enemies":"Chosen","floor":18.0,"turns":4.0},{"damage":22.0,"enemies":"Colosseum Slavers","floor":20.0,"turns":5.0},{"damage":2.0,"enemies":"Spheric Guardian","floor":24.0,"turns":4.0},{"damage":3,"enemies":"Gremlin Leader","floor":28,"turns":5},{"damage":10,"enemies":"3 Cultists","floor":29,"turns":5},{"damage":0,"enemies":"Centurion and Healer","floor":30,"turns":4},{"damage":63,"enemies":"Champ","floor":33,"turns":6}],"seed_played":"4559932789416813502","potions_obtained":[{"floor":5.0,"key":"Dexterity Potion"},{"floor":10.0,"key":"FearPotion"},{"floor":11.0,"key":"Poison Potion"},{"floor":16.0,"key":"Ancient Potion"},{"floor":24.0,"key":"Ancient Potion"}],"is_trial":false,"path_per_floor":["M","?","M","M","M","R","?","?","T","M","M","R","M","E","R","B",null,"M","$","?","?","?","R","M","R","T","R","E","M","M","$","R","B"],"character_chosen":"IRONCLAD","items_purchased":["Vajra","Fire Breathing+1"],"campfire_rested":1,"item_purchase_floors":[19,31],"current_hp_per_floor":[71,71,75,66,60,60,60,60,60,48,51,51,52,44,66,7,58,57,57,41,37,31,31,35,35,49,49,51,47,51,51,51,0],"gold":50,"neow_bonus":"ONE_RARE_RELIC","is_prod":false,"is_daily":false,"chose_seed":false,"campfire_upgraded":6,"win_rate":0,"timestamp":1549848661,"path_taken":["M","?","M","M","?","R","?","?","T","M","M","R","M","E","R","BOSS","M","?","?","?","?","R","M","R","T","R","E","?","M","?","R","BOSS"],"build_version":"2019-01-23","purchased_purges":1,"victory":false,"max_hp_per_floor":[75,75,75,75,75,75,75,75,75,75,75,75,75,75,75,75,75,75,75,75,37,37,37,37,37,51,51,51,51,51,51,51,51],"card_choices":[{"not_picked":["Heavy Blade","Clothesline"],"picked":"Flex","floor":1.0},{"not_picked":["Blood for Blood","True Grit","Headbutt"],"picked":"SKIP","floor":3.0},{"not_picked":["Cleave","Sword Boomerang"],"picked":"Clothesline","floor":4.0},{"not_picked":["Havoc","Iron Wave"],"picked":"Shrug It Off","floor":5.0},{"not_picked":["Warcry","Havoc","Clash"],"picked":"SKIP","floor":10.0},{"not_picked":["Iron Wave","Clash","Second Wind"],"picked":"SKIP","floor":11.0},{"not_picked":["Twin Strike","Headbutt"],"picked":"Sever Soul","floor":13.0},{"not_picked":["Seeing Red","Corruption+1"],"picked":"Fire Breathing+1","floor":14.0},{"not_picked":["Reaper","Brutality+1"],"picked":"Demon Form+1","floor":16.0},{"not_picked":["Thunderclap","Twin Strike"],"picked":"Battle Trance+1","floor":18.0},{"not_picked":["Twin Strike","Sword Boomerang"],"picked":"Uppercut","floor":24.0},{"not_picked":["Clash","Pommel Strike+1"],"picked":"Immolate","floor":28},{"not_picked":["Iron Wave","Clothesline","Battle Trance"],"picked":"SKIP","floor":29},{"not_picked":["Thunderclap","Rage","Clothesline"],"picked":"SKIP","floor":30}],"player_experience":517462,"relics_obtained":[{"floor":9.0,"key":"Omamori"},{"floor":14.0,"key":"Pen Nib"},{"floor":26.0,"key":"Mango"},{"floor":28,"key":"Oddly Smooth Stone"}],"event_choices":[{"cards_removed":["Flex"],"damage_healed":0.0,"max_hp_gain":0.0,"max_hp_loss":0.0,"gold_gain":0.0,"event_name":"WeMeetAgain","player_choice":"Gave Card","floor":2.0,"gold_loss":0.0,"damage_taken":0.0,"relics_obtained":["Frozen Egg 2"]},{"damage_healed":0.0,"max_hp_gain":0.0,"max_hp_loss":0.0,"gold_gain":0.0,"event_name":"Living Wall","player_choice":"Grow","floor":7.0,"gold_loss":0.0,"damage_taken":0.0,"cards_upgraded":["Clothesline"]},{"damage_healed":0.0,"max_hp_gain":0.0,"max_hp_loss":0.0,"gold_gain":50.0,"event_name":"Golden Shrine","player_choice":"Pray","floor":8.0,"gold_loss":0.0,"damage_taken":0.0},{"damage_healed":0.0,"max_hp_gain":0.0,"max_hp_loss":0.0,"gold_gain":0.0,"event_name":"Colosseum","player_choice":"Fight","floor":20.0,"gold_loss":0.0,"damage_taken":0.0},{"damage_healed":0.0,"max_hp_gain":0.0,"max_hp_loss":0.0,"gold_gain":0.0,"event_name":"Colosseum","player_choice":"Fled From Nobs","floor":20.0,"gold_loss":0.0,"damage_taken":0.0},{"damage_healed":0.0,"max_hp_gain":0.0,"max_hp_loss":38.0,"gold_gain":0.0,"event_name":"Ghosts","player_choice":"Became a Ghost","floor":21.0,"gold_loss":0.0,"damage_taken":0.0,"cards_obtained":["Ghostly","Ghostly","Ghostly"]},{"damage_healed":0.0,"max_hp_gain":0.0,"max_hp_loss":0.0,"gold_gain":0.0,"event_name":"Knowing Skull","player_choice":"","floor":22.0,"potions_obtained":[],"gold_loss":0.0,"damage_taken":6.0,"cards_obtained":[]}],"is_beta":false,"boss_relics":[{"not_picked":["Tiny House","Snecko Eye"],"picked":"Cursed Key"}],"items_purged_floors":[19],"is_endless":false,"potions_floor_spawned":[5,10,11,16,20,24,28],"killed_by":"Champ","ascension_level":15}