{"gold_per_floor":[113,73,90,109,121,121,121,121,121,131,131,156,173,188,188,283,283,301,301,313,313,112,112],"floor_reached":23,"playtime":1294,"items_purged":[],"score":212,"play_id":"eff44d92-93ce-47aa-beee-40d2ac977be7","local_time":"20190206202258","is_ascension_mode":true,"campfire_choices":[{"floor":6,"key":"REST"},{"floor":8,"key":"REST"},{"floor":11,"key":"REST"},{"floor":15,"key":"REST"}],"neow_cost":"NONE","seed_source_timestamp":2186393517120224,"circlet_count":0,"master_deck":["Defend_G","Defend_G","Defend_G","Defend_G","Defend_G","Strike_G+1","Strike_G","Strike_G","Strike_G","Survivor","Neutralize","Dagger Throw","Noxious Fumes","Quick Slash","Poisoned Stab","Dash","Leg Sweep","Flying Knee","Cloak And Dagger","Adrenaline","Predator+1","Transmutation+1","Terror+1","Acrobatics","Noxious Fumes","Writhe","Footwork","Infinite Blades","Finesse"],"relics":["Ring of the Snake","Ornamental Fan","Whetstone","The Courier","Astrolabe","Gremlin Horn"],"potions_floor_usage":[23],"damage_taken":[{"damage":1,"enemies":"Cultist","floor":1,"turns":4},{"damage":0,"enemies":"Jaw Worm","floor":3,"turns":4},{"damage":4,"enemies":"Small Slimes","floor":4,"turns":4},{"damage":8,"enemies":"3 Louse","floor":5,"turns":5},{"damage":17,"enemies":"Gremlin Gang","floor":10,"turns":3},{"damage":8,"enemies":"Lagavulin","floor":12,"turns":5},{"damage":4,"enemies":"Exordium Wildlife","floor":13,"turns":4},{"damage":1,"enemies":"Looter","floor":14,"turns":3},{"damage":39,"enemies":"Slime Boss","floor":16,"turns":12},{"damage":13,"enemies":"Spheric Guardian","floor":18,"turns":6},{"damage":11,"enemies":"3 Byrds","floor":20,"turns":6},{"damage":48,"enemies":"Slavers","floor":23,"turns":4}],"seed_played":"-2785822896476060004","potions_obtained":[{"floor":1,"key":"LiquidBronze"},{"floor":10,"key":"SkillPotion"},{"floor":13,"key":"SteroidPotion"},{"floor":16,"key":"Strength Potion"}],"is_trial":false,"path_per_floor":["M","$","M","M","M","R","?","R","T","M","R","E","M","M","R","B",null,"M","?","M","?","$","E"],"character_chosen":"THE_SILENT","items_purchased":["Noxious Fumes","Footwork","Infinite Blades","Finesse"],"campfire_rested":4,"item_purchase_floors":[2,22,22,22],"current_hp_per_floor":[69,69,69,65,57,70,52,70,70,53,70,62,58,57,70,31,70,57,57,46,46,46,0],"gold":112,"neow_bonus":"RANDOM_COLORLESS","is_prod":false,"is_daily":false,"chose_seed":false,"campfire_upgraded":0,"win_rate":0,"timestamp":1549455778,"path_taken":["M","?","M","?","M","R","?","R","T","M","R","E","M","M","R","BOSS","M","?","M","?","$","E"],"build_version":"2019-01-23","purchased_purges":0,"victory":false,"max_hp_per_floor":[70,70,70,70,70,70,70,70,70,70,70,70,70,70,70,70,70,70,70,70,70,70,70],"card_choices":[{"not_picked":["Quick Slash","Bane"],"picked":"Dagger Throw","floor":1},{"not_picked":["Slice","Endless Agony"],"picked":"Catalyst","floor":3},{"not_picked":["Concentrate","Blade Dance"],"picked":"Quick Slash","floor":4},{"not_picked":["Slice","Reflex"],"picked":"Poisoned Stab","floor":5},{"not_picked":["Deflect","Cloak And Dagger"],"picked":"Dash","floor":10},{"not_picked":["Venomology","Slice"],"picked":"Leg Sweep","floor":12},{"not_picked":["Deflect","Concentrate"],"picked":"Flying Knee","floor":13},{"not_picked":["Flying Knee","Leg Sweep"],"picked":"Cloak And Dagger","floor":14},{"not_picked":["Unload","Phantasmal Killer"],"picked":"Adrenaline","floor":16},{"not_picked":["Dodge and Roll","Dagger Spray"],"picked":"Acrobatics","floor":18},{"not_picked":["Predator","Riddle With Holes"],"picked":"Noxious Fumes","floor":20}],"player_experience":44072,"relics_obtained":[{"floor":9,"key":"Whetstone"},{"floor":12,"key":"The Courier"}],"event_choices":[{"damage_healed":0,"gold_gain":0,"player_choice":"Success","damage_taken":18,"relics_obtained":["Ornamental Fan"],"max_hp_gain":0,"max_hp_loss":0,"event_name":"Scrap Ooze","floor":7,"gold_loss":0},{"damage_healed":0,"gold_gain":0,"player_choice":"Ignored","damage_taken":0,"max_hp_gain":0,"max_hp_loss":0,"event_name":"Ghosts","floor":19,"gold_loss":0},{"damage_healed":0,"gold_gain":0,"player_choice":"Opened","damage_taken":0,"relics_obtained":["Gremlin Horn"],"max_hp_gain":0,"max_hp_loss":0,"event_name":"The Mausoleum","floor":21,"gold_loss":0,"cards_obtained":["Writhe"]}],"is_beta":false,"boss_relics":[{"not_picked":["Runic Dome","Empty Cage"],"picked":"Astrolabe"}],"items_purged_floors":[],"is_endless":false,"potions_floor_spawned":[1,10,13,14,16,20],"killed_by":"Slavers","ascension_level":2}