{"path_per_floor":["M","?","$","$","M","R","M","$","T","$","M","?","M","M","R","B",null,"M","$","M","?","M","R","?","M","T","T"],"character_chosen":"DEFECT","items_purchased":["Capacitor","Blizzard","Cold Snap","Self Repair"],"gold_per_floor":[119,119,50,13,27,27,48,48,118,73,88,88,101,114,114,239,239,230,118,134,233,252,252,252,277,303,333,333],"floor_reached":28,"campfire_rested":3,"playtime":1872,"item_purchase_floors":[3,4,10,19],"current_hp_per_floor":[64,46,46,46,46,68,69,69,69,69,68,68,73,75,75,55,70,58,58,65,65,48,70,54,47,47,47,0],"items_purged":["Strike_B"],"gold":333,"score":273,"play_id":"b13be846-fc87-4f59-a060-f0486857ffd3","local_time":"20180622130813","is_prod":false,"is_daily":false,"chose_seed":false,"is_ascension_mode":true,"campfire_upgraded":0,"win_rate":0,"timestamp":1529687293,"campfire_choices":[{"floor":6,"key":"REST"},{"floor":15,"key":"REST"},{"floor":23,"key":"REST"}],"path_taken":["M","?","?","$","M","R","?","?","T","$","M","?","?","M","R","BOSS","M","$","M","?","M","R","?","M","T","?","M"],"build_version":"2018-06-21","seed_source_timestamp":724702541337629,"purchased_purges":1,"circlet_count":0,"victory":false,"master_deck":["Strike_B","Strike_B","Strike_B","Defend_B","Defend_B","Defend_B","Defend_B","Zap","Dualcast","Coolheaded","Capacitor","Blizzard","Self Repair","Cold Snap","Leap","Leap","Blizzard","Amplify","Stack","Self Repair","Cold Snap","Parasite","Parasite"],"max_hp_per_floor":[75,75,75,75,75,75,75,75,75,75,75,75,75,75,75,75,75,75,75,75,75,75,75,75,75,75,75,75],"relics":["Fusion Hammer","Golden Idol","Shuriken","Bird Faced Urn","Cursed Key","Enchiridion","Anchor","Tiny Chest"],"card_choices":[{"not_picked":["Sunder","Consume"],"picked":"Coolheaded","floor":1},{"not_picked":["Scrape","Redo"],"picked":"Self Repair","floor":5},{"not_picked":["Compile Driver","Ball Lightning","Barrage"],"picked":"SKIP","floor":7},{"not_picked":["Rebound","Heatsinks"],"picked":"Leap","floor":11},{"not_picked":["Lockon","Sweeping Beam"],"picked":"Leap","floor":13},{"not_picked":["Beam Cell","Multi-Cast"],"picked":"Blizzard","floor":14},{"not_picked":["Thunder Strike","Hyperbeam"],"picked":"Amplify","floor":16},{"not_picked":["Conserve Battery+1","Gash"],"picked":"Stack","floor":18},{"not_picked":["Aggregate","Force Field","Reinforced Body"],"picked":"SKIP","floor":20},{"not_picked":["Redo","Rebound"],"picked":"Cold Snap","floor":22},{"not_picked":["Streamline+1","Compile Driver","Reinforced Body+1"],"picked":"SKIP","floor":25}],"player_experience":712440,"potions_floor_usage":[13,16,20],"damage_taken":[{"damage":4,"enemies":"Small Slimes","floor":1,"turns":3},{"damage":0,"enemies":"Jaw Worm","floor":5,"turns":5},{"damage":6,"enemies":"Cultist","floor":7,"turns":6},{"damage":8,"enemies":"Red Slaver","floor":11,"turns":6},{"damage":6,"enemies":"Large Slime","floor":13,"turns":8},{"damage":8,"enemies":"Looter","floor":14,"turns":5},{"damage":31,"enemies":"The Guardian","floor":16,"turns":17},{"damage":23,"enemies":"2 Thieves","floor":18,"turns":4},{"damage":15,"enemies":"Spheric Guardian","floor":20,"turns":10},{"damage":46,"enemies":"Snake Plant","floor":22,"turns":10},{"damage":29,"enemies":"Snecko","floor":25,"turns":9},{"damage":60,"enemies":"3 Cultists","floor":28,"turns":5}],"relics_obtained":[{"floor":9,"key":"Shuriken"},{"floor":24,"key":"Enchiridion"},{"floor":26,"key":"Anchor"},{"floor":27,"key":"Tiny Chest"}],"event_choices":[{"event_name":"Golden Idol","player_choice":"Take Damage","floor":2,"damage_taken":0},{"event_name":"Dead Adventurer","player_choice":"Searched \u00271\u0027 times","floor":12,"damage_taken":0},{"event_name":"Nest","player_choice":"Stole From Cult","floor":21,"damage_taken":0},{"event_name":"Cursed Tome","player_choice":"Obtained Book","floor":24,"damage_taken":0}],"boss_relics":[{"not_picked":["Astrolabe","Coffee Dripper"],"picked":"Cursed Key"}],"items_purged_floors":[19],"is_endless":false,"potions_floor_spawned":[1,11,14,18,22],"seed_played":"-967359304168033762","killed_by":"3 Cultists","ascension_level":6,"potions_obtained":[{"floor":1,"key":"Swift Potion"},{"floor":11,"key":"Block Potion"},{"floor":14,"key":"Block Potion"},{"floor":18,"key":"Swift Potion"},{"floor":22,"key":"Dexterity Potion"}],"is_trial":false}