{"path_per_floor":["M","M","M","M","M","R","M","E","T","E","$","R","E","M","R","B",null,"M","?","M","M","M","E","R","E","T"],"character_chosen":"IRONCLAD","items_purchased":["Corruption"],"gold_per_floor":[115,128,147,163,181,181,200,229,229,255,143,143,177,193,193,289,289,308,308,318,330,340,675,675,703,728,728],"floor_reached":27,"campfire_rested":1,"playtime":3189,"item_purchase_floors":[],"current_hp_per_floor":[80,80,80,70,65,65,58,42,42,22,22,46,42,52,52,37,80,67,67,77,59,44,28,28,30,30,0],"items_purged":["Strike_R"],"gold":728,"score":319,"play_id":"b80f99e1-4bd7-4e94-9aeb-c0668c610953","local_time":"20180626134027","is_prod":false,"is_daily":false,"chose_seed":false,"is_ascension_mode":true,"campfire_upgraded":3,"win_rate":0,"timestamp":1530038427,"campfire_choices":[{"data":"Shockwave","floor":6.0,"key":"SMITH"},{"floor":12.0,"key":"REST"},{"data":"Corruption","floor":15.0,"key":"SMITH"},{"data":"Battle Trance","floor":24.0,"key":"SMITH"}],"path_taken":["M","M","M","M","M","R","M","E","T","E","$","R","E","M","R","BOSS","M","?","M","M","M","E","R","E","T","E"],"build_version":"2018-06-21","seed_source_timestamp":604119874130888,"purchased_purges":1,"circlet_count":0,"victory":false,"master_deck":["Strike_R","Strike_R","Strike_R","Strike_R","Defend_R","Defend_R","Defend_R","Defend_R","Bash+1","Shockwave+1","Battle Trance+1","Reckless Charge","Iron Wave","Headbutt","Rampage","Havoc","Corruption+1","Reaper","Flame Barrier","Impervious","Spot Weakness","Immolate","Feel No Pain","Iron Wave","Juggernaut","Metallicize"],"max_hp_per_floor":[80,80,80,80,80,80,80,80,80,80,80,80,80,80,80,80,80,80,80,80,80,80,80,80,80,80,80],"special_seed":0,"relics":["Burning Blood","Ice Cream","Gambling Chip","Happy Flower","Black Star","Nloth\u0027s Gift","Old Coin","Sundial","Ancient Tea Set","Bronze Scales","Pen Nib"],"card_choices":[{"not_picked":["Flex","Headbutt"],"picked":"Shockwave","floor":1.0},{"not_picked":["Reckless Charge","Dropkick"],"picked":"Battle Trance","floor":2.0},{"not_picked":["Ghostly Armor","Body Slam"],"picked":"Reckless Charge","floor":3.0},{"not_picked":["Dropkick","Thunderclap"],"picked":"Iron Wave","floor":4.0},{"not_picked":["Flex","Cleave"],"picked":"Headbutt","floor":5.0},{"not_picked":["Clash","Feel No Pain"],"picked":"Rampage","floor":7.0},{"not_picked":["Rage","Cleave","Headbutt"],"picked":"SKIP","floor":8.0},{"not_picked":["Heavy Blade","Pummel"],"picked":"Havoc","floor":10.0},{"not_picked":["Shockwave","Searing Blow"],"picked":"Reaper","floor":13.0},{"not_picked":["Pommel Strike","Bloodletting"],"picked":"Flame Barrier","floor":14.0},{"not_picked":["Limit Break","Immolate"],"picked":"Impervious","floor":16.0},{"not_picked":["Infernal Blade","Warcry"],"picked":"Spot Weakness","floor":18.0},{"not_picked":["Rupture","Body Slam+1"],"picked":"Immolate","floor":20.0},{"not_picked":["Shrug It Off","Intimidate+1"],"picked":"Feel No Pain","floor":21.0},{"not_picked":["Feel No Pain","Perfected Strike+1"],"picked":"Iron Wave","floor":22.0},{"not_picked":["Flex","Perfected Strike+1"],"picked":"Juggernaut","floor":23.0},{"not_picked":["Battle Trance+1","Brutality"],"picked":"Metallicize","floor":25}],"player_experience":82816,"potions_floor_usage":[25],"damage_taken":[{"damage":2.0,"enemies":"Jaw Worm","floor":1.0,"turns":3.0},{"damage":1.0,"enemies":"Cultist","floor":2.0,"turns":3.0},{"damage":5.0,"enemies":"Small Slimes","floor":3.0,"turns":3.0},{"damage":16.0,"enemies":"Blue Slaver","floor":4.0,"turns":5.0},{"damage":11.0,"enemies":"Red Slaver","floor":5.0,"turns":3.0},{"damage":13.0,"enemies":"Exordium Wildlife","floor":7.0,"turns":3.0},{"damage":22.0,"enemies":"Lagavulin","floor":8.0,"turns":6.0},{"damage":26.0,"enemies":"3 Sentries","floor":10.0,"turns":5.0},{"damage":10.0,"enemies":"Lagavulin","floor":13.0,"turns":5.0},{"damage":1.0,"enemies":"2 Fungi Beasts","floor":14.0,"turns":3.0},{"damage":29.0,"enemies":"Slime Boss","floor":16.0,"turns":9.0},{"damage":19.0,"enemies":"3 Byrds","floor":18.0,"turns":4.0},{"damage":11.0,"enemies":"Shell Parasite","floor":20.0,"turns":6.0},{"damage":24.0,"enemies":"Snake Plant","floor":21.0,"turns":5.0},{"damage":31.0,"enemies":"Sentry and Sphere","floor":22.0,"turns":9.0},{"damage":34.0,"enemies":"Gremlin Leader","floor":23.0,"turns":7.0},{"damage":19,"enemies":"Book of Stabbing","floor":25,"turns":6},{"damage":47,"enemies":"Gremlin Leader","floor":27,"turns":2}],"relics_obtained":[{"floor":8.0,"key":"Ice Cream"},{"floor":9.0,"key":"Gambling Chip"},{"floor":10.0,"key":"Happy Flower"},{"floor":13.0,"key":"Calipers"},{"floor":23.0,"key":"Old Coin"},{"floor":23.0,"key":"Sundial"},{"floor":25,"key":"Ancient Tea Set"},{"floor":25,"key":"Bronze Scales"},{"floor":26,"key":"Pen Nib"}],"event_choices":[{"event_name":"N\u0027loth","player_choice":"Traded a Calipers","floor":19.0,"damage_taken":0.0}],"boss_relics":[{"not_picked":["Runic Cube","Black Blood"],"picked":"Black Star"}],"items_purged_floors":[],"is_endless":false,"potions_floor_spawned":[2,5,7,10,14,22,23],"seed_played":"-1372758109019040544","killed_by":"Gremlin Leader","ascension_level":3,"potions_obtained":[{"floor":2.0,"key":"PowerPotion"},{"floor":5.0,"key":"FairyPotion"},{"floor":7.0,"key":"PowerPotion"},{"floor":10.0,"key":"LiquidBronze"},{"floor":14.0,"key":"SkillPotion"},{"floor":22.0,"key":"Weak Potion"},{"floor":23.0,"key":"GamblersBrew"}],"is_trial":false}