{"gold_per_floor":[117,136,153,153,164,164,177,177,177,191,35,46,80,55,55,130,130,147,1,1,1,1,1,1,17,17,17,29,49,60,60,60,60],"floor_reached":33,"playtime":1193,"items_purged":["Strike_G"],"score":436,"play_id":"63d8e0ac-aeca-4124-a5f6-d5a424bb770b","local_time":"20190123105308","is_ascension_mode":true,"campfire_choices":[{"data":"All Out Attack","floor":6,"key":"SMITH"},{"data":"Crippling Poison","floor":8,"key":"SMITH"},{"data":"Catalyst","floor":15,"key":"SMITH"},{"floor":24,"key":"REST"},{"data":"Dash","floor":27,"key":"SMITH"},{"floor":32,"key":"REST"}],"neow_cost":"NONE","seed_source_timestamp":3572523695815,"circlet_count":0,"master_deck":["AscendersBane","Defend_G+1","Defend_G+1","Defend_G+1","Defend_G+1","Defend_G+1","Strike_G+1","Strike_G+1","Survivor","Neutralize+1","Predator","All Out Attack+1","Crippling Poison+1","Unload","Catalyst+1","Bouncing Flask","Prepared","Burst","PiercingWail","Dash+1","Noxious Fumes","Reflex","Expertise","Catalyst","Malaise"],"relics":["Ring of the Snake","Bottled Lightning","Question Card","White Beast Statue","Bottled Flame","Strawberry"],"potions_floor_usage":[16,16,29,30,33,33],"damage_taken":[{"damage":0,"enemies":"Cultist","floor":1,"turns":3},{"damage":2,"enemies":"Jaw Worm","floor":2,"turns":4},{"damage":0,"enemies":"Small Slimes","floor":3,"turns":2},{"damage":0,"enemies":"3 Louse","floor":5,"turns":2},{"damage":1,"enemies":"Blue Slaver","floor":7,"turns":5},{"damage":0,"enemies":"Lots of Slimes","floor":10,"turns":1},{"damage":3,"enemies":"Red Slaver","floor":12,"turns":3},{"damage":18,"enemies":"Gremlin Nob","floor":13,"turns":4},{"damage":12,"enemies":"Slime Boss","floor":16,"turns":8},{"damage":4,"enemies":"Chosen","floor":18,"turns":4},{"damage":5,"enemies":"Shell Parasite","floor":25,"turns":7},{"damage":21,"enemies":"Centurion and Healer","floor":28,"turns":9},{"damage":6,"enemies":"Shelled Parasite and Fungi","floor":29,"turns":7},{"damage":10,"enemies":"Chosen and Byrds","floor":30,"turns":6},{"damage":44,"enemies":"Collector","floor":33,"turns":6}],"seed_played":"9174649894459179801","potions_obtained":[{"floor":1,"key":"Explosive Potion"},{"floor":3,"key":"Fire Potion"},{"floor":18,"key":"GamblersBrew"},{"floor":25,"key":"Dexterity Potion"},{"floor":28,"key":"SkillPotion"},{"floor":29,"key":"Explosive Potion"},{"floor":30,"key":"Strength Potion"}],"is_trial":false,"path_per_floor":["M","M","M","?","M","R","M","R","T","M","$","M","E","$","R","B",null,"M","$","?","?","?","$","R","M","T","R","M","M","M","T","R","B"],"character_chosen":"THE_SILENT","items_purchased":["Catalyst","Prepared","Dash","Noxious Fumes"],"campfire_rested":2,"item_purchase_floors":[11,14,19,19],"current_hp_per_floor":[59,57,57,57,57,57,56,56,56,56,56,53,35,35,35,23,55,51,51,51,33,33,33,54,49,49,49,28,22,12,19,42,0],"gold":60,"neow_bonus":"TRANSFORM_CARD","is_prod":false,"is_daily":false,"chose_seed":false,"campfire_upgraded":4,"win_rate":0,"timestamp":1548208388,"path_taken":["M","M","?","?","M","R","M","R","T","M","$","M","E","?","R","BOSS","M","$","?","?","?","?","R","M","T","R","?","M","M","?","R","BOSS"],"build_version":"2019-01-17v2","purchased_purges":1,"victory":false,"max_hp_per_floor":[66,66,66,66,66,66,66,66,66,66,66,66,66,66,66,66,66,66,66,66,71,71,71,71,71,71,71,71,71,71,78,78,78],"card_choices":[{"not_picked":["Calculated Gamble","Setup"],"picked":"All Out Attack","floor":1},{"not_picked":["Quick Slash","Slice"],"picked":"Deadly Poison","floor":2},{"not_picked":["Expertise","Quick Slash"],"picked":"Crippling Poison","floor":3},{"not_picked":["Flying Knee","Deflect","Quick Slash"],"picked":"SKIP","floor":5},{"not_picked":["Quick Slash","Deflect","Dodge and Roll"],"picked":"SKIP","floor":7},{"not_picked":["Masterful Stab","Acrobatics"],"picked":"Unload","floor":10},{"not_picked":["Quick Slash","Acrobatics","Outmaneuver"],"picked":"SKIP","floor":12},{"not_picked":["Flechettes","Finisher"],"picked":"Bouncing Flask","floor":13},{"not_picked":["Venomology","Grand Finale","Night Terror"],"picked":"Burst","floor":16},{"not_picked":["Tactician","Quick Slash","Endless Agony"],"picked":"PiercingWail","floor":18},{"not_picked":["Sucker Punch","Masterful Stab","Underhanded Strike","Dagger Throw"],"picked":"SKIP","floor":25},{"not_picked":["Backflip","Concentrate","Flying Knee","Outmaneuver"],"picked":"SKIP","floor":28},{"not_picked":["Blade Dance","Leg Sweep","Eviscerate"],"picked":"Catalyst","floor":29},{"not_picked":["Sucker Punch","Deflect","Concentrate"],"picked":"Malaise","floor":30}],"player_experience":431754,"relics_obtained":[{"floor":9,"key":"Bottled Lightning"},{"floor":13,"key":"Question Card"},{"floor":26,"key":"Bottled Flame"},{"floor":31,"key":"Strawberry"}],"event_choices":[{"damage_healed":0,"gold_gain":0,"player_choice":"Grow","damage_taken":0,"max_hp_gain":0,"max_hp_loss":0,"event_name":"Living Wall","floor":4,"gold_loss":0,"cards_upgraded":["Neutralize"]},{"damage_healed":0,"gold_gain":0,"player_choice":"Simplicity","damage_taken":0,"max_hp_gain":0,"max_hp_loss":0,"event_name":"Back to Basics","floor":20,"gold_loss":0,"cards_upgraded":["Defend_G","Defend_G","Defend_G","Defend_G","Defend_G","Strike_G","Strike_G","Strike_G"]},{"damage_healed":0,"gold_gain":0,"player_choice":"Shed Blood","damage_taken":23,"max_hp_gain":5,"max_hp_loss":0,"event_name":"Forgotten Altar","floor":21,"gold_loss":0},{"damage_healed":0,"gold_gain":0,"cards_transformed":["Strike_G","Deadly Poison"],"player_choice":"Became Test Subject","damage_taken":0,"max_hp_gain":0,"max_hp_loss":0,"event_name":"Drug Dealer","floor":22,"gold_loss":0,"cards_obtained":["Reflex","Expertise"]}],"is_beta":false,"boss_relics":[{"not_picked":["Fusion Hammer","Tiny House"],"picked":"White Beast Statue"}],"items_purged_floors":[11],"is_endless":false,"potions_floor_spawned":[1,3,7,18,25,28,29,30],"killed_by":"Collector","ascension_level":15}