{"gold_per_floor":[117,134,150,150,169,169,213,213,259,259,259,277,295,13,13,132,132,148,223,1,1,26,26,47,70,70,83,83,96,96,111,111,235,235,258,258,276,108,129,129,150,150,173,173,43,56,56,76,76,76],"floor_reached":51,"playtime":2417,"items_purged":["Strike_R","Strike_R","Pain","Strike_R"],"score":703,"play_id":"1a797df0-f516-406f-b78b-0aadfc45fb91","local_time":"20190215021700","is_ascension_mode":false,"campfire_choices":[{"data":"Juggernaut","floor":6.0,"key":"SMITH"},{"data":"Infernal Blade","floor":8.0,"key":"SMITH"},{"data":"Inflame","floor":11.0,"key":"SMITH"},{"data":"Enlightenment","floor":15.0,"key":"SMITH"},{"data":"Limit Break","floor":23.0,"key":"SMITH"},{"data":"Disarm","floor":28.0,"key":"SMITH"},{"data":"Shockwave","floor":30.0,"key":"SMITH"},{"data":"Carnage","floor":32.0,"key":"SMITH"},{"data":"Metallicize","floor":40.0,"key":"SMITH"},{"data":"Battle Trance","floor":44.0,"key":"SMITH"},{"data":"Whirlwind","floor":47.0,"key":"SMITH"},{"floor":49,"key":"REST"}],"neow_cost":"NONE","seed_source_timestamp":12057279610437,"circlet_count":0,"master_deck":["Strike_R","Strike_R","Defend_R","Defend_R","Defend_R","Defend_R","Bash","Juggernaut+1","Infernal Blade+1","Shrug It Off","Inflame+1","Disarm+1","Enlightenment+1","Carnage+1","Clothesline","Shrug It Off","Limit Break+1","Spot Weakness","Battle Trance+1","Clothesline","Power Through","Second Wind+1","Shockwave+1","Wild Strike","Shrug It Off","Armaments+1","Pummel+1","Offering","Power Through+1","Reckless Charge+1","Good Instincts","Metallicize+1","Shrug It Off+1","Mind Blast","Mind Blast","Sadistic Nature","Whirlwind+1","True Grit+1","Body Slam+1"],"special_seed":0,"relics":["Burning Blood","Golden Idol","Darkstone Periapt","Smiling Mask","Matryoshka","Philosopher\u0027s Stone","Blood Vial","Pocketwatch","Mark of Pain","WarpedTongs","Omamori","Strawberry"],"potions_floor_usage":[],"damage_taken":[{"damage":0.0,"enemies":"2 Louse","floor":1.0,"turns":3.0},{"damage":6.0,"enemies":"Jaw Worm","floor":2.0,"turns":5.0},{"damage":6.0,"enemies":"Cultist","floor":3.0,"turns":4.0},{"damage":8.0,"enemies":"Red Slaver","floor":5.0,"turns":4.0},{"damage":51.0,"enemies":"Gremlin Nob","floor":7.0,"turns":5.0},{"damage":0.0,"enemies":"Large Slime","floor":12.0,"turns":6.0},{"damage":9.0,"enemies":"Exordium Thugs","floor":13.0,"turns":4.0},{"damage":8.0,"enemies":"The Guardian","floor":16.0,"turns":11.0},{"damage":4.0,"enemies":"Chosen","floor":18.0,"turns":5.0},{"damage":18.0,"enemies":"2 Thieves","floor":22.0,"turns":4.0},{"damage":21.0,"enemies":"Cultist and Chosen","floor":24.0,"turns":7.0},{"damage":7.0,"enemies":"Centurion and Healer","floor":25.0,"turns":6.0},{"damage":10.0,"enemies":"Snecko","floor":27.0,"turns":4.0},{"damage":4.0,"enemies":"3 Cultists","floor":29.0,"turns":6.0},{"damage":17.0,"enemies":"Snake Plant","floor":31.0,"turns":4.0},{"damage":12.0,"enemies":"Collector","floor":33.0,"turns":6.0},{"damage":5.0,"enemies":"Orb Walker","floor":35.0,"turns":4.0},{"damage":9.0,"enemies":"3 Shapes","floor":37.0,"turns":7.0},{"damage":20.0,"enemies":"Jaw Worm Horde","floor":39.0,"turns":5.0},{"damage":6.0,"enemies":"Maw","floor":41.0,"turns":7.0},{"damage":6.0,"enemies":"Spire Growth","floor":46.0,"turns":3.0},{"damage":18,"enemies":"Transient","floor":48,"turns":5},{"damage":53,"enemies":"Time Eater","floor":50,"turns":8}],"seed_played":"-4542101319727746600","potions_obtained":[{"floor":3.0,"key":"Fire Potion"},{"floor":5.0,"key":"SteroidPotion"},{"floor":13.0,"key":"Regen Potion"},{"floor":16.0,"key":"BloodPotion"},{"floor":18.0,"key":"Block Potion"},{"floor":21.0,"key":"FairyPotion"},{"floor":21.0,"key":"BloodPotion"},{"floor":24.0,"key":"SkillPotion"},{"floor":29.0,"key":"SpeedPotion"},{"floor":37.0,"key":"Poison Potion"}],"is_trial":false,"path_per_floor":["M","M","M","?","M","R","E","R","T","T","R","M","M","$","R","B",null,"M","?","$","?","M","R","M","M","T","M","R","M","R","M","R","B",null,"M","?","M","$","M","R","M","?","T","R","$","M","R","M","R","B",null],"character_chosen":"IRONCLAD","items_purchased":["Enlightenment","Carnage","Clothesline","Shrug It Off","Battle Trance","Clothesline","Power Through","Good Instincts","Metallicize","Whirlwind"],"campfire_rested":1,"item_purchase_floors":[14,14,14,14,20,20,20,38,38,45],"current_hp_per_floor":[80,80,80,74,72,72,27,27,27,27,27,33,30,30,30,43,74,74,67,67,67,62,62,47,46,46,51,51,55,55,46,46,42,74,74,80,77,77,65,65,67,57,64,64,64,66,66,56,82,37],"gold":76,"neow_bonus":"ONE_RANDOM_RARE_CARD","is_prod":false,"is_daily":false,"chose_seed":false,"campfire_upgraded":11,"win_rate":0,"timestamp":1550218620,"path_taken":["M","M","M","?","M","R","E","R","T","?","R","M","?","?","R","BOSS","M","?","?","?","M","R","M","M","T","?","R","M","R","M","R","BOSS","M","?","?","$","M","R","M","?","T","R","$","M","R","M","R","BOSS"],"build_version":"2019-01-23","purchased_purges":4,"victory":true,"max_hp_per_floor":[80,80,80,74,74,74,74,74,74,74,74,74,74,74,74,74,74,74,74,74,74,74,74,74,74,74,74,74,74,74,74,74,74,74,74,80,80,80,80,80,80,80,87,87,87,87,87,87,87,87],"card_choices":[{"not_picked":["Heavy Blade","Body Slam"],"picked":"Infernal Blade","floor":1.0},{"not_picked":["Anger","Body Slam","Warcry"],"picked":"SKIP","floor":2.0},{"not_picked":["Combust","Havoc"],"picked":"Shrug It Off","floor":3.0},{"not_picked":["Bloodletting","Shrug It Off"],"picked":"Inflame","floor":5.0},{"not_picked":["Blood for Blood","Clash","Cleave"],"picked":"SKIP","floor":7.0},{"not_picked":["Pommel Strike","Armaments","Thunderclap"],"picked":"SKIP","floor":12.0},{"not_picked":["Brutality","Metallicize"],"picked":"Disarm","floor":13.0},{"not_picked":["Brutality","Fiend Fire"],"picked":"Limit Break","floor":16.0},{"not_picked":["Twin Strike","Sword Boomerang"],"picked":"Spot Weakness","floor":18.0},{"not_picked":["Heavy Blade","Clothesline"],"picked":"Second Wind+1","floor":22.0},{"not_picked":["Clash","Cleave"],"picked":"Shockwave","floor":24.0},{"not_picked":["Perfected Strike","Second Wind"],"picked":"Wild Strike","floor":25.0},{"not_picked":["Bloodletting","Thunderclap"],"picked":"Shrug It Off","floor":27.0},{"not_picked":["Shrug It Off","Warcry+1"],"picked":"Armaments+1","floor":29.0},{"not_picked":["Sentinel+1","Iron Wave"],"picked":"Pummel+1","floor":31.0},{"not_picked":["Fiend Fire","Berserk"],"picked":"Offering","floor":33.0},{"not_picked":["Combust","Pommel Strike+1"],"picked":"Power Through+1","floor":35.0},{"not_picked":["Warcry","Thunderclap+1"],"picked":"Reckless Charge+1","floor":37.0},{"not_picked":["Ghostly Armor+1","Warcry+1"],"picked":"Shrug It Off+1","floor":39.0},{"not_picked":["Warcry","Anger+1","True Grit"],"picked":"SKIP","floor":41.0},{"not_picked":["Panacea","Purity"],"picked":"Mind Blast","floor":42.0},{"not_picked":["Dramatic Entrance","Purity"],"picked":"Mind Blast","floor":42.0},{"not_picked":["Thinking Ahead","Impatience"],"picked":"Sadistic Nature","floor":42.0},{"not_picked":["Thunderclap+1","Perfected Strike"],"picked":"True Grit+1","floor":46.0},{"not_picked":["Clash+1","Iron Wave+1"],"picked":"Body Slam+1","floor":48}],"player_experience":817245,"relics_obtained":[{"floor":7.0,"key":"Darkstone Periapt"},{"floor":9.0,"key":"Smiling Mask"},{"floor":10.0,"key":"Matryoshka"},{"floor":26.0,"key":"Blood Vial"},{"floor":26.0,"key":"Pocketwatch"},{"floor":43.0,"key":"Omamori"},{"floor":43.0,"key":"Strawberry"}],"event_choices":[{"damage_healed":0.0,"max_hp_gain":0.0,"max_hp_loss":6.0,"gold_gain":0.0,"event_name":"Golden Idol","player_choice":"Lose Max HP","floor":4.0,"gold_loss":0.0,"damage_taken":0.0,"relics_obtained":["Golden Idol"]},{"damage_healed":0.0,"max_hp_gain":0.0,"max_hp_loss":0.0,"gold_gain":75.0,"event_name":"FaceTrader","player_choice":"Touch","floor":19.0,"gold_loss":0.0,"damage_taken":7.0},{"damage_healed":0.0,"max_hp_gain":0.0,"max_hp_loss":0.0,"gold_gain":0.0,"event_name":"Lab","player_choice":"Got Potions","floor":21.0,"gold_loss":0.0,"damage_taken":0.0},{"damage_healed":0.0,"max_hp_gain":0.0,"max_hp_loss":0.0,"gold_gain":0.0,"event_name":"Accursed Blacksmith","player_choice":"Rummage","floor":36.0,"gold_loss":0.0,"damage_taken":0.0,"relics_obtained":["WarpedTongs"],"cards_obtained":["Pain"]},{"damage_healed":0.0,"max_hp_gain":0.0,"max_hp_loss":0.0,"gold_gain":0.0,"event_name":"SensoryStone","player_choice":"Memory 3","floor":42.0,"gold_loss":0.0,"damage_taken":10.0}],"is_beta":false,"boss_relics":[{"not_picked":["Black Blood","Snecko Eye"],"picked":"Philosopher\u0027s Stone"},{"not_picked":["Black Star","Lizard Tail"],"picked":"Mark of Pain"}],"items_purged_floors":[14,20,38,45],"is_endless":false,"potions_floor_spawned":[3,5,13,16,18,24,29,31,37,39],"ascension_level":0}