{"gold_per_floor":[112,112,287,287,287,287,320,320,377,388,403,403,432,446,446,545,545,561,561,561,548,564,564,564],"floor_reached":24,"playtime":766,"items_purged":[],"score":204,"play_id":"3c74aed8-ba3d-402a-ad23-cfa83a3410f1","local_time":"20180802003458","is_ascension_mode":false,"campfire_choices":[{"data":"Leg Sweep","floor":6,"key":"SMITH"},{"data":"Caltrops","floor":8,"key":"SMITH"},{"floor":12,"key":"REST"},{"floor":15,"key":"REST"},{"floor":23,"key":"REST"}],"neow_cost":"NONE","seed_source_timestamp":98474108214177,"circlet_count":0,"master_deck":["Defend_G","Defend_G","Defend_G","Defend_G","Defend_G","Strike_G","Strike_G","Strike_G","Strike_G","Strike_G","Survivor","Neutralize","Bullet Time","Caltrops+1","Leg Sweep+1","Regret","Noxious Fumes","Deadly Poison","Dash","Dash","A Thousand Cuts","Flying Knee","Outmaneuver","Envenom","Bouncing Flask","Deadly Poison+1","Deadly Poison","Terror"],"relics":["Ring of the Serpent","Oddly Smooth Stone","Dream Catcher","Tiny Chest","Bronze Scales"],"potions_floor_usage":[7,16,16,16],"damage_taken":[{"damage":0,"enemies":"Small Slimes","floor":1,"turns":3},{"damage":42,"enemies":"3 Sentries","floor":7,"turns":10},{"damage":1,"enemies":"Cultist","floor":10,"turns":4},{"damage":2,"enemies":"Jaw Worm","floor":11,"turns":4},{"damage":9,"enemies":"Lagavulin","floor":13,"turns":6},{"damage":10,"enemies":"2 Fungi Beasts","floor":14,"turns":3},{"damage":26,"enemies":"Slime Boss","floor":16,"turns":10},{"damage":22,"enemies":"Shell Parasite","floor":18,"turns":4},{"damage":21,"enemies":"2 Thieves","floor":21,"turns":4},{"damage":47,"enemies":"Cultist and Chosen","floor":22,"turns":5},{"damage":30,"enemies":"3 Cultists","floor":24,"turns":5}],"seed_played":"-6912480196145095176","potions_obtained":[{"floor":1,"key":"Poison Potion"},{"floor":11,"key":"SteroidPotion"},{"floor":13,"key":"LiquidBronze"},{"floor":14,"key":"SteroidPotion"}],"is_trial":false,"path_per_floor":["M","?","?","?","?","R","E","R","T","M","M","R","E","M","R","B",null,"M","?","?","M","M","R"],"character_chosen":"THE_SILENT","items_purchased":[],"campfire_rested":3,"item_purchase_floors":[],"current_hp_per_floor":[70,70,70,70,70,70,28,28,28,27,25,46,37,27,48,22,70,48,70,70,49,2,23,0],"gold":564,"neow_bonus":"ONE_RANDOM_RARE_CARD","is_prod":false,"is_daily":false,"chose_seed":false,"campfire_upgraded":2,"win_rate":0,"timestamp":1533135898,"path_taken":["M","?","?","?","?","R","E","R","T","?","M","R","E","M","R","BOSS","M","?","?","?","M","R","M"],"build_version":"2018-07-26","purchased_purges":0,"victory":false,"max_hp_per_floor":[70,70,70,70,70,70,70,70,70,70,70,70,70,70,70,70,70,70,70,70,70,70,70,70],"card_choices":[{"not_picked":["Underhanded Strike","Deflect"],"picked":"Caltrops","floor":1},{"not_picked":["Escape Plan","Backflip"],"picked":"Noxious Fumes","floor":7},{"not_picked":["Slice","Cloak And Dagger"],"picked":"Deadly Poison","floor":10},{"not_picked":["Deadly Poison","Dagger Throw"],"picked":"Dash","floor":11},{"not_picked":["Deadly Poison","PiercingWail"],"picked":"Dash","floor":12},{"not_picked":["PiercingWail","Calculated Gamble"],"picked":"A Thousand Cuts","floor":13},{"not_picked":["Infinite Blades","Bane"],"picked":"Flying Knee","floor":14},{"not_picked":["Blur","Concentrate"],"picked":"Outmaneuver","floor":15},{"not_picked":["Storm of Steel","Doppelganger"],"picked":"Envenom","floor":16},{"not_picked":["Bane","Well Laid Plans"],"picked":"Bouncing Flask","floor":18},{"not_picked":["Tactician+1","Heel Hook"],"picked":"Deadly Poison+1","floor":21},{"not_picked":["Quick Slash","Expertise"],"picked":"Deadly Poison","floor":22},{"not_picked":["Cloak And Dagger","Escape Plan+1"],"picked":"Terror","floor":23}],"player_experience":287794,"relics_obtained":[{"floor":7,"key":"Dream Catcher"},{"floor":9,"key":"Tiny Chest"},{"floor":13,"key":"Bronze Scales"}],"event_choices":[{"event_name":"Match and Keep!","player_choice":"1 cards matched","floor":2,"damage_taken":0},{"event_name":"Liars Game","player_choice":"agreed","floor":3,"damage_taken":0},{"event_name":"Living Wall","player_choice":"Forget","floor":4,"damage_taken":0},{"event_name":"Big Fish","player_choice":"Box","floor":5,"damage_taken":0},{"event_name":"The Library","player_choice":"Heal","floor":19,"damage_taken":0},{"event_name":"Drug Dealer","player_choice":"Ignored","floor":20,"damage_taken":0}],"is_beta":false,"boss_relics":[{"not_picked":["Runic Dome","Empty Cage"],"picked":"Ring of the Serpent"}],"items_purged_floors":[],"is_endless":false,"potions_floor_spawned":[1,11,13,14],"killed_by":"3 Cultists","ascension_level":0}