{"gold_per_floor":[110,110,260,284,28,28,63,76,76,76,117,142,165,190,190,289,289,310,329,345,381,431,467,467,238,286,300,300,215,215,142,142,142],"floor_reached":33,"playtime":1161,"items_purged":["Doubt","Injury"],"score":481,"play_id":"bebec4f7-0e0d-462a-bc8d-011950a0225e","local_time":"20180717211204","is_ascension_mode":true,"campfire_choices":[{"data":"Neutralize","floor":6,"key":"SMITH"},{"floor":15,"key":"REST"},{"floor":28,"key":"REST"},{"data":"Envenom","floor":30,"key":"SMITH"},{"data":"Cloak And Dagger","floor":32,"key":"SMITH"}],"neow_cost":"TEN_PERCENT_HP_LOSS","seed_source_timestamp":595009063412938,"circlet_count":0,"master_deck":["Defend_G","Defend_G","Defend_G","Defend_G","Defend_G","Strike_G","Strike_G","Strike_G","Strike_G","Strike_G","Survivor","Neutralize+1","AscendersBane","Backstab+1","Endless Agony","Cloak And Dagger+1","Escape Plan","Deadly Poison","Bane","Glass Knife","Envenom+1","Deflect","Backstab","Predator","Cloak And Dagger","PiercingWail","Well Laid Plans","Backstab","Finisher"],"relics":["Ring of the Snake","Peace Pipe","Golden Idol","Bag of Marbles","Letter Opener","Vajra","Paper Crane","Eternal Feather","Red Mask","Bronze Scales","Regal Pillow","Orichalcum"],"potions_floor_usage":[11,16,23,27,33,33],"damage_taken":[{"damage":2,"enemies":"2 Louse","floor":1,"turns":3},{"damage":2,"enemies":"Small Slimes","floor":4,"turns":5},{"damage":29,"enemies":"3 Sentries","floor":7,"turns":13},{"damage":0,"enemies":"Jaw Worm","floor":8,"turns":1},{"damage":4,"enemies":"Lagavulin","floor":11,"turns":5},{"damage":0,"enemies":"Blue Slaver","floor":12,"turns":1},{"damage":6,"enemies":"Large Slime","floor":13,"turns":3},{"damage":0,"enemies":"2 Fungi Beasts","floor":14,"turns":2},{"damage":13,"enemies":"Slime Boss","floor":16,"turns":11},{"damage":0,"enemies":"Shell Parasite","floor":18,"turns":3},{"damage":14,"enemies":"2 Thieves","floor":19,"turns":4},{"damage":0,"enemies":"Snecko","floor":20,"turns":3},{"damage":7,"floor":21,"turns":3},{"damage":22,"enemies":"Book of Stabbing","floor":23,"turns":5},{"damage":0,"enemies":"Cultist and Chosen","floor":27,"turns":4},{"damage":72,"enemies":"Champ","floor":33,"turns":14}],"seed_played":"786889721073159663","potions_obtained":[{"floor":8,"key":"Explosive Potion"},{"floor":13,"key":"FearPotion"},{"floor":16,"key":"Ancient Potion"},{"floor":19,"key":"AttackPotion"},{"floor":23,"key":"Energy Potion"},{"floor":27,"key":"Energy Potion"}],"is_trial":false,"path_per_floor":["M","?","?","M","$","R","E","M","T","?","E","M","M","M","R","B",null,"M","M","M","?","?","E","?","$","T","M","R","?","R","$","R"],"character_chosen":"THE_SILENT","items_purchased":["Bag of Marbles","Endless Agony","Explosive Potion","Well Laid Plans","Finisher"],"campfire_rested":2,"item_purchase_floors":[5,5,25,25,31],"current_hp_per_floor":[57,57,57,55,55,55,26,26,26,26,22,22,16,16,34,21,50,50,36,36,29,29,7,7,7,7,7,50,50,60,60,60,0],"gold":142,"neow_bonus":"ONE_RARE_RELIC","is_prod":false,"is_daily":false,"chose_seed":false,"campfire_upgraded":3,"win_rate":0,"timestamp":1531854724,"path_taken":["M","?","?","M","$","R","E","M","T","?","E","M","M","M","R","BOSS","M","?","M","?","?","E","?","$","T","M","R","?","R","$","R","BOSS"],"build_version":"2018-07-12","purchased_purges":2,"victory":false,"max_hp_per_floor":[60,60,60,60,60,60,60,60,60,60,60,60,60,60,60,60,60,60,60,60,60,60,60,60,60,60,60,60,60,60,60,60,60],"card_choices":[{"not_picked":["Deadly Poison","Dagger Spray"],"picked":"Backstab","floor":1},{"not_picked":["Underhanded Strike","Flying Knee","Outmaneuver"],"picked":"SKIP","floor":4},{"not_picked":["Expertise","Bouncing Flask"],"picked":"Cloak And Dagger","floor":7},{"not_picked":["Catalyst","Deadly Poison"],"picked":"Escape Plan","floor":8},{"not_picked":["Choke","All Out Attack","Outmaneuver"],"picked":"SKIP","floor":11},{"not_picked":["Flying Knee","Quick Slash"],"picked":"Deadly Poison","floor":12},{"not_picked":["Concentrate","Quick Slash"],"picked":"Bane","floor":13},{"not_picked":["Cloak And Dagger","Masterful Stab"],"picked":"Glass Knife","floor":14},{"not_picked":["Bullet Time","Corpse Explosion"],"picked":"Envenom","floor":16},{"not_picked":["PiercingWail+1","Dodge and Roll"],"picked":"Deflect","floor":18},{"not_picked":["Underhanded Strike","Deadly Poison"],"picked":"Backstab","floor":19},{"not_picked":["Deflect","Dodge and Roll"],"picked":"Predator","floor":20},{"not_picked":["Terror","Dodge and Roll"],"picked":"Cloak And Dagger","floor":21},{"not_picked":["Night Terror","Underhanded Strike"],"picked":"PiercingWail","floor":23},{"not_picked":["Leg Sweep","Masterful Stab"],"picked":"Backstab","floor":27}],"player_experience":1074785,"relics_obtained":[{"floor":7,"key":"Letter Opener"},{"floor":9,"key":"Vajra"},{"floor":11,"key":"Paper Crane"},{"floor":21,"key":"Red Mask"},{"floor":23,"key":"Bronze Scales"},{"floor":26,"key":"Regal Pillow"}],"event_choices":[{"event_name":"Golden Idol","player_choice":"Take Wound","floor":2,"damage_taken":0},{"event_name":"Liars Game","player_choice":"agreed","floor":3,"damage_taken":0},{"event_name":"Living Wall","player_choice":"Grow","floor":10,"damage_taken":0},{"event_name":"Masked Bandits","player_choice":"Fought over 345 gold","floor":21,"damage_taken":0},{"event_name":"The Joust","player_choice":"Bet on Murderer","floor":22,"damage_taken":0},{"event_name":"Drug Dealer","player_choice":"Ignored","floor":24,"damage_taken":0},{"event_name":"Addict","player_choice":"Obtained Relic","floor":29,"damage_taken":0}],"boss_relics":[{"not_picked":["Philosopher\u0027s Stone","Pandora\u0027s Box"],"picked":"Eternal Feather"}],"items_purged_floors":[5,25],"is_endless":false,"potions_floor_spawned":[8,13,16,19,23,27],"killed_by":"Champ","ascension_level":15}