{"path_per_floor":["M","$","M","T","M","R","M","R","T","M","M","M","M","M","R","B",null,"M","?","M"],"character_chosen":"IRONCLAD","items_purchased":["Carnage","Power Through","Shrug It Off","Twin Strike"],"gold_per_floor":[212,5,24,24,36,36,54,54,78,94,105,122,133,147,147,244,244,263,263,275,275],"floor_reached":21,"campfire_rested":0,"playtime":1485,"current_hp_per_floor":[80,80,72,72,78,78,68,68,68,71,64,59,63,69,69,54,80,43,43,30,0],"items_purged":[],"gold":275,"score":177,"play_id":"6e0a83b9-3c9a-48f6-bc15-9458007379c8","local_time":"20180522231027","is_prod":false,"is_daily":false,"chose_seed":false,"is_ascension_mode":false,"campfire_upgraded":3,"timestamp":1527045027,"campfire_choices":[{"data":"Fire Breathing","floor":6,"key":"SMITH"},{"data":"Havoc","floor":8,"key":"SMITH"},{"data":"Infernal Blade","floor":15,"key":"SMITH"}],"path_taken":["M","$","M","?","M","R","?","R","T","M","M","M","M","M","R","BOSS","M","?","M","M"],"build_version":"2018-05-17","seed_source_timestamp":156443148369073,"purchased_purges":0,"victory":false,"master_deck":["Strike_R","Strike_R","Strike_R","Strike_R","Defend_R","Defend_R","Defend_R","Defend_R","Bash","Cleave","Carnage","Power Through","Shrug It Off","Twin Strike","Fire Breathing+1","Havoc+1","Power Through","Wild Strike","Twin Strike","Headbutt","Flex","Infernal Blade+1","Immolate","Clash","Seeing Red","Thunderclap"],"max_hp_per_floor":[80,80,80,80,80,80,80,80,80,80,80,80,80,80,80,80,80,80,80,80,80],"relics":["Burning Blood","Paper Frog","Bag of Marbles","Runic Pyramid"],"card_choices":[{"not_picked":["Havoc","Iron Wave"],"picked":"Cleave","floor":1},{"not_picked":["Wild Strike","True Grit"],"picked":"Fire Breathing","floor":3},{"not_picked":["Sentinel","Thunderclap"],"picked":"Havoc","floor":5},{"not_picked":["True Grit","Shrug It Off"],"picked":"Power Through","floor":7},{"not_picked":["Ghostly Armor","Headbutt"],"picked":"Wild Strike","floor":10},{"not_picked":["Perfected Strike","Flex"],"picked":"Twin Strike","floor":11},{"not_picked":["Disarm","Bludgeon"],"picked":"Headbutt","floor":12},{"not_picked":["Armaments","Uppercut"],"picked":"Flex","floor":13},{"not_picked":["Armaments","Feed"],"picked":"Infernal Blade","floor":14},{"not_picked":["Fiend Fire","Limit Break"],"picked":"Immolate","floor":16},{"not_picked":["Havoc","Wild Strike"],"picked":"Clash","floor":18},{"not_picked":["Flame Barrier","Heavy Blade"],"picked":"Thunderclap","floor":20}],"player_experience":61814,"potions_floor_usage":[16,16,16],"damage_taken":[{"damage":6,"enemies":"Cultist","floor":1,"turns":4},{"damage":14,"enemies":"Small Slimes","floor":3,"turns":3},{"damage":0,"enemies":"Jaw Worm","floor":5,"turns":3},{"damage":16,"enemies":"Exordium Thugs","floor":7,"turns":5},{"damage":3,"enemies":"Lots of Slimes","floor":10,"turns":4},{"damage":13,"enemies":"Gremlin Gang","floor":11,"turns":3},{"damage":11,"enemies":"Exordium Wildlife","floor":12,"turns":4},{"damage":2,"enemies":"Looter","floor":13,"turns":2},{"damage":0,"enemies":"Gremlin Gang","floor":14,"turns":3},{"damage":21,"enemies":"Hexaghost","floor":16,"turns":5},{"damage":43,"enemies":"3 Byrds","floor":18,"turns":5},{"damage":19,"enemies":"Spheric Guardian","floor":20,"turns":4},{"damage":32,"enemies":"Centurion and Healer","floor":21,"turns":2}],"relics_obtained":[{"floor":4,"key":"Paper Frog"},{"floor":9,"key":"Bag of Marbles"}],"event_choices":[{"event_name":"Transmorgrifier","player_choice":"Transform","floor":19,"damage_taken":0}],"boss_relics":[{"not_picked":["Calling Bell","Snecko Eye"],"picked":"Runic Pyramid"}],"potions_floor_spawned":[7,11,13,14],"seed_played":"7029767238166286657","killed_by":"Centurion and Healer","ascension_level":0,"potions_obtained":[{"floor":7,"key":"PowerPotion"},{"floor":11,"key":"FearPotion"},{"floor":13,"key":"AttackPotion"}],"is_trial":false}