{"gold_per_floor":[118,131,148,148,248,248,310,310,379,397,408,24,24],"floor_reached":13,"playtime":456,"items_purged":[],"score":123,"play_id":"ebc78cf0-cc94-4730-8e71-8a14e94fe0cc","local_time":"20180709200059","is_ascension_mode":true,"campfire_choices":[{"data":"Zap","floor":6.0,"key":"SMITH"},{"floor":8.0,"key":"REST"}],"neow_cost":"NONE","seed_source_timestamp":514954421827038,"circlet_count":0,"master_deck":["Strike_B","Strike_B","Strike_B+1","Strike_B+1","Defend_B","Defend_B","Defend_B","Defend_B","Zap+1","Dualcast","Auto Shields","Storm","Leap","Echo Form","Cold Snap","Force Field","Capacitor","Conserve Battery"],"special_seed":0,"relics":["Cracked Core","Whetstone","Tiny Chest","Pear","Incense Burner"],"potions_floor_usage":[],"damage_taken":[{"damage":16.0,"enemies":"Small Slimes","floor":1.0,"turns":3.0},{"damage":2.0,"enemies":"Jaw Worm","floor":2.0,"turns":4.0},{"damage":0.0,"enemies":"2 Louse","floor":3.0,"turns":3.0},{"damage":19.0,"enemies":"3 Sentries","floor":7.0,"turns":9.0},{"damage":0.0,"enemies":"Red Slaver","floor":10.0,"turns":5.0},{"damage":31.0,"enemies":"Gremlin Gang","floor":11.0,"turns":4.0},{"damage":35,"enemies":"Lots of Slimes","floor":13,"turns":3}],"seed_played":"-7478181949996331733","potions_obtained":[{"floor":3.0,"key":"SpeedPotion"},{"floor":11.0,"key":"SneckoOil"}],"is_trial":false,"path_per_floor":["M","M","M","?","?","R","E","R","T","M","M","$"],"character_chosen":"DEFECT","items_purchased":["Capacitor","Incense Burner","Conserve Battery"],"campfire_rested":1,"item_purchase_floors":[12,12,12],"current_hp_per_floor":[52,50,50,50,50,50,31,53,63,63,32,32,0],"gold":24,"neow_bonus":"RANDOM_COMMON_RELIC","is_prod":false,"is_daily":false,"chose_seed":false,"campfire_upgraded":1,"win_rate":0,"timestamp":1531180859,"path_taken":["M","M","M","?","?","R","E","R","T","?","M","$","M"],"build_version":"2018-07-05","purchased_purges":0,"victory":false,"max_hp_per_floor":[75,75,75,75,75,75,75,75,85,85,85,85,85],"card_choices":[{"not_picked":["Compile Driver","Ball Lightning"],"picked":"Auto Shields","floor":1.0},{"not_picked":["Turbo","Ball Lightning"],"picked":"Storm","floor":2.0},{"not_picked":["Beam Cell","Ball Lightning"],"picked":"Leap","floor":3.0},{"not_picked":["Beam Cell","Coolheaded"],"picked":"Echo Form","floor":7.0},{"not_picked":["Lockon","White Noise"],"picked":"Cold Snap","floor":10.0},{"not_picked":["Hello World","Barrage"],"picked":"Force Field","floor":11.0}],"player_experience":1021456,"relics_obtained":[{"floor":7.0,"key":"Tiny Chest"},{"floor":9.0,"key":"Pear"}],"event_choices":[{"event_name":"Shining Light","player_choice":"Ignored","floor":4.0,"damage_taken":0.0},{"event_name":"Golden Shrine","player_choice":"Pray","floor":5.0,"damage_taken":0.0}],"boss_relics":[],"items_purged_floors":[],"is_endless":false,"potions_floor_spawned":[3,11],"killed_by":"Lots of Slimes","ascension_level":9}