{"gold_per_floor":[114,134,134,146,4,4,29,43,89,89,116,3,3,14,14,91,91,106,106,123,123,134,134,169,181,206,206],"floor_reached":27,"playtime":1023,"items_purged":[],"score":462,"play_id":"847145d9-677e-471b-892b-74aa18fb0864","local_time":"20181231100418","is_ascension_mode":true,"campfire_choices":[{"data":"Zap","floor":6.0,"key":"SMITH"},{"floor":10,"key":"REST"},{"floor":15,"key":"REST"},{"data":"Storm","floor":23,"key":"SMITH"}],"neow_cost":"NONE","seed_source_timestamp":973640326512063,"circlet_count":0,"master_deck":["AscendersBane","Strike_B","Strike_B","Strike_B","Defend_B","Defend_B","Defend_B","Defend_B+1","Zap+1","Dualcast+1","FTL","Reinforced Body","Compile Driver","Loop","Coolheaded","Gash","Sunder","Electrodynamics","Static Discharge","Ball Lightning","Consume","Leap","Storm+1","Ball Lightning","Genetic Algorithm","Thunder Strike","Steam+1","Leap","Meteor Strike","Beam Cell","Conserve Battery","Echo Form","Pain"],"special_seed":0,"relics":["Orrery","Blue Candle","Regal Pillow","War Paint","Cursed Key","Pen Nib","Strawberry"],"potions_floor_usage":[16,24,24],"damage_taken":[{"damage":0.0,"enemies":"Cultist","floor":1.0,"turns":4.0},{"damage":3.0,"enemies":"2 Louse","floor":2.0,"turns":4.0},{"damage":0.0,"enemies":"Small Slimes","floor":4.0,"turns":2.0},{"damage":45.0,"enemies":"3 Sentries","floor":7.0,"turns":5.0},{"damage":10,"enemies":"2 Fungi Beasts","floor":8,"turns":3},{"damage":18,"enemies":"Lagavulin","floor":11,"turns":6},{"damage":14,"enemies":"Lots of Slimes","floor":14,"turns":3},{"damage":22,"enemies":"Hexaghost","floor":16,"turns":9},{"damage":23,"enemies":"2 Thieves","floor":18,"turns":3},{"damage":19,"enemies":"Spheric Guardian","floor":20,"turns":5},{"damage":11,"enemies":"3 Cultists","floor":22,"turns":3},{"damage":30,"enemies":"Slavers","floor":24,"turns":4},{"damage":16,"enemies":"Snecko","floor":25,"turns":4},{"damage":22,"enemies":"Cultist and Chosen","floor":27,"turns":3}],"seed_played":"216033142218542545","potions_obtained":[{"floor":1.0,"key":"GamblersBrew"},{"floor":4.0,"key":"EssenceOfSteel"},{"floor":18,"key":"LiquidBronze"},{"floor":20,"key":"Block Potion"}],"is_trial":false,"path_per_floor":["M","M","?","M","$","R","E","M","T","R","E","$","?","M","R","B",null,"M","?","M","?","M","R","E","M","T","M"],"character_chosen":"DEFECT","items_purchased":["Static Discharge","Ball Lightning","Storm","Ball Lightning"],"campfire_rested":2,"item_purchase_floors":[5,5,12,12],"current_hp_per_floor":[64,61,61,61,61,61,16,6,6,42,24,24,24,10,46,24,59,36,81,62,62,51,51,21,5,12,0],"gold":206,"neow_bonus":"BOSS_RELIC","is_prod":false,"is_daily":false,"chose_seed":false,"campfire_upgraded":2,"win_rate":0,"timestamp":1546268658,"path_taken":["M","M","?","M","$","R","E","M","T","R","E","$","?","M","R","BOSS","M","?","?","?","M","R","E","M","T","?"],"build_version":"2018-12-20","purchased_purges":0,"victory":false,"max_hp_per_floor":[71,71,71,71,71,71,71,71,71,71,71,71,71,71,71,71,71,71,81,81,81,81,81,81,81,88,88],"card_choices":[{"not_picked":["Rip and Tear","Lockon"],"picked":"FTL","floor":0.0},{"not_picked":["Cold Snap","Beam Cell"],"picked":"Reinforced Body","floor":0.0},{"not_picked":["Sweeping Beam","Redo"],"picked":"Compile Driver","floor":0.0},{"not_picked":["Hologram","Beam Cell"],"picked":"Loop","floor":0.0},{"not_picked":["Self Repair","Turbo"],"picked":"Coolheaded","floor":0.0},{"not_picked":["Rebound","Tempest"],"picked":"Gash","floor":1.0},{"not_picked":["Compile Driver","Sweeping Beam"],"picked":"Sunder","floor":2.0},{"not_picked":["Steam","Barrage"],"picked":"Electrodynamics","floor":4.0},{"not_picked":["Reinforced Body","Fusion"],"picked":"Consume","floor":7.0},{"not_picked":["Scrape","Steam"],"picked":"Leap","floor":8},{"not_picked":["Cold Snap","Compile Driver"],"picked":"Rainbow","floor":11},{"not_picked":["Recycle","Reprogram"],"picked":"Genetic Algorithm","floor":14},{"not_picked":["Amplify","Buffer"],"picked":"Thunder Strike","floor":16},{"not_picked":["Barrage","Go for the Eyes"],"picked":"Steam+1","floor":18},{"not_picked":["Rebound","Rip and Tear"],"picked":"Leap","floor":20},{"not_picked":["Auto Shields","Streamline"],"picked":"Beam Cell","floor":22},{"not_picked":["Barrage","Redo"],"picked":"Conserve Battery","floor":24},{"not_picked":["Leap","Sweeping Beam"],"picked":"Echo Form","floor":25}],"player_experience":1964852,"relics_obtained":[{"floor":7.0,"key":"Blue Candle"},{"floor":9,"key":"Regal Pillow"},{"floor":11,"key":"War Paint"},{"floor":24,"key":"Pen Nib"},{"floor":26,"key":"Strawberry"}],"event_choices":[{"damage_healed":0.0,"max_hp_gain":0.0,"max_hp_loss":0.0,"gold_gain":0.0,"event_name":"Liars Game","player_choice":"Ignored","floor":3.0,"gold_loss":0.0,"damage_taken":0.0},{"damage_healed":0,"gold_gain":0,"player_choice":"Leave","damage_taken":0,"max_hp_gain":0,"max_hp_loss":0,"event_name":"The Cleric","floor":13,"gold_loss":0},{"cards_removed":["Rainbow"],"damage_healed":35,"gold_gain":0,"player_choice":"Offered Rare","damage_taken":0,"max_hp_gain":10,"max_hp_loss":0,"event_name":"Bonfire Elementals","floor":19,"gold_loss":0},{"damage_healed":0,"gold_gain":0,"cards_transformed":["Strike_B"],"player_choice":"Transformed","damage_taken":0,"max_hp_gain":0,"max_hp_loss":0,"event_name":"Transmorgrifier","floor":21,"gold_loss":0,"cards_obtained":["Meteor Strike"]}],"is_beta":false,"boss_relics":[{"not_picked":["Velvet Choker","Runic Dome"],"picked":"Cursed Key"}],"items_purged_floors":[],"is_endless":false,"potions_floor_spawned":[1,4,18,20],"killed_by":"Cultist and Chosen","ascension_level":18}