{"gold_per_floor":[118,138,148,167,242,242,258,8,80,93,112,112],"floor_reached":12,"playtime":810,"items_purged":[],"score":74,"play_id":"e170dd6a-5b4e-484d-8c5a-7c05048f44d5","local_time":"20190106143730","is_ascension_mode":false,"campfire_choices":[{"data":"Sunder","floor":6,"key":"SMITH"}],"neow_cost":"NONE","seed_source_timestamp":1394721695582190,"circlet_count":0,"master_deck":["Strike_B","Strike_B","Strike_B","Strike_B","Defend_B","Defend_B","Defend_B","Defend_B","Rebound","Sunder+1","Rebound","Hologram","Rip and Tear","Gash","Beam Cell+1"],"relics":["Empty Cage","MealTicket","Molten Egg 2"],"potions_floor_usage":[3,10],"damage_taken":[{"damage":3,"enemies":"2 Louse","floor":1,"turns":4},{"damage":5,"enemies":"Jaw Worm","floor":2,"turns":5},{"damage":6,"enemies":"Cultist","floor":3,"turns":3},{"damage":0,"enemies":"Gremlin Gang","floor":4,"turns":3},{"damage":14,"enemies":"Blue Slaver","floor":7,"turns":3},{"damage":12,"enemies":"Exordium Wildlife","floor":10,"turns":3},{"damage":5,"enemies":"Looter","floor":11,"turns":2},{"damage":20,"enemies":"Lots of Slimes","floor":12,"turns":3}],"seed_played":"2831322805871437779","potions_obtained":[{"floor":2,"key":"SkillPotion"},{"floor":3,"key":"GamblersBrew"},{"floor":11,"key":"FearPotion"}],"is_trial":false,"path_per_floor":["M","M","M","M","?","R","M","$","T","M","M","M"],"character_chosen":"DEFECT","items_purchased":["MealTicket","Gash"],"campfire_rested":0,"item_purchase_floors":[8,8],"current_hp_per_floor":[72,67,61,61,50,50,36,36,36,24,19,0],"gold":112,"neow_bonus":"BOSS_RELIC","is_prod":false,"is_daily":false,"chose_seed":false,"campfire_upgraded":1,"win_rate":0,"timestamp":1546814250,"path_taken":["M","M","M","M","?","R","M","$","T","M","M","M"],"build_version":"2019-01-03v4","purchased_purges":0,"victory":false,"max_hp_per_floor":[75,75,75,75,75,75,75,75,75,75,75,75],"card_choices":[{"not_picked":["Conserve Battery","Stack"],"picked":"Rebound","floor":1},{"not_picked":["Blizzard","Double Energy"],"picked":"Sunder","floor":2},{"not_picked":["Creative AI","Coolheaded"],"picked":"Rebound","floor":3},{"not_picked":["Scrape","Gash"],"picked":"Hologram","floor":4},{"not_picked":["Steam Power","Compile Driver"],"picked":"Rip and Tear","floor":7},{"not_picked":["Ball Lightning+1","Stack"],"picked":"Beam Cell+1","floor":10},{"not_picked":["Coolheaded","Steam Power","Chaos"],"picked":"SKIP","floor":11}],"player_experience":78097,"relics_obtained":[{"floor":9,"key":"Molten Egg 2"}],"event_choices":[{"damage_healed":0,"gold_gain":75,"player_choice":"Gather Gold","damage_taken":11,"max_hp_gain":0,"max_hp_loss":0,"event_name":"World of Goop","floor":5,"gold_loss":0}],"is_beta":false,"boss_relics":[],"items_purged_floors":[],"is_endless":false,"potions_floor_spawned":[2,3,11],"killed_by":"Lots of Slimes","ascension_level":0}