{"gold_per_floor":[126,138,161,190,219,231,260,272,336,398,423,450,529,138,138,216,216,227,227],"floor_reached":19,"playtime":917,"items_purged":[],"score":322,"play_id":"b42c1842-fdf8-4f82-80e8-a0082e6da7c4","local_time":"20190212102455","is_ascension_mode":true,"campfire_choices":[{"data":"Dagger Throw","floor":6.0,"key":"SMITH"},{"data":"Deadly Poison","floor":8.0,"key":"SMITH"},{"data":"Noxious Fumes","floor":15.0,"key":"SMITH"}],"neow_cost":"NONE","seed_source_timestamp":599749425230680,"circlet_count":0,"master_deck":["AscendersBane","Defend_G","Defend_G","Defend_G","Defend_G","Defend_G","Strike_G","Strike_G","Strike_G","Strike_G","Strike_G","Survivor","Neutralize","Deadly Poison+1","Dagger Throw+1","Deadly Poison","Cloak And Dagger","Backflip","Deflect","Noxious Fumes+1","Skewer","Die Die Die","Expertise"],"special_seed":0,"relics":["Ring of the Snake","MawBank","Ancient Tea Set","HandDrill","Fusion Hammer"],"potions_floor_usage":[16,16],"damage_taken":[{"damage":8.0,"enemies":"Cultist","floor":1.0,"turns":6.0},{"damage":8.0,"enemies":"Small Slimes","floor":3.0,"turns":4.0},{"damage":7.0,"enemies":"Jaw Worm","floor":4.0,"turns":5.0},{"damage":3.0,"enemies":"2 Fungi Beasts","floor":5.0,"turns":5.0},{"damage":6.0,"enemies":"Blue Slaver","floor":7.0,"turns":3.0},{"damage":0.0,"enemies":"Exordium Thugs","floor":11.0,"turns":5.0},{"damage":11.0,"enemies":"Large Slime","floor":12.0,"turns":8.0},{"damage":34,"enemies":"Slime Boss","floor":16,"turns":9},{"damage":43,"enemies":"Spheric Guardian","floor":18,"turns":8},{"damage":14,"enemies":"Colosseum Slavers","floor":19,"turns":1}],"seed_played":"-7633295128580005588","potions_obtained":[{"floor":3.0,"key":"FearPotion"},{"floor":5.0,"key":"Block Potion"},{"floor":7.0,"key":"Regen Potion"},{"floor":12.0,"key":"SteroidPotion"}],"is_trial":false,"path_per_floor":["M","?","M","M","M","R","M","R","T","?","M","M","?","$","R","B",null,"M","?"],"character_chosen":"THE_SILENT","items_purchased":["Noxious Fumes","HandDrill","PowerPotion","Skewer"],"campfire_rested":0,"item_purchase_floors":[14,14,14,14],"current_hp_per_floor":[51,56,48,41,38,38,32,32,32,32,46,35,35,35,35,1,54,11,0],"gold":227,"neow_bonus":"RANDOM_COMMON_RELIC","is_prod":false,"is_daily":false,"chose_seed":false,"campfire_upgraded":3,"win_rate":0,"timestamp":1549985095,"path_taken":["M","?","M","M","M","R","M","R","T","?","?","M","?","$","R","BOSS","M","?"],"build_version":"2019-01-23","purchased_purges":0,"victory":false,"max_hp_per_floor":[66,71,71,71,71,71,71,71,71,71,71,71,71,71,71,71,71,71,71],"card_choices":[{"not_picked":["Prepared","Blur","Acrobatics"],"picked":"SKIP","floor":1.0},{"not_picked":["Leg Sweep","Distraction"],"picked":"Deadly Poison","floor":3.0},{"not_picked":["PiercingWail","Quick Slash"],"picked":"Dagger Throw","floor":4.0},{"not_picked":["Deflect","Backflip"],"picked":"Deadly Poison","floor":5.0},{"not_picked":["Choke","Expertise"],"picked":"Cloak And Dagger","floor":7.0},{"not_picked":["Infinite Blades","Flying Knee"],"picked":"Backflip","floor":11.0},{"not_picked":["Acrobatics","Expertise"],"picked":"Deflect","floor":12.0},{"not_picked":["Malaise","Doppelganger"],"picked":"Die Die Die","floor":16},{"not_picked":["Flying Knee","Slice+1"],"picked":"Expertise","floor":18}],"player_experience":636577,"relics_obtained":[{"floor":9.0,"key":"Ancient Tea Set"}],"event_choices":[{"damage_healed":0.0,"max_hp_gain":5.0,"max_hp_loss":0.0,"gold_gain":0.0,"event_name":"Big Fish","player_choice":"Donut","floor":2.0,"gold_loss":0.0,"damage_taken":0.0},{"damage_healed":0.0,"max_hp_gain":0.0,"max_hp_loss":0.0,"gold_gain":50.0,"event_name":"Golden Shrine","player_choice":"Pray","floor":10.0,"gold_loss":0.0,"damage_taken":0.0},{"damage_healed":0.0,"max_hp_gain":0.0,"max_hp_loss":0.0,"gold_gain":67.0,"event_name":"Golden Wing","player_choice":"Gained Gold","floor":13.0,"gold_loss":0.0,"damage_taken":0.0},{"damage_healed":0,"gold_gain":0,"player_choice":"Fight","damage_taken":0,"max_hp_gain":0,"max_hp_loss":0,"event_name":"Colosseum","floor":19,"gold_loss":0}],"is_beta":false,"boss_relics":[{"not_picked":["WristBlade","White Beast Statue"],"picked":"Fusion Hammer"}],"items_purged_floors":[],"is_endless":false,"potions_floor_spawned":[3,5,7,12],"killed_by":"Colosseum Slavers","ascension_level":20}