{"gold_per_floor":[114,129,79,94,150,180,180,87,142,142,142,157,172,187,187,287,287,302,302,317,317,332,332,362,362,387,402,417,432,447,127,127,227,227,242,262,262,277,292,177,177,177,177,207,222,237,252,267,267,267],"floor_reached":51,"playtime":1276,"items_purged":[],"score":1030,"play_id":"199e210c-781a-4c62-9aed-1827102d96fc","local_time":"20190213134537","daily_mods":["Cursed Run","Uncertain Future","Night Terrors"],"is_ascension_mode":false,"campfire_choices":[{"data":"Bash","floor":7.0,"key":"SMITH"},{"data":"Inflame","floor":10.0,"key":"SMITH"},{"data":"Whirlwind","floor":15.0,"key":"SMITH"},{"data":"Armaments","floor":23,"key":"SMITH"},{"data":"Barricade","floor":25,"key":"SMITH"},{"data":"Limit Break","floor":32,"key":"SMITH"},{"data":"True Grit","floor":42,"key":"SMITH"},{"data":"Discovery","floor":49,"key":"SMITH"}],"neow_cost":"","seed_source_timestamp":0,"circlet_count":0,"master_deck":["Strike_R+1","Strike_R+1","Strike_R","Defend_R","Defend_R","Defend_R","Defend_R","Bash+1","Pummel+1","Headbutt","Clothesline","Flame Barrier+1","Inflame+1","Shrug It Off","Barricade+1","Flame Barrier","Whirlwind+1","Limit Break+1","Injury","Decay","Impervious+1","Body Slam+1","Burning Pact","Armaments+1","Pain","Limit Break","Havoc","Parasite","Offering","Havoc","Disarm+1","True Grit+1","Discovery+1","Parasite","Doubt","Offering","Doubt"],"special_seed":17940,"relics":["Cursed Key","Darkstone Periapt","Du-Vu Doll","Matryoshka","Tiny Chest","Vajra","Astrolabe","MutagenicStrength","The Courier","Whetstone","Dream Catcher","Chemical X","Strawberry","Coffee Dripper","Calipers","Blood Vial","Bag of Marbles","Ancient Tea Set"],"potions_floor_usage":[16,33,33,50,50,50,50],"damage_taken":[{"damage":6.0,"enemies":"Jaw Worm","floor":1.0,"turns":2.0},{"damage":0.0,"enemies":"Small Slimes","floor":2.0,"turns":2.0},{"damage":0.0,"enemies":"2 Louse","floor":4.0,"turns":2.0},{"damage":4.0,"enemies":"Gremlin Nob","floor":6.0,"turns":3.0},{"damage":5.0,"enemies":"Lots of Slimes","floor":12.0,"turns":3.0},{"damage":1.0,"enemies":"2 Fungi Beasts","floor":13.0,"turns":3.0},{"damage":2.0,"enemies":"Blue Slaver","floor":14.0,"turns":4.0},{"damage":4,"enemies":"Slime Boss","floor":16,"turns":8},{"damage":10,"enemies":"2 Thieves","floor":18,"turns":3},{"damage":0,"enemies":"Spheric Guardian","floor":20,"turns":3},{"damage":0,"enemies":"Centurion and Healer","floor":22,"turns":5},{"damage":9,"enemies":"Book of Stabbing","floor":24,"turns":4},{"damage":10,"enemies":"Shelled Parasite and Fungi","floor":27,"turns":2},{"damage":0,"enemies":"Snake Plant","floor":28,"turns":2},{"damage":21,"enemies":"Snecko","floor":29,"turns":4},{"damage":1,"enemies":"3 Cultists","floor":30,"turns":4},{"damage":1,"enemies":"Automaton","floor":33,"turns":6},{"damage":1,"enemies":"3 Darklings","floor":35,"turns":1},{"damage":6,"enemies":"2 Orb Walkers","floor":36,"turns":1},{"damage":18,"enemies":"3 Shapes","floor":38,"turns":3},{"damage":0,"enemies":"Sphere and 2 Shapes","floor":39,"turns":1},{"damage":9,"enemies":"Nemesis","floor":44,"turns":5},{"damage":9,"enemies":"3 Darklings","floor":45,"turns":2},{"damage":12,"enemies":"Maw","floor":46,"turns":6},{"damage":0,"enemies":"Jaw Worm Horde","floor":47,"turns":2},{"damage":13,"enemies":"Writhing Mass","floor":48,"turns":3},{"damage":6,"enemies":"Time Eater","floor":50,"turns":1}],"seed_played":"420993889476971038","potions_obtained":[{"floor":1.0,"key":"Explosive Potion"},{"floor":2.0,"key":"Dexterity Potion"},{"floor":14.0,"key":"PowerPotion"},{"floor":16,"key":"Block Potion"},{"floor":38,"key":"Fire Potion"},{"floor":44,"key":"SteroidPotion"},{"floor":45,"key":"EntropicBrew"}],"is_trial":false,"path_per_floor":["M","M","?","M","?","E","R","$","T","R","?","M","M","M","R","B",null,"M","?","M","?","M","R","E","R","T","M","M","M","M","$","R","B",null,"M","?","?","M","M","$","T","R","T","E","M","M","M","M","R","B",null],"character_chosen":"IRONCLAD","items_purchased":["Inflame","Shrug It Off","Chemical X","Strawberry","SteroidPotion","True Grit","Discovery"],"campfire_rested":0,"item_purchase_floors":[8,8,31,31,31,40,40],"current_hp_per_floor":[74,74,74,74,74,70,70,70,76,76,59,54,53,51,51,53,104,94,94,94,94,94,94,85,85,91,81,81,60,59,66,66,71,123,122,116,116,98,98,98,104,104,110,103,96,86,88,77,77,79],"gold":267,"neow_bonus":"","is_prod":false,"is_daily":true,"chose_seed":false,"campfire_upgraded":8,"win_rate":0,"timestamp":1550061937,"path_taken":["M","M","?","M","?","E","R","$","T","R","?","M","M","M","R","BOSS","M","?","?","?","M","R","E","R","T","M","M","M","M","$","R","BOSS","M","?","?","M","M","$","?","R","T","E","M","M","M","M","R","BOSS"],"build_version":"2019-01-23","purchased_purges":0,"victory":true,"max_hp_per_floor":[80,80,80,80,80,80,80,80,86,86,86,86,86,86,86,92,104,104,104,104,104,104,104,104,104,110,110,110,110,110,117,117,123,123,123,123,123,123,123,123,129,129,135,135,135,135,135,135,135,141],"card_choices":[{"not_picked":["Evolve","Warcry"],"picked":"Pummel","floor":1.0},{"not_picked":["Evolve","Heavy Blade"],"picked":"Headbutt","floor":2.0},{"not_picked":["Flex","Pummel"],"picked":"Clothesline","floor":4.0},{"not_picked":["Iron Wave","Cleave"],"picked":"Flame Barrier","floor":6.0},{"not_picked":["Flex","Anger"],"picked":"Barricade","floor":12.0},{"not_picked":["Iron Wave","Seeing Red"],"picked":"Flame Barrier","floor":13.0},{"not_picked":["Sword Boomerang","Warcry"],"picked":"Whirlwind","floor":14.0},{"not_picked":["Exhume","Berserk"],"picked":"Limit Break","floor":16},{"not_picked":["Clash","Sword Boomerang+1"],"picked":"Body Slam+1","floor":18},{"not_picked":["Cleave+1","Clothesline"],"picked":"Burning Pact","floor":20},{"not_picked":["Pommel Strike","Sword Boomerang"],"picked":"Armaments","floor":22},{"not_picked":["Fire Breathing","Flex","Sentinel"],"picked":"SKIP","floor":24},{"not_picked":["Reckless Charge","Iron Wave","Perfected Strike"],"picked":"SKIP","floor":27},{"not_picked":["Searing Blow","Anger","Wild Strike"],"picked":"SKIP","floor":28},{"not_picked":["True Grit","Anger"],"picked":"Limit Break","floor":29},{"not_picked":["Headbutt","Warcry"],"picked":"Havoc","floor":30},{"not_picked":["Demon Form","Feed"],"picked":"Offering","floor":33},{"not_picked":["Clash","Anger+1"],"picked":"Havoc","floor":35},{"not_picked":["Iron Wave+1","Twin Strike+1","Thunderclap"],"picked":"SKIP","floor":38},{"not_picked":["Sever Soul+1","Seeing Red+1"],"picked":"Disarm+1","floor":39},{"not_picked":["Body Slam","Twin Strike+1"],"picked":"Offering","floor":44},{"not_picked":["Clothesline","Perfected Strike","Flex+1"],"picked":"SKIP","floor":45},{"not_picked":["Clothesline+1","Clash","Uppercut"],"picked":"SKIP","floor":46},{"not_picked":["Cleave+1","Clash","Body Slam+1"],"picked":"SKIP","floor":47},{"not_picked":["Clothesline","Dark Embrace","Thunderclap"],"picked":"SKIP","floor":48}],"player_experience":1969780,"relics_obtained":[{"floor":6.0,"key":"Matryoshka"},{"floor":9.0,"key":"Tiny Chest"},{"floor":9.0,"key":"Vajra"},{"floor":24,"key":"The Courier"},{"floor":26,"key":"Whetstone"},{"floor":26,"key":"Dream Catcher"},{"floor":36,"key":"Calipers"},{"floor":41,"key":"Blood Vial"},{"floor":43,"key":"Bag of Marbles"},{"floor":44,"key":"Ancient Tea Set"}],"event_choices":[{"cards_removed":["Strike_R"],"damage_healed":0.0,"max_hp_gain":0.0,"max_hp_loss":0.0,"gold_gain":0.0,"event_name":"The Cleric","player_choice":"Card Removal","floor":3.0,"gold_loss":50.0,"damage_taken":0.0},{"damage_healed":0.0,"max_hp_gain":0.0,"max_hp_loss":0.0,"gold_gain":56.0,"event_name":"Golden Wing","player_choice":"Gained Gold","floor":5.0,"gold_loss":0.0,"damage_taken":0.0},{"damage_healed":0.0,"max_hp_gain":0.0,"max_hp_loss":0.0,"gold_gain":0.0,"event_name":"Shining Light","player_choice":"Entered Light","floor":11.0,"gold_loss":0.0,"damage_taken":17.0,"cards_upgraded":["Pummel","Flame Barrier"]},{"damage_healed":0,"gold_gain":0,"player_choice":"Ignored","damage_taken":0,"max_hp_gain":0,"max_hp_loss":0,"event_name":"N\u0027loth","floor":19,"gold_loss":0},{"damage_healed":0,"gold_gain":0,"player_choice":"Inject Mutagens","damage_taken":0,"relics_obtained":["MutagenicStrength"],"max_hp_gain":0,"max_hp_loss":0,"event_name":"Drug Dealer","floor":21,"gold_loss":0},{"damage_healed":0,"gold_gain":0,"player_choice":"Fight","damage_taken":0,"max_hp_gain":0,"max_hp_loss":0,"event_name":"Mysterious Sphere","floor":36,"gold_loss":0},{"damage_healed":0,"gold_gain":0,"player_choice":"Ignored","damage_taken":0,"max_hp_gain":0,"max_hp_loss":0,"event_name":"Tomb of Lord Red Mask","floor":37,"gold_loss":0}],"is_beta":false,"boss_relics":[{"not_picked":["Velvet Choker","Eternal Feather"],"picked":"Astrolabe"},{"not_picked":["Black Star","Fusion Hammer"],"picked":"Coffee Dripper"}],"items_purged_floors":[],"is_endless":false,"potions_floor_spawned":[1,2,14,16,20,22,28,30,38,44,45,48],"ascension_level":0}