{"gold_per_floor":[109,121,6,19,33,33,67,67,93,118,138,138,151,165,165,165],"floor_reached":16,"playtime":806,"items_purged":[],"score":148,"play_id":"8eddc0e9-617f-4134-9581-2e9ef18a7639","local_time":"20190215233948","is_ascension_mode":true,"campfire_choices":[{"data":"Noxious Fumes","floor":6.0,"key":"SMITH"},{"data":"Predator","floor":8.0,"key":"SMITH"},{"floor":15,"key":"REST"}],"neow_cost":"NONE","seed_source_timestamp":15368626015883,"circlet_count":0,"master_deck":["Defend_G","Defend_G","Defend_G","Defend_G","Defend_G","Strike_G","Strike_G","Strike_G","Strike_G","Strike_G","Survivor","Neutralize","Predator+1","Noxious Fumes+1","Dash","Caltrops","Leg Sweep","Footwork","Skewer","Backflip","Footwork"],"special_seed":0,"relics":["Ring of the Snake","NeowsBlessing","Boot","Dream Catcher","Omamori","Golden Idol"],"potions_floor_usage":[13,16,16],"damage_taken":[{"damage":0.0,"enemies":"Small Slimes","floor":1.0,"turns":1.0},{"damage":0.0,"enemies":"Jaw Worm","floor":2.0,"turns":1.0},{"damage":0.0,"enemies":"Cultist","floor":4.0,"turns":1.0},{"damage":11.0,"enemies":"Looter","floor":5.0,"turns":3.0},{"damage":13.0,"enemies":"Gremlin Nob","floor":7.0,"turns":4.0},{"damage":17.0,"enemies":"3 Sentries","floor":10.0,"turns":8.0},{"damage":12.0,"enemies":"Large Slime","floor":11.0,"turns":7.0},{"damage":0,"enemies":"Gremlin Gang","floor":13,"turns":6},{"damage":0,"enemies":"3 Louse","floor":14,"turns":3},{"damage":29,"enemies":"Slime Boss","floor":16,"turns":8}],"seed_played":"6189239235817534371","potions_obtained":[{"floor":2.0,"key":"FearPotion"},{"floor":5.0,"key":"Dexterity Potion"},{"floor":10.0,"key":"EntropicBrew"},{"floor":11.0,"key":"SpeedPotion"}],"is_trial":false,"path_per_floor":["M","M","$","M","M","R","E","R","T","E","M","?","M","M","R","B"],"character_chosen":"THE_SILENT","items_purchased":["Noxious Fumes","Dash"],"campfire_rested":1,"item_purchase_floors":[3,3],"current_hp_per_floor":[63,63,63,63,52,52,39,39,39,22,10,10,10,10,29,0],"gold":165,"neow_bonus":"THREE_ENEMY_KILL","is_prod":false,"is_daily":false,"chose_seed":false,"campfire_upgraded":2,"win_rate":0,"timestamp":1550245188,"path_taken":["M","M","$","M","M","R","E","R","T","E","M","?","M","M","R","BOSS"],"build_version":"2019-01-23","purchased_purges":0,"victory":false,"max_hp_per_floor":[70,70,70,70,70,70,70,70,70,70,70,65,65,65,65,65],"card_choices":[{"not_picked":["Poisoned Stab","Dodge and Roll"],"picked":"Predator","floor":1.0},{"not_picked":["Prepared","Flying Knee","Concentrate"],"picked":"SKIP","floor":2.0},{"not_picked":["Storm of Steel","Finisher"],"picked":"Caltrops","floor":4.0},{"not_picked":["Bouncing Flask","Slice"],"picked":"Leg Sweep","floor":5.0},{"not_picked":["Deadly Poison","Catalyst"],"picked":"Footwork","floor":7.0},{"not_picked":["Deflect","Dagger Throw","Night Terror"],"picked":"SKIP","floor":10.0},{"not_picked":["Poisoned Stab","Bouncing Flask","Quick Slash"],"picked":"SKIP","floor":11.0},{"not_picked":["Blade Dance","Poisoned Stab"],"picked":"Skewer","floor":13},{"not_picked":["Dodge and Roll","Cloak And Dagger"],"picked":"Backflip","floor":14},{"not_picked":["Acrobatics","Sucker Punch"],"picked":"Footwork","floor":15}],"player_experience":161625,"relics_obtained":[{"floor":7.0,"key":"Boot"},{"floor":9.0,"key":"Dream Catcher"},{"floor":10.0,"key":"Omamori"}],"event_choices":[{"damage_healed":0.0,"max_hp_gain":0.0,"max_hp_loss":5.0,"gold_gain":0.0,"event_name":"Golden Idol","player_choice":"Lose Max HP","floor":12.0,"gold_loss":0.0,"damage_taken":0.0,"relics_obtained":["Golden Idol"]}],"is_beta":false,"boss_relics":[],"items_purged_floors":[],"is_endless":false,"potions_floor_spawned":[2,5,10,11],"killed_by":"Slime Boss","ascension_level":6}