{"gold_per_floor":[116,116,130,143,143,174,174,192,192,0,13,33,33,33,33,33],"floor_reached":16,"playtime":752,"items_purged":["Strike_B"],"score":179,"play_id":"bbdd1ff1-6c50-4ff5-99d6-cd297b48f30e","local_time":"20181012231617","is_ascension_mode":true,"campfire_choices":[{"data":"Storm","floor":7,"key":"SMITH"},{"floor":13,"key":"REST"},{"data":"Defragment","floor":15,"key":"SMITH"}],"neow_cost":"NONE","seed_source_timestamp":243939956121827,"circlet_count":0,"master_deck":["Strike_B","Strike_B","Strike_B","Defend_B","Defend_B","Defend_B","Defend_B","Zap","Dualcast","AscendersBane","Rebound","Compile Driver","Electrodynamics","Storm+1","Hologram","Defragment+1","Loop","Coolheaded"],"relics":["Cracked Core","Lantern","NlothsMask","Bag of Marbles","Golden Idol"],"potions_floor_usage":[6,16,16],"damage_taken":[{"damage":3,"enemies":"Small Slimes","floor":1,"turns":3},{"damage":1,"enemies":"Cultist","floor":3,"turns":3},{"damage":0,"enemies":"2 Louse","floor":4,"turns":2},{"damage":8,"enemies":"Gremlin Nob","floor":6,"turns":3},{"damage":5,"enemies":"Exordium Wildlife","floor":8,"turns":3},{"damage":11,"enemies":"Lots of Slimes","floor":11,"turns":2},{"damage":14,"enemies":"Red Slaver","floor":12,"turns":2},{"damage":39,"enemies":"Hexaghost","floor":16,"turns":9}],"seed_played":"-7436836039637144073","potions_obtained":[{"floor":4,"key":"PowerPotion"},{"floor":6,"key":"Poison Potion"},{"floor":8,"key":"Poison Potion"}],"is_trial":false,"path_per_floor":["M","?","M","M","?","E","R","M","T","$","M","M","R","?","R"],"character_chosen":"DEFECT","items_purchased":["Defragment","Dexterity Potion"],"campfire_rested":1,"item_purchase_floors":[10,10],"current_hp_per_floor":[61,57,56,56,56,48,48,43,43,43,32,18,39,39,39,0],"gold":33,"neow_bonus":"RANDOM_COMMON_RELIC","is_prod":false,"is_daily":false,"chose_seed":false,"campfire_upgraded":2,"win_rate":0,"timestamp":1539400577,"path_taken":["M","?","M","M","?","E","R","M","T","$","M","M","R","?","R","BOSS"],"build_version":"2018-10-11","purchased_purges":1,"victory":false,"max_hp_per_floor":[71,71,71,71,71,71,71,71,71,71,71,71,71,64,64,64],"card_choices":[{"not_picked":["Storm","Reinforced Body"],"picked":"Rebound","floor":1},{"not_picked":["Rebound","Darkness"],"picked":"Compile Driver","floor":3},{"not_picked":["Lockon","Stack"],"picked":"Electrodynamics","floor":4},{"not_picked":["Stack","Conserve Battery"],"picked":"Storm","floor":6},{"not_picked":["Double Energy","Beam Cell"],"picked":"Hologram","floor":8},{"not_picked":["Go for the Eyes","Beam Cell"],"picked":"Loop","floor":11},{"not_picked":["Storm","Streamline"],"picked":"Coolheaded","floor":12}],"player_experience":1545270,"relics_obtained":[{"floor":6,"key":"Bag of Marbles"}],"event_choices":[{"event_name":"The Woman in Blue","player_choice":"Bought 0 Potions","floor":2,"damage_taken":0},{"event_name":"FaceTrader","player_choice":"Trade","floor":5,"damage_taken":0},{"event_name":"Golden Idol","player_choice":"Lose Max HP","floor":14,"damage_taken":0}],"is_beta":false,"boss_relics":[],"items_purged_floors":[10],"is_endless":false,"potions_floor_spawned":[4,6,8,12],"killed_by":"Hexaghost","ascension_level":15}