{"gold_per_floor":[117,192,207,87,87,87,87,119,119,133,133,145,164,176,176,272,272,282,295,313,40,40,40,40,52],"floor_reached":25,"playtime":731,"items_purged":["Defend_B","Strike_B"],"score":205,"play_id":"b51e6397-5c55-4231-8d3e-e7cbc1b0a54f","local_time":"20180819224937","is_ascension_mode":false,"campfire_choices":[{"data":"Hologram","floor":6,"key":"SMITH"},{"data":"Static Discharge","floor":11,"key":"SMITH"},{"floor":15,"key":"REST"},{"data":"Static Discharge","floor":23,"key":"SMITH"}],"neow_cost":"NONE","seed_source_timestamp":72788894474992,"circlet_count":0,"master_deck":["Strike_B","Strike_B","Defend_B","Defend_B","Defend_B","Zap","Dualcast","Ball Lightning","Static Discharge+1","Hologram+1","Static Discharge","Thunder Strike","Redo+1","Capacitor","Static Discharge+1"],"relics":["Cracked Core","Vajra","Oddly Smooth Stone","Black Star","MawBank"],"potions_floor_usage":[8,16,16,20,22],"damage_taken":[{"damage":1,"enemies":"Jaw Worm","floor":1,"turns":3},{"damage":0,"enemies":"Small Slimes","floor":3,"turns":2},{"damage":12,"enemies":"Gremlin Nob","floor":8,"turns":4},{"damage":0,"enemies":"Cultist","floor":10,"turns":3},{"damage":6,"enemies":"2 Fungi Beasts","floor":12,"turns":2},{"damage":15,"enemies":"Gremlin Gang","floor":13,"turns":2},{"damage":7,"enemies":"3 Louse","floor":14,"turns":3},{"damage":20,"enemies":"Slime Boss","floor":16,"turns":7},{"damage":28,"enemies":"2 Thieves","floor":18,"turns":3},{"damage":11,"enemies":"Chosen","floor":19,"turns":4},{"damage":13,"enemies":"Sentry and Sphere","floor":20,"turns":3},{"damage":0,"enemies":"Snecko","floor":22,"turns":2},{"damage":34,"enemies":"Shelled Parasite and Fungi","floor":25,"turns":3}],"seed_played":"-5858341325172701094","potions_obtained":[{"floor":1,"key":"Weak Potion"},{"floor":8,"key":"Poison Potion"},{"floor":13,"key":"Regen Potion"},{"floor":14,"key":"Swift Potion"},{"floor":16,"key":"Regen Potion"},{"floor":20,"key":"Poison Potion"}],"is_trial":false,"path_per_floor":["M","?","M","$","?","R","$","E","T","M","R","M","M","M","R","B",null,"M","M","M","$","M","R","?"],"character_chosen":"DEFECT","items_purchased":["Hologram","Static Discharge","SmokeBomb"],"campfire_rested":1,"item_purchase_floors":[4,21,21],"current_hp_per_floor":[74,63,63,63,63,63,63,51,51,51,51,45,30,23,45,40,75,47,36,32,32,32,32,32,0],"gold":52,"neow_bonus":"THREE_CARDS","is_prod":false,"is_daily":false,"chose_seed":false,"campfire_upgraded":3,"win_rate":0,"timestamp":1534684777,"path_taken":["M","?","M","$","?","R","$","E","T","M","R","M","M","?","R","BOSS","M","M","M","$","M","R","?","?"],"build_version":"2018-08-16","purchased_purges":2,"victory":false,"max_hp_per_floor":[75,75,75,75,75,75,75,75,75,75,75,75,75,75,75,75,75,75,75,75,75,75,75,75,75],"card_choices":[{"not_picked":["Compile Driver","Redo"],"picked":"Ball Lightning","floor":0},{"not_picked":["Stack","Rebound"],"picked":"Static Discharge","floor":1},{"not_picked":["Rebound","Reinforced Body","Steam"],"picked":"SKIP","floor":3},{"not_picked":["White Noise","Gash"],"picked":"Static Discharge","floor":8},{"not_picked":["Steam Power","Compile Driver","Coolheaded"],"picked":"SKIP","floor":10},{"not_picked":["Barrage","Chaos","Streamline"],"picked":"SKIP","floor":12},{"not_picked":["Glacier","Core Surge","Go for the Eyes"],"picked":"SKIP","floor":13},{"not_picked":["Streamline","Compile Driver","Steam"],"picked":"SKIP","floor":14},{"not_picked":["Seek","Biased Cognition"],"picked":"Thunder Strike","floor":16},{"not_picked":["Sweeping Beam","Chill"],"picked":"Redo+1","floor":18},{"not_picked":["Hello World+1","Rebound","Go for the Eyes"],"picked":"SKIP","floor":19},{"not_picked":["Compile Driver","Streamline"],"picked":"Capacitor","floor":20}],"player_experience":364335,"relics_obtained":[{"floor":8,"key":"Vajra"},{"floor":9,"key":"Oddly Smooth Stone"}],"event_choices":[{"event_name":"World of Goop","player_choice":"Gather Gold","floor":2,"damage_taken":0},{"event_name":"Bonfire Elementals","player_choice":"BASIC","floor":5,"damage_taken":0},{"event_name":"The Mausoleum","player_choice":"Yes","floor":24,"damage_taken":0}],"is_beta":false,"boss_relics":[{"not_picked":["White Beast Statue","Runic Dome"],"picked":"Black Star"}],"items_purged_floors":[4,21],"is_endless":false,"potions_floor_spawned":[1,8,13,14,16,20,22],"killed_by":"Shelled Parasite and Fungi","ascension_level":0}