{"gold_per_floor":[109,184,200,55,55,55,75,90,143,143,161,179,24,37,37,139,139,152,152,152,185,46,46,46,46,46,46,69,69,81,96,96,200,200,219,219,233,233,233,233,233,253,253,263,294,294,320,332,332,332],"floor_reached":50,"playtime":1537,"items_purged":["Strike_R","Strike_R"],"score":560,"play_id":"5abd5adb-52b7-4b0f-b9eb-28e1c0d059a1","local_time":"20190210180626","is_ascension_mode":false,"campfire_choices":[{"data":"Bash","floor":6,"key":"SMITH"},{"data":"Metallicize","floor":10,"key":"SMITH"},{"data":"Immolate","floor":15,"key":"SMITH"},{"data":"Carnage","floor":23,"key":"SMITH"},{"data":"Double Tap","floor":27,"key":"SMITH"},{"data":"Dual Wield","floor":29,"key":"SMITH"},{"data":"Clothesline","floor":32,"key":"SMITH"},{"data":"Demon Form","floor":40,"key":"SMITH"},{"data":"Shrug It Off","floor":46,"key":"SMITH"},{"floor":49,"key":"REST"}],"neow_cost":"NONE","seed_source_timestamp":1584429050534576,"circlet_count":0,"master_deck":["Strike_R","Strike_R","Strike_R","Defend_R","Defend_R","Defend_R","Bash+1","Shrug It Off","Metallicize+1","Dual Wield+1","Shrug It Off+1","Clothesline+1","Immolate+1","Feed","Double Tap+1","Armaments+1","Carnage+1","Infernal Blade+1","Demon Form+1","Cleave+1"],"relics":["Burning Blood","Happy Flower","Omamori","Eternal Feather","Strawberry","Red Mask","Meat on the Bone","Potion Belt","Busted Crown","Unceasing Top","Blood Vial","Mango"],"potions_floor_usage":[24,25,45,45],"damage_taken":[{"damage":1,"enemies":"2 Louse","floor":1,"turns":3},{"damage":0,"enemies":"Small Slimes","floor":3,"turns":3},{"damage":3,"enemies":"Jaw Worm","floor":7,"turns":4},{"damage":10,"enemies":"Exordium Thugs","floor":8,"turns":6},{"damage":0,"enemies":"2 Fungi Beasts","floor":11,"turns":4},{"damage":1,"enemies":"3 Louse","floor":12,"turns":4},{"damage":0,"enemies":"Large Slime","floor":14,"turns":4},{"damage":51,"enemies":"Slime Boss","floor":16,"turns":9},{"damage":10,"enemies":"Shell Parasite","floor":18,"turns":6},{"damage":5,"enemies":"Masked Bandits","floor":21,"turns":3},{"damage":0,"enemies":"Slavers","floor":24,"turns":1},{"damage":3,"enemies":"Colosseum Slavers","floor":25,"turns":4},{"damage":0,"enemies":"Spheric Guardian","floor":30,"turns":4},{"damage":10,"enemies":"Snake Plant","floor":31,"turns":3},{"damage":63,"enemies":"Collector","floor":33,"turns":9},{"damage":23,"enemies":"3 Darklings","floor":35,"turns":4},{"damage":12,"enemies":"3 Shapes","floor":37,"turns":2},{"damage":15,"enemies":"Writhing Mass","floor":42,"turns":5},{"damage":11,"enemies":"3 Darklings","floor":44,"turns":4},{"damage":22,"enemies":"Giant Head","floor":45,"turns":6},{"damage":45,"enemies":"Reptomancer","floor":47,"turns":5},{"damage":16,"enemies":"Transient","floor":48,"turns":5},{"damage":0,"enemies":"Time Eater","floor":50,"turns":1}],"seed_played":"-7264719059866825741","potions_obtained":[{"floor":3,"key":"SmokeBomb"},{"floor":16,"key":"Regen Potion"},{"floor":18,"key":"SmokeBomb"},{"floor":21,"key":"Block Potion"},{"floor":33,"key":"SteroidPotion"},{"floor":35,"key":"PowerPotion"},{"floor":44,"key":"EssenceOfSteel"},{"floor":45,"key":"Regen Potion"}],"is_trial":false,"path_per_floor":["M","?","M","$","?","R","M","M","T","R","M","M","$","M","R","B",null,"M","?","?","?","$","R","E","?","T","R","T","R","M","M","R","B",null,"M","$","M","$","?","R","$","M","T","M","E","R","E","M","R","B"],"character_chosen":"IRONCLAD","items_purchased":["Metallicize","Immolate","Carnage"],"campfire_rested":1,"item_purchase_floors":[4,13,22],"current_hp_per_floor":[80,69,75,75,68,68,71,67,67,67,73,78,78,80,80,35,80,76,83,83,87,87,90,90,90,90,90,90,90,90,86,90,48,93,76,76,70,70,70,79,79,70,70,68,64,73,65,69,113,113],"gold":332,"neow_bonus":"RANDOM_COMMON_RELIC","is_prod":false,"is_daily":false,"chose_seed":false,"campfire_upgraded":9,"win_rate":0,"timestamp":1549789586,"path_taken":["M","?","M","$","?","R","M","M","T","R","M","M","?","?","R","BOSS","M","?","?","?","$","R","E","?","T","R","?","R","M","M","R","BOSS","M","$","M","$","?","R","$","M","T","?","E","R","E","M","R","BOSS"],"build_version":"2019-01-23","purchased_purges":2,"victory":false,"max_hp_per_floor":[80,80,80,80,80,80,80,80,80,80,80,80,80,80,80,80,80,80,87,87,90,90,90,90,90,90,90,90,90,90,90,90,93,93,93,93,93,93,93,93,93,93,93,96,96,96,113,113,113,113],"card_choices":[{"not_picked":["Cleave","Iron Wave"],"picked":"Shrug It Off","floor":1},{"not_picked":["Heavy Blade","Havoc","Warcry"],"picked":"SKIP","floor":3},{"not_picked":["Flex","Iron Wave"],"picked":"Dual Wield","floor":7},{"not_picked":["Clash","Wild Strike","Warcry"],"picked":"SKIP","floor":8},{"not_picked":["Burning Pact","Reckless Charge"],"picked":"Shrug It Off","floor":11},{"not_picked":["Sever Soul","Armaments"],"picked":"Clothesline","floor":12},{"not_picked":["Perfected Strike","Havoc"],"picked":"Feed","floor":14},{"not_picked":["Demon Form","Exhume"],"picked":"Double Tap","floor":16},{"not_picked":["Pommel Strike","Sword Boomerang"],"picked":"Armaments+1","floor":18},{"not_picked":["Clash","Heavy Blade"],"picked":"Infernal Blade+1","floor":30},{"not_picked":["Havoc","Rampage","Twin Strike+1"],"picked":"SKIP","floor":31},{"not_picked":["Brutality","Berserk"],"picked":"Demon Form","floor":33},{"not_picked":["Rupture+1"],"picked":"SKIP","floor":35},{"not_picked":["Perfected Strike+1"],"picked":"SKIP","floor":37},{"not_picked":["Evolve+1"],"picked":"SKIP","floor":42},{"not_picked":["Iron Wave+1"],"picked":"SKIP","floor":44},{"not_picked":["Headbutt"],"picked":"SKIP","floor":45},{"not_picked":["Body Slam"],"picked":"SKIP","floor":47},{"not_picked":[],"picked":"Cleave+1","floor":48}],"player_experience":512933,"relics_obtained":[{"floor":9,"key":"Omamori"},{"floor":21,"key":"Red Mask"},{"floor":26,"key":"Meat on the Bone"},{"floor":28,"key":"Potion Belt"},{"floor":43,"key":"Unceasing Top"},{"floor":45,"key":"Blood Vial"},{"floor":47,"key":"Mango"}],"event_choices":[{"damage_healed":0,"gold_gain":75,"player_choice":"Gather Gold","damage_taken":11,"max_hp_gain":0,"max_hp_loss":0,"event_name":"World of Goop","floor":2,"gold_loss":0},{"cards_removed":["Defend_R"],"damage_healed":0,"gold_gain":0,"player_choice":"Card Removal","damage_taken":7,"max_hp_gain":0,"max_hp_loss":0,"event_name":"Golden Wing","floor":5,"gold_loss":0},{"damage_healed":0,"gold_gain":0,"player_choice":"Opened","damage_taken":0,"relics_obtained":["Strawberry"],"max_hp_gain":0,"max_hp_loss":0,"event_name":"The Mausoleum","floor":19,"gold_loss":0},{"damage_healed":0,"gold_gain":0,"player_choice":"Ignored","damage_taken":0,"max_hp_gain":0,"max_hp_loss":0,"event_name":"Vampires","floor":20,"gold_loss":0},{"damage_healed":0,"gold_gain":0,"player_choice":"Fought Bandits","damage_taken":0,"max_hp_gain":0,"max_hp_loss":0,"event_name":"Masked Bandits","floor":21,"gold_loss":0},{"damage_healed":0,"gold_gain":0,"player_choice":"Fight","damage_taken":0,"max_hp_gain":0,"max_hp_loss":0,"event_name":"Colosseum","floor":25,"gold_loss":0},{"damage_healed":0,"gold_gain":0,"player_choice":"Fled From Nobs","damage_taken":0,"max_hp_gain":0,"max_hp_loss":0,"event_name":"Colosseum","floor":25,"gold_loss":0},{"damage_healed":0,"gold_gain":0,"player_choice":"Ignored","damage_taken":0,"max_hp_gain":0,"max_hp_loss":0,"event_name":"NoteForYourself","floor":39,"gold_loss":0}],"is_beta":false,"boss_relics":[{"not_picked":["Pandora\u0027s Box","Empty Cage"],"picked":"Eternal Feather"},{"not_picked":["Black Blood","Runic Pyramid"],"picked":"Busted Crown"}],"items_purged_floors":[4,22],"is_endless":false,"potions_floor_spawned":[3,16,18,21,24,33,35,44,45],"killed_by":"Time Eater","ascension_level":0}