{"gold_per_floor":[118,138,138,88,108,108,33,33,80,80,50,50,50,65,65,167,167,186,203,203,222,234,234,234,234,234,251,266,22,22,39,39,138,138,138,138,138,59,72,72,85,85,158,158,158,8,26,41,41,41],"floor_reached":51,"playtime":3195,"items_purged":["Strike_G","Strike_G"],"score":637,"play_id":"bfb961df-936c-4b61-ae08-0e53f6b9793f","local_time":"20181204231156","is_ascension_mode":false,"campfire_choices":[{"data":"Dash","floor":6.0,"key":"SMITH"},{"data":"Leg Sweep","floor":8.0,"key":"SMITH"},{"data":"Neutralize","floor":10.0,"key":"SMITH"},{"data":"Leg Sweep","floor":15.0,"key":"SMITH"},{"data":"Noxious Fumes","floor":23,"key":"SMITH"},{"data":"Footwork","floor":25,"key":"SMITH"},{"data":"Apotheosis","floor":30,"key":"SMITH"},{"data":"Skewer","floor":32,"key":"SMITH"},{"data":"Malaise","floor":40,"key":"SMITH"},{"data":"Burst","floor":42,"key":"SMITH"},{"data":"Survivor","floor":44,"key":"SMITH"},{"floor":49,"key":"REST"}],"neow_cost":"NONE","seed_source_timestamp":0,"circlet_count":0,"master_deck":["Defend_G","Defend_G","Defend_G","Defend_G","Strike_G","Survivor+1","Neutralize+1","Dash+1","Leg Sweep+1","Leg Sweep+1","Malaise+1","Skewer+1","Footwork+1","Noxious Fumes+1","Catalyst","Apotheosis+1","Burst+1","Catalyst","Terror+1"],"special_seed":0,"relics":["Velvet Choker"],"potions_floor_usage":[28,33,35,50],"damage_taken":[{"damage":4.0,"enemies":"2 Louse","floor":1.0,"turns":3.0},{"damage":1.0,"enemies":"Jaw Worm","floor":2.0,"turns":4.0},{"damage":0.0,"enemies":"Cultist","floor":5.0,"turns":4.0},{"damage":0.0,"enemies":"Looter","floor":11.0,"turns":4.0},{"damage":0.0,"enemies":"2 Fungi Beasts","floor":14.0,"turns":4.0},{"damage":54.0,"enemies":"Slime Boss","floor":16.0,"turns":24.0},{"damage":0.0,"enemies":"Shell Parasite","floor":18.0,"turns":13.0},{"damage":6.0,"enemies":"3 Byrds","floor":19.0,"turns":13.0},{"damage":0,"enemies":"Shelled Parasite and Fungi","floor":21,"turns":13},{"damage":4,"enemies":"Snecko","floor":22,"turns":8},{"damage":0,"enemies":"Sentry and Sphere","floor":27,"turns":8},{"damage":0,"enemies":"3 Cultists","floor":28,"turns":9},{"damage":3,"enemies":"Snake Plant","floor":31,"turns":7},{"damage":13,"enemies":"Collector","floor":33,"turns":15},{"damage":0,"enemies":"3 Darklings","floor":35,"turns":2},{"damage":3,"enemies":"3 Shapes","floor":39,"turns":7},{"damage":13,"enemies":"Sphere and 2 Shapes","floor":41,"turns":5},{"damage":9,"enemies":"Spire Growth","floor":47,"turns":6},{"damage":1,"enemies":"Jaw Worm Horde","floor":48,"turns":6},{"damage":5,"enemies":"Time Eater","floor":50,"turns":14}],"seed_played":"477808452970663002","potions_obtained":[{"floor":1.0,"key":"Weak Potion"},{"floor":5.0,"key":"SmokeBomb"},{"floor":18.0,"key":"Swift Potion"},{"floor":21,"key":"Poison Potion"},{"floor":31,"key":"FairyPotion"},{"floor":41,"key":"GamblersBrew"}],"is_trial":false,"path_per_floor":["M","M","?","?","M","R","$","R","T","R","M","$","?","M","R","B",null,"M","M","?","M","M","R","?","R","T","M","M","$","R","M","R","B",null,"M","?","?","$","M","R","M","R","T","R","?","$","M","M","R","B",null],"character_chosen":"THE_SILENT","items_purchased":["Apotheosis","Burst","Catalyst","FearPotion"],"campfire_rested":1,"item_purchase_floors":[29,29,38,46],"current_hp_per_floor":[66,65,65,65,65,65,65,65,65,65,65,65,65,65,65,11,70,70,64,64,64,60,60,47,47,47,47,47,47,47,44,44,31,75,75,75,75,75,72,72,59,59,59,59,59,59,50,49,71,66],"gold":41,"neow_bonus":"BOSS_RELIC","is_prod":false,"is_daily":false,"chose_seed":false,"campfire_upgraded":11,"win_rate":0,"timestamp":1543961516,"path_taken":["M","M","?","?","M","R","?","R","T","R","M","$","?","?","R","BOSS","M","M","?","M","M","R","?","R","T","M","M","$","R","M","R","BOSS","M","?","?","$","M","R","M","R","T","R","?","$","M","M","R","BOSS"],"build_version":"2018-11-15","purchased_purges":2,"victory":true,"max_hp_per_floor":[70,70,70,70,70,70,70,70,70,70,70,70,70,70,70,70,70,70,70,70,70,70,70,75,75,75,75,75,75,75,75,75,75,75,75,75,75,75,75,75,75,75,75,75,75,75,75,75,75,75],"card_choices":[{"not_picked":["Predator","Blade Dance"],"picked":"Dash","floor":1.0},{"not_picked":["Cloak And Dagger","Endless Agony","Choke"],"picked":"SKIP","floor":2.0},{"not_picked":["Dagger Throw","Backflip"],"picked":"Leg Sweep","floor":5.0},{"not_picked":["Dodge and Roll","Dagger Throw","Eviscerate"],"picked":"SKIP","floor":11.0},{"not_picked":["Dodge and Roll","Outmaneuver"],"picked":"Leg Sweep","floor":14.0},{"not_picked":["Glass Knife","Grand Finale"],"picked":"Malaise","floor":16.0},{"not_picked":["Concentrate","Poisoned Stab"],"picked":"Skewer","floor":18.0},{"not_picked":["Deflect+1","Setup"],"picked":"Footwork","floor":19.0},{"not_picked":["Distraction","Bane","Predator"],"picked":"SKIP","floor":21},{"not_picked":["Caltrops+1","PiercingWail+1"],"picked":"Noxious Fumes","floor":22},{"not_picked":["Underhanded Strike","Dash"],"picked":"Catalyst","floor":27},{"not_picked":["Sucker Punch","Acrobatics","Bane"],"picked":"SKIP","floor":28},{"not_picked":["Dagger Spray","Crippling Poison","Dodge and Roll"],"picked":"SKIP","floor":31},{"not_picked":["Acrobatics","Flying Knee","Masterful Stab"],"picked":"SKIP","floor":39},{"not_picked":["Blade Dance+1","Poisoned Stab","Dodge and Roll+1"],"picked":"SKIP","floor":41},{"not_picked":["Bane+1","Poisoned Stab","Dagger Throw+1"],"picked":"SKIP","floor":47},{"not_picked":["Heel Hook+1","Cloak And Dagger+1"],"picked":"Terror+1","floor":48}],"player_experience":1072822,"relics_obtained":[],"event_choices":[{"damage_healed":0.0,"max_hp_gain":0.0,"max_hp_loss":0.0,"gold_gain":0.0,"event_name":"Scrap Ooze","player_choice":"Fled","floor":3.0,"gold_loss":0.0,"damage_taken":0.0},{"cards_removed":["Strike_G"],"damage_healed":0.0,"max_hp_gain":0.0,"max_hp_loss":0.0,"gold_gain":0.0,"event_name":"The Cleric","player_choice":"Card Removal","floor":4.0,"gold_loss":50.0,"damage_taken":0.0},{"damage_healed":0.0,"max_hp_gain":0.0,"max_hp_loss":0.0,"gold_gain":0.0,"event_name":"Dead Adventurer","player_choice":"Searched \u00270\u0027 times","floor":13.0,"gold_loss":0.0,"damage_taken":0.0},{"damage_healed":0,"gold_gain":0,"player_choice":"Ignored","damage_taken":0,"max_hp_gain":0,"max_hp_loss":0,"event_name":"The Mausoleum","floor":20,"gold_loss":0},{"damage_healed":0,"gold_gain":0,"player_choice":"Shed Blood","damage_taken":18,"max_hp_gain":5,"max_hp_loss":0,"event_name":"Forgotten Altar","floor":24,"gold_loss":0},{"damage_healed":0,"gold_gain":0,"player_choice":"Ignored","damage_taken":0,"max_hp_gain":0,"max_hp_loss":0,"event_name":"Tomb of Lord Red Mask","floor":36,"gold_loss":0},{"cards_removed":["Defend_G"],"damage_healed":0,"gold_gain":0,"player_choice":"Removed Skill","damage_taken":0,"max_hp_gain":0,"max_hp_loss":0,"event_name":"Falling","floor":37,"gold_loss":0},{"cards_removed":["Strike_G"],"damage_healed":0,"gold_gain":0,"player_choice":"Card Removal","damage_taken":0,"max_hp_gain":0,"max_hp_loss":0,"event_name":"Wheel of Change","floor":45,"gold_loss":0}],"is_beta":false,"boss_relics":[{"not_picked":[]},{"not_picked":[]}],"items_purged_floors":[7,46],"is_endless":false,"potions_floor_spawned":[1,5,18,21,31,41],"ascension_level":0}