{"gold_per_floor":[109,109,83,100,117,148,163,178,255,255,275,291,320,330,330,426,426,444,5,11,11,28,56,74,74,98,111,111,136,136,152,152,250,250,260,280,96,112,112,112,112,0,24,57,57,72,91,10,10,10],"floor_reached":51,"playtime":4122,"items_purged":["Strike_B"],"score":758,"play_id":"79e32881-7078-4f0e-a954-bab3436cb623","local_time":"20190212131203","is_ascension_mode":false,"campfire_choices":[{"floor":10,"key":"REST"},{"floor":15,"key":"REST"},{"floor":28,"key":"REST"},{"floor":30,"key":"REST"},{"floor":32,"key":"REST"},{"data":"Mayhem","floor":40,"key":"SMITH"},{"data":"Machine Learning","floor":41,"key":"SMITH"},{"floor":49,"key":"REST"}],"neow_cost":"NONE","seed_source_timestamp":2676105390872398,"circlet_count":0,"master_deck":["Defend_B+1","Defend_B+1","Defend_B+1","Defend_B+1","Zap","Dualcast","Ball Lightning","Hologram","FTL","Conserve Battery","Ball Lightning","Conserve Battery","Go for the Eyes","Reboot","Coolheaded","Chill","All For One","Beam Cell","Coolheaded","Conserve Battery","Compile Driver","Barrage+1","Machine Learning+1","Defragment","Chill","Lockon","Force Field","Barrage","All For One","Skim","Go for the Eyes+1","Electrodynamics","Buffer+1","Force Field+1","Auto Shields+1","Chill+1","Conserve Battery+1","Glacier+1","Glacier","Mayhem+1","Double Energy+1","Good Instincts","Coolheaded+1","Chill+1","Capacitor+1","Defragment+1","Cold Snap"],"relics":["Cracked Core","Omamori","Bottled Lightning","WingedGreaves","Inserter","Prayer Wheel","Happy Flower","Ancient Tea Set","Kunai","Astrolabe","Red Mask","Smiling Mask","Frozen Egg 2"],"potions_floor_usage":[6,13,16,27,50],"damage_taken":[{"damage":7,"enemies":"Jaw Worm","floor":1,"turns":5},{"damage":0,"enemies":"Cultist","floor":4,"turns":2},{"damage":7,"enemies":"Small Slimes","floor":5,"turns":3},{"damage":31,"enemies":"Lagavulin","floor":6,"turns":6},{"damage":12,"enemies":"Looter","floor":7,"turns":3},{"damage":9,"enemies":"3 Louse","floor":8,"turns":3},{"damage":0,"enemies":"Blue Slaver","floor":11,"turns":3},{"damage":0,"enemies":"Looter","floor":12,"turns":2},{"damage":7,"enemies":"Gremlin Nob","floor":13,"turns":4},{"damage":1,"enemies":"Red Slaver","floor":14,"turns":2},{"damage":16,"enemies":"Hexaghost","floor":16,"turns":9},{"damage":8,"enemies":"Spheric Guardian","floor":18,"turns":5},{"damage":20,"enemies":"2 Thieves","floor":20,"turns":5},{"damage":5,"enemies":"Cultist and Chosen","floor":22,"turns":6},{"damage":21,"enemies":"Book of Stabbing","floor":23,"turns":8},{"damage":6,"enemies":"Snake Plant","floor":24,"turns":6},{"damage":6,"enemies":"Sentry and Sphere","floor":27,"turns":6},{"damage":14,"enemies":"Gremlin Leader","floor":29,"turns":8},{"damage":1,"enemies":"Centurion and Healer","floor":31,"turns":4},{"damage":20,"enemies":"Champ","floor":33,"turns":11},{"damage":2,"enemies":"3 Shapes","floor":35,"turns":2},{"damage":21,"enemies":"Orb Walker","floor":36,"turns":4},{"damage":0,"enemies":"4 Shapes","floor":38,"turns":7},{"damage":37,"enemies":"Nemesis","floor":44,"turns":9},{"damage":0,"enemies":"Transient","floor":46,"turns":5},{"damage":1,"enemies":"Jaw Worm Horde","floor":47,"turns":5},{"damage":6,"enemies":"Donu and Deca","floor":50,"turns":13}],"seed_played":"-5175113616233227808","potions_obtained":[{"floor":1,"key":"Weak Potion"},{"floor":2,"key":"Regen Potion"},{"floor":2,"key":"SpeedPotion"},{"floor":7,"key":"EssenceOfSteel"},{"floor":14,"key":"PowerPotion"},{"floor":18,"key":"GamblersBrew"},{"floor":33,"key":"AttackPotion"}],"is_trial":false,"path_per_floor":["M","?","$","M","M","E","M","M","T","R","M","M","E","M","R","B",null,"M","$","M","?","M","E","M","?","T","M","R","E","R","M","R","B",null,"M","M","$","M","?","R","R","?","T","E","?","M","M","$","R","B",null],"character_chosen":"DEFECT","items_purchased":["Hologram","Prayer Wheel","Coolheaded","Conserve Battery","Mayhem","Defragment+1","Cold Snap"],"campfire_rested":6,"item_purchase_floors":[3,19,19,19,37,48,48],"current_hp_per_floor":[75,75,75,75,68,52,40,31,31,55,55,55,48,47,71,55,82,74,74,54,54,49,28,22,22,22,16,40,26,50,49,73,53,82,80,59,59,59,59,59,59,59,59,22,22,22,21,21,45,39],"gold":10,"neow_bonus":"TEN_PERCENT_HP_BONUS","is_prod":false,"is_daily":false,"chose_seed":false,"campfire_upgraded":2,"win_rate":0.0,"timestamp":1549948323,"path_taken":["M","?","$","M","M","E","?","M","T","R","M","M","E","M","R","BOSS","M","$","M","?","M","E","M","?","T","M","R","E","R","M","R","BOSS","M","M","$","M","?","R","R","?","T","E","?","M","M","$","R","BOSS"],"build_version":"2019-01-23","purchased_purges":1,"victory":true,"max_hp_per_floor":[82,82,82,82,82,82,82,82,82,82,82,82,82,82,82,82,82,82,82,82,82,82,82,82,82,82,82,82,82,82,82,82,82,82,82,82,82,82,82,82,82,82,82,82,82,82,82,82,82,82],"card_choices":[{"not_picked":["Gash","Rebound"],"picked":"Ball Lightning","floor":1},{"not_picked":["Fusion","Streamline"],"picked":"FTL","floor":4},{"not_picked":["Gash","Chaos"],"picked":"Conserve Battery","floor":5},{"not_picked":["Turbo","Rebound"],"picked":"Ball Lightning","floor":6},{"not_picked":["Sweeping Beam","Stack"],"picked":"Conserve Battery","floor":7},{"not_picked":["Fusion","Steam"],"picked":"Go for the Eyes","floor":8},{"not_picked":["Scrape","Tempest"],"picked":"Reboot","floor":11},{"not_picked":["Doom and Gloom","BootSequence"],"picked":"Coolheaded","floor":12},{"not_picked":["Turbo","Doom and Gloom"],"picked":"Go for the Eyes","floor":13},{"not_picked":["Sweeping Beam","Gash"],"picked":"Chill","floor":14},{"not_picked":["Meteor Strike","Rainbow"],"picked":"All For One","floor":16},{"not_picked":["Rebound","Gash+1"],"picked":"Beam Cell","floor":18},{"not_picked":["Doom and Gloom","Capacitor"],"picked":"Compile Driver","floor":20},{"not_picked":["Turbo","Aggregate+1"],"picked":"Barrage+1","floor":20},{"not_picked":["Steam","Coolheaded"],"picked":"Machine Learning","floor":22},{"not_picked":["Leap","Skim"],"picked":"Defragment","floor":22},{"not_picked":["Barrage","Darkness"],"picked":"Chill","floor":23},{"not_picked":["Sunder","Gash"],"picked":"Lockon","floor":24},{"not_picked":["Barrage","Gash+1"],"picked":"Force Field","floor":24},{"not_picked":["Streamline","Hologram"],"picked":"Barrage","floor":27},{"not_picked":["Barrage","Darkness"],"picked":"All For One","floor":27},{"not_picked":["Double Energy","Self Repair"],"picked":"Skim","floor":29},{"not_picked":["Rebound","Lockon"],"picked":"Go for the Eyes+1","floor":31},{"not_picked":["Barrage","Redo","Rebound"],"picked":"SKIP","floor":31},{"not_picked":["Seek","Amplify"],"picked":"Electrodynamics","floor":33},{"not_picked":["Darkness+1","Sweeping Beam+1"],"picked":"Chill+1","floor":35},{"not_picked":["Scrape","Redo+1"],"picked":"Conserve Battery+1","floor":35},{"not_picked":["Turbo+1","Gash+1"],"picked":"Glacier+1","floor":36},{"not_picked":["Compile Driver","Fusion+1"],"picked":"Glacier","floor":36},{"not_picked":["Redo","Rebound+1","Hologram"],"picked":"SKIP","floor":38},{"not_picked":["Stack","Redo","Beam Cell"],"picked":"SKIP","floor":38},{"not_picked":["Aggregate","Steam+1"],"picked":"Double Energy+1","floor":44},{"not_picked":["Jack Of All Trades","Dramatic Entrance"],"picked":"Good Instincts","floor":45},{"not_picked":["Compile Driver","Beam Cell"],"picked":"Coolheaded+1","floor":46},{"not_picked":["Rainbow","Gash+1","Go for the Eyes"],"picked":"SKIP","floor":46},{"not_picked":["Heatsinks+1","Ball Lightning+1"],"picked":"Chill+1","floor":47},{"not_picked":["Consume","Ball Lightning+1"],"picked":"Capacitor+1","floor":47}],"player_experience":84393,"relics_obtained":[{"floor":6,"key":"Omamori"},{"floor":9,"key":"Bottled Lightning"},{"floor":13,"key":"WingedGreaves"},{"floor":23,"key":"Happy Flower"},{"floor":26,"key":"Ancient Tea Set"},{"floor":29,"key":"Kunai"},{"floor":43,"key":"Smiling Mask"},{"floor":44,"key":"Frozen Egg 2"}],"event_choices":[{"damage_healed":0,"gold_gain":0,"player_choice":"Got Potions","damage_taken":0,"max_hp_gain":0,"max_hp_loss":0,"event_name":"Lab","floor":2,"gold_loss":0},{"damage_healed":0,"gold_gain":0,"player_choice":"Ignored","damage_taken":0,"max_hp_gain":0,"max_hp_loss":0,"event_name":"Beggar","floor":21,"gold_loss":0},{"damage_healed":0,"gold_gain":0,"player_choice":"Simplicity","damage_taken":0,"max_hp_gain":0,"max_hp_loss":0,"event_name":"Back to Basics","floor":25,"gold_loss":0,"cards_upgraded":["Strike_B","Strike_B","Strike_B","Defend_B","Defend_B","Defend_B","Defend_B"]},{"cards_removed":["Go for the Eyes"],"damage_healed":0,"gold_gain":0,"player_choice":"Removed Attack","damage_taken":0,"max_hp_gain":0,"max_hp_loss":0,"event_name":"Falling","floor":39,"gold_loss":0},{"damage_healed":0,"gold_gain":0,"player_choice":"Paid","damage_taken":0,"relics_obtained":["Red Mask"],"max_hp_gain":0,"max_hp_loss":0,"event_name":"Tomb of Lord Red Mask","floor":42,"gold_loss":112},{"damage_healed":0,"gold_gain":0,"player_choice":"Memory 1","damage_taken":0,"max_hp_gain":0,"max_hp_loss":0,"event_name":"SensoryStone","floor":45,"gold_loss":0}],"is_beta":false,"boss_relics":[{"not_picked":["Runic Pyramid","Calling Bell"],"picked":"Inserter"},{"not_picked":["Runic Dome","White Beast Statue"],"picked":"Astrolabe"}],"items_purged_floors":[19],"is_endless":false,"potions_floor_spawned":[1,7,8,14,18,24,33,36,47],"ascension_level":0}