{"gold_per_floor":[116,41,116,20,20,20,47,47,47,60,72,90,121,135,135,234,264,280,299,331,348,362,362,562,13,82,82,33,33,49,76,76,76],"floor_reached":33,"playtime":1526,"items_purged":["Defend_R","Defend_R"],"score":385,"play_id":"de1474a3-fd20-4756-858b-6165db208bb3","local_time":"20180626210405","is_ascension_mode":true,"campfire_choices":[{"data":"Perfected Strike","floor":6,"key":"SMITH"},{"data":"1","floor":15,"key":"LIFT"},{"floor":23,"key":"REST"},{"floor":27,"key":"REST"},{"floor":32,"key":"REST"}],"neow_cost":"NONE","seed_source_timestamp":177004695482538,"circlet_count":0,"master_deck":["Strike_R","Strike_R","Strike_R","Strike_R","Strike_R","Defend_R","Defend_R","Bash","Perfected Strike+1","Perfected Strike","Armaments","Wild Strike","Battle Trance+1","Burning Pact","Perfected Strike","Immolate","Perfected Strike","Armaments","Offering","Shrug It Off","Pommel Strike"],"relics":["Burning Blood","NeowsBlessing","Champion Belt","Girya","Blue Candle","Kunai","Tiny House","Red Mask","Pen Nib","Orichalcum","Smiling Mask","Regal Pillow"],"potions_floor_usage":[13,13,18,20,22,22],"damage_taken":[{"damage":0,"enemies":"Jaw Worm","floor":1,"turns":1},{"damage":0,"enemies":"Lagavulin","floor":7,"turns":1},{"damage":0,"enemies":"2 Louse","floor":10,"turns":1},{"damage":0,"enemies":"Small Slimes","floor":11,"turns":2},{"damage":24,"enemies":"Exordium Thugs","floor":12,"turns":4},{"damage":3,"enemies":"Gremlin Nob","floor":13,"turns":3},{"damage":0,"enemies":"2 Fungi Beasts","floor":14,"turns":2},{"damage":13,"enemies":"Slime Boss","floor":16,"turns":9},{"damage":27,"enemies":"3 Byrds","floor":18,"turns":4},{"damage":6,"enemies":"Spheric Guardian","floor":19,"turns":3},{"damage":39,"floor":20,"turns":4},{"damage":29,"enemies":"Cultist and Chosen","floor":21,"turns":5},{"damage":7,"enemies":"3 Cultists","floor":22,"turns":4},{"damage":38,"enemies":"Chosen and Byrds","floor":30,"turns":8},{"damage":26,"enemies":"Slavers","floor":31,"turns":6},{"damage":73,"enemies":"Collector","floor":33,"turns":5}],"seed_played":"7100022011843279721","potions_obtained":[{"floor":1,"key":"PowerPotion"},{"floor":10,"key":"EssenceOfSteel"},{"floor":16,"key":"Energy Potion"},{"floor":17,"key":"Swift Potion"},{"floor":18,"key":"SteroidPotion"},{"floor":20,"key":"SpeedPotion"},{"floor":21,"key":"GamblersBrew"}],"is_trial":false,"path_per_floor":["M","$","?","$","?","R","E","T","T","M","M","M","E","M","R","B",null,"M","M","?","M","M","R","?","$","T","R","$","?","M","E","R"],"character_chosen":"IRONCLAD","items_purchased":["Perfected Strike","Armaments","Pen Nib","Offering","Orichalcum","Shrug It Off"],"campfire_rested":3,"item_purchase_floors":[4,4,25,25,25,28],"current_hp_per_floor":[80,80,69,69,69,69,75,75,75,80,80,62,65,71,71,64,85,64,64,31,8,7,32,32,32,32,57,57,85,53,33,73,0],"gold":76,"neow_bonus":"THREE_ENEMY_KILL","is_prod":false,"is_daily":false,"chose_seed":false,"campfire_upgraded":1,"win_rate":0,"timestamp":1530061445,"path_taken":["M","$","?","?","?","R","E","?","T","?","?","M","E","M","R","BOSS","M","M","?","M","?","R","?","$","T","R","$","?","?","E","R","BOSS"],"build_version":"2018-06-21v2","purchased_purges":2,"victory":false,"max_hp_per_floor":[80,80,80,80,80,80,80,80,80,80,80,80,80,80,80,80,85,85,85,85,85,85,85,85,85,85,85,85,85,85,85,85,85],"card_choices":[{"not_picked":["Intimidate","Dual Wield"],"picked":"Perfected Strike","floor":1},{"not_picked":["True Grit","Armaments"],"picked":"Wild Strike","floor":7},{"not_picked":["Clash","Heavy Blade"],"picked":"Battle Trance","floor":10},{"not_picked":["Blood for Blood","Warcry","Reckless Charge"],"picked":"SKIP","floor":11},{"not_picked":["Dropkick","Body Slam","Hemokinesis"],"picked":"SKIP","floor":12},{"not_picked":["Thunderclap","Rage"],"picked":"Burning Pact","floor":13},{"not_picked":["Disarm","Dropkick"],"picked":"Perfected Strike","floor":14},{"not_picked":["Impervious","Demon Form"],"picked":"Immolate","floor":16},{"not_picked":["Clothesline+1","Second Wind","Metallicize"],"picked":"SKIP","floor":18},{"not_picked":["Clothesline","Battle Trance"],"picked":"Perfected Strike","floor":19},{"not_picked":["Shockwave","Headbutt","Uppercut"],"picked":"SKIP","floor":21},{"not_picked":["Flex","Havoc"],"picked":"Armaments","floor":22},{"not_picked":["Sword Boomerang","Iron Wave+1"],"picked":"Pommel Strike","floor":30},{"not_picked":["Combust","Bloodletting","Thunderclap"],"picked":"SKIP","floor":31}],"player_experience":804436,"relics_obtained":[{"floor":7,"key":"Champion Belt"},{"floor":8,"key":"Girya"},{"floor":9,"key":"Blue Candle"},{"floor":13,"key":"Kunai"},{"floor":20,"key":"Red Mask"},{"floor":26,"key":"Smiling Mask"},{"floor":31,"key":"Regal Pillow"}],"event_choices":[{"event_name":"World of Goop","player_choice":"Gather Gold","floor":3,"damage_taken":0},{"event_name":"Liars Game","player_choice":"disagreed","floor":5,"damage_taken":0},{"event_name":"Masked Bandits","player_choice":"Fought over 299 gold","floor":20,"damage_taken":0},{"event_name":"The Joust","player_choice":"Bet on Owner","floor":24,"damage_taken":0},{"event_name":"The Library","player_choice":"Heal","floor":29,"damage_taken":0}],"boss_relics":[{"not_picked":["Snecko Eye","Ectoplasm"],"picked":"Tiny House"}],"items_purged_floors":[2,25],"is_endless":false,"potions_floor_spawned":[1,10,16,18,20,21],"killed_by":"Collector","ascension_level":4}