{"path_per_floor":["M","?","?","?","M","R","M","R","T","?","E","$","R","$","R"],"character_chosen":"IRONCLAD","items_purchased":["Infernal Blade","True Grit"],"gold_per_floor":[109,59,59,59,78,78,89,89,115,190,219,66,66,12,12,12],"floor_reached":16,"campfire_rested":0,"playtime":567,"item_purchase_floors":[12,14],"current_hp_per_floor":[72,72,72,77,77,77,76,76,76,65,64,64,64,64,64,0],"items_purged":["Strike_R"],"gold":12,"score":110,"play_id":"f9c6c7c9-365e-4c9e-af6a-dba0ecfe1a18","local_time":"20180611071155","is_prod":false,"is_daily":false,"chose_seed":false,"is_ascension_mode":true,"campfire_upgraded":4,"win_rate":0,"timestamp":1528715515,"campfire_choices":[{"data":"Clothesline","floor":6,"key":"SMITH"},{"data":"Whirlwind","floor":8,"key":"SMITH"},{"data":"Infernal Blade","floor":13,"key":"SMITH"},{"data":"Metallicize","floor":15,"key":"SMITH"}],"path_taken":["M","?","?","?","?","R","?","R","T","?","E","$","R","?","R","BOSS"],"build_version":"2018-06-07v3","seed_source_timestamp":389273785474667,"purchased_purges":1,"victory":false,"master_deck":["Strike_R","Strike_R","Strike_R","Defend_R","Defend_R","Bash","Clothesline+1","Disarm+1","Battle Trance+1","Pommel Strike","Whirlwind+1","Metallicize+1","Infernal Blade+1","True Grit"],"max_hp_per_floor":[72,72,72,77,77,77,77,77,77,77,87,87,87,87,87,87],"relics":["Burning Blood","War Paint","Pear"],"card_choices":[{"not_picked":["Clash","Dual Wield"],"picked":"Battle Trance","floor":1},{"not_picked":["Intimidate","Twin Strike"],"picked":"Pommel Strike","floor":5},{"not_picked":["Second Wind","Battle Trance"],"picked":"Whirlwind","floor":7},{"not_picked":["Uppercut","Combust"],"picked":"Metallicize","floor":11}],"player_experience":469930,"potions_floor_usage":[16,16],"damage_taken":[{"damage":0,"enemies":"Small Slimes","floor":1,"turns":3},{"damage":6,"enemies":"2 Louse","floor":5,"turns":3},{"damage":7,"enemies":"Jaw Worm","floor":7,"turns":3},{"damage":17,"enemies":"Gremlin Nob","floor":11,"turns":4},{"damage":73,"enemies":"Slime Boss","floor":16,"turns":8}],"relics_obtained":[{"floor":9,"key":"War Paint"},{"floor":11,"key":"Pear"}],"event_choices":[{"event_name":"The Cleric","player_choice":"Card Removal","floor":2,"damage_taken":0},{"event_name":"Shining Light","player_choice":"Ignored","floor":3,"damage_taken":0},{"event_name":"Big Fish","player_choice":"Donut","floor":4,"damage_taken":0},{"event_name":"World of Goop","player_choice":"Gather Gold","floor":10,"damage_taken":0}],"boss_relics":[],"items_purged_floors":[12],"potions_floor_spawned":[5,11],"seed_played":"5953254297852159899","killed_by":"Slime Boss","ascension_level":3,"potions_obtained":[{"floor":5,"key":"PowerPotion"},{"floor":11,"key":"SkillPotion"}],"is_trial":false}