{"gold_per_floor":[110,110,121,121,46,46,65,91,91,91,91,110,121,121,121,224,224,239,31,31,47,47],"floor_reached":22,"playtime":771,"items_purged":["Defend_B"],"score":212,"play_id":"c8faf7bf-ca4c-4ef4-8385-b311104d3612","local_time":"20190212215240","is_ascension_mode":true,"campfire_choices":[{"data":"Gash","floor":6,"key":"SMITH"},{"data":"Zap","floor":10,"key":"SMITH"},{"floor":15,"key":"REST"}],"neow_cost":"NONE","seed_source_timestamp":31527314711444,"circlet_count":0,"master_deck":["Strike_B","Strike_B+1","Defend_B","Defend_B+1","Defend_B","Zap+1","Dualcast","Gash+1","Rebound","Chill","Fission","Scrape"],"relics":["Cracked Core","NeowsBlessing","Ginger","WingedGreaves","Regal Pillow","Busted Crown","TheAbacus","Bronze Scales"],"potions_floor_usage":[8,16],"damage_taken":[{"damage":0,"enemies":"Small Slimes","floor":1,"turns":1},{"damage":0,"enemies":"2 Louse","floor":3,"turns":1},{"damage":0,"enemies":"Jaw Worm","floor":7,"turns":1},{"damage":30,"enemies":"Lagavulin","floor":8,"turns":5},{"damage":0,"enemies":"3 Louse","floor":12,"turns":4},{"damage":4,"enemies":"Blue Slaver","floor":13,"turns":4},{"damage":41,"enemies":"Hexaghost","floor":16,"turns":11},{"damage":47,"enemies":"Shell Parasite","floor":18,"turns":7},{"damage":10,"enemies":"Spheric Guardian","floor":21,"turns":5},{"damage":22,"enemies":"Centurion and Healer","floor":22,"turns":3}],"seed_played":"4664446719223496104","potions_obtained":[{"floor":1,"key":"Swift Potion"},{"floor":3,"key":"GamblersBrew"},{"floor":18,"key":"FearPotion"}],"is_trial":false,"path_per_floor":["M","?","M","?","$","R","M","E","T","R","T","M","M","?","R","B",null,"M","$","?","M","M"],"character_chosen":"DEFECT","items_purchased":["TheAbacus"],"campfire_rested":1,"item_purchase_floors":[19],"current_hp_per_floor":[75,68,68,68,68,68,68,38,38,38,38,38,34,19,56,15,75,28,28,28,18,0],"gold":47,"neow_bonus":"THREE_ENEMY_KILL","is_prod":false,"is_daily":false,"chose_seed":false,"campfire_upgraded":2,"win_rate":0,"timestamp":1550004760,"path_taken":["M","?","M","?","$","R","M","E","T","R","?","M","M","?","R","BOSS","M","$","?","M","M"],"build_version":"2019-01-23","purchased_purges":1,"victory":false,"max_hp_per_floor":[75,75,75,75,75,75,75,75,75,75,75,75,75,75,75,75,75,75,75,75,75,75],"card_choices":[{"not_picked":["Double Energy","Rebound"],"picked":"Gash","floor":1},{"not_picked":["Coolheaded","Redo"],"picked":"Rebound","floor":3},{"not_picked":["Heatsinks","Rip and Tear","Compile Driver"],"picked":"SKIP","floor":7},{"not_picked":["Blizzard","Multi-Cast"],"picked":"Chill","floor":8},{"not_picked":["Ball Lightning","Doom and Gloom","Conserve Battery"],"picked":"SKIP","floor":12},{"not_picked":["Consume","Storm","Auto Shields"],"picked":"SKIP","floor":13},{"not_picked":["Thunder Strike","Rainbow"],"picked":"Fission","floor":16},{"not_picked":["Leap"],"picked":"SKIP","floor":18},{"not_picked":[],"picked":"Scrape","floor":21}],"player_experience":77858,"relics_obtained":[{"floor":8,"key":"Ginger"},{"floor":9,"key":"WingedGreaves"},{"floor":11,"key":"Regal Pillow"}],"event_choices":[{"cards_removed":["Strike_B"],"damage_healed":0,"gold_gain":0,"player_choice":"Card Removal","damage_taken":7,"max_hp_gain":0,"max_hp_loss":0,"event_name":"Golden Wing","floor":2,"gold_loss":0},{"cards_removed":["Strike_B"],"damage_healed":0,"gold_gain":0,"player_choice":"Forget","damage_taken":0,"max_hp_gain":0,"max_hp_loss":0,"event_name":"Living Wall","floor":4,"gold_loss":0},{"damage_healed":0,"gold_gain":0,"player_choice":"Entered Light","damage_taken":15,"max_hp_gain":0,"max_hp_loss":0,"event_name":"Shining Light","floor":14,"gold_loss":0,"cards_upgraded":["Strike_B","Defend_B"]},{"damage_healed":0,"gold_gain":0,"player_choice":"Opened","damage_taken":0,"relics_obtained":["Bronze Scales"],"max_hp_gain":0,"max_hp_loss":0,"event_name":"The Mausoleum","floor":20,"gold_loss":0}],"is_beta":false,"boss_relics":[{"not_picked":["Snecko Eye","Coffee Dripper"],"picked":"Busted Crown"}],"items_purged_floors":[5],"is_endless":false,"potions_floor_spawned":[1,3,18],"killed_by":"Centurion and Healer","ascension_level":3}