{"gold_per_floor":[113,113,113,131,143,143,153,153,153,76,88,88,98,113,113,215,215,235,235,248,94,108,108,126,126,178,196,210,222,242,262,262,262],"floor_reached":33,"playtime":1968,"items_purged":[],"score":297,"play_id":"306e630b-b2e6-4679-a027-ee6f7b3b8c07","local_time":"20190124164012","is_ascension_mode":false,"campfire_choices":[{"data":"White Noise","floor":6,"key":"SMITH"},{"data":"Zap","floor":12,"key":"SMITH"},{"data":"Dualcast","floor":15,"key":"SMITH"},{"data":"Rainbow","floor":23,"key":"SMITH"},{"data":"Echo Form","floor":25,"key":"SMITH"},{"data":"Static Discharge","floor":32,"key":"SMITH"}],"neow_cost":"TEN_PERCENT_HP_LOSS","seed_source_timestamp":1120087884118350,"circlet_count":0,"master_deck":["Strike_B","Defend_B+1","Defend_B+1","Defend_B","Defend_B","Zap+1","Dualcast+1","Biased Cognition","White Noise+1","Conserve Battery","Ball Lightning","Coolheaded","Melter","Cold Snap","Conserve Battery","Rainbow+1","Darkness+1","Reinforced Body","Tempest","Coolheaded","Hologram","Echo Form+1","Coolheaded","Loop","Ball Lightning+1","Static Discharge+1"],"relics":["Cracked Core","Kunai","Inserter","Lantern","Omamori"],"potions_floor_usage":[16,16,16,22,33,33],"damage_taken":[{"damage":6,"enemies":"Jaw Worm","floor":1,"turns":3},{"damage":0,"enemies":"2 Louse","floor":4,"turns":3},{"damage":0,"enemies":"Small Slimes","floor":5,"turns":2},{"damage":2,"enemies":"Looter","floor":7,"turns":3},{"damage":4,"enemies":"Red Slaver","floor":11,"turns":3},{"damage":3,"enemies":"Blue Slaver","floor":13,"turns":2},{"damage":0,"enemies":"2 Fungi Beasts","floor":14,"turns":3},{"damage":0,"enemies":"Slime Boss","floor":16,"turns":8},{"damage":0,"enemies":"Shell Parasite","floor":18,"turns":5},{"damage":0,"enemies":"Spheric Guardian","floor":20,"turns":2},{"damage":5,"enemies":"Cultist and Chosen","floor":22,"turns":8},{"damage":0,"enemies":"Sentry and Sphere","floor":24,"turns":3},{"damage":0,"enemies":"Snake Plant","floor":27,"turns":5},{"damage":5,"enemies":"Shelled Parasite and Fungi","floor":28,"turns":6},{"damage":0,"enemies":"Centurion and Healer","floor":29,"turns":5},{"damage":14,"enemies":"Sentry and Sphere","floor":30,"turns":3},{"damage":8,"enemies":"Snecko","floor":31,"turns":5},{"damage":51,"enemies":"Collector","floor":33,"turns":6}],"seed_played":"-3533809276258878099","potions_obtained":[{"floor":4,"key":"Fire Potion"},{"floor":7,"key":"Fire Potion"},{"floor":13,"key":"PowerPotion"},{"floor":20,"key":"Energy Potion"},{"floor":24,"key":"PowerPotion"},{"floor":27,"key":"Weak Potion"},{"floor":31,"key":"LiquidBronze"}],"is_trial":false,"path_per_floor":["M","?","?","M","M","R","M","?","T","$","M","R","M","M","R","B",null,"M","?","M","$","M","R","M","R","T","M","M","M","M","M","R","B"],"character_chosen":"DEFECT","items_purchased":["Melter","Lantern"],"campfire_rested":0,"item_purchase_floors":[10,21],"current_hp_per_floor":[62,48,53,53,53,53,51,44,44,44,40,40,37,37,37,37,73,73,73,73,73,68,68,68,68,68,68,63,63,49,41,41,0],"gold":262,"neow_bonus":"THREE_RARE_CARDS","is_prod":false,"is_daily":false,"chose_seed":false,"campfire_upgraded":6,"win_rate":0,"timestamp":1548376812,"path_taken":["M","?","?","M","M","R","M","?","T","$","M","R","M","M","R","BOSS","M","?","M","$","M","R","M","R","T","M","M","M","M","M","R","BOSS"],"build_version":"2019-01-23","purchased_purges":0,"victory":false,"max_hp_per_floor":[68,68,73,73,73,73,73,73,73,73,73,73,73,73,73,73,73,73,73,73,73,73,73,73,73,73,73,73,73,73,73,73,73],"card_choices":[{"not_picked":["Meteor Strike","Rainbow"],"picked":"Biased Cognition","floor":0},{"not_picked":["Gash","Undo"],"picked":"White Noise","floor":1},{"not_picked":["Go for the Eyes","Coolheaded"],"picked":"Conserve Battery","floor":4},{"not_picked":["Heatsinks","Fusion"],"picked":"Ball Lightning","floor":5},{"not_picked":["Capacitor","Steam Power"],"picked":"Coolheaded","floor":7},{"not_picked":["Compile Driver","Barrage","Double Energy"],"picked":"SKIP","floor":11},{"not_picked":["Auto Shields","Compile Driver"],"picked":"Cold Snap","floor":13},{"not_picked":["Stack","Machine Learning"],"picked":"Conserve Battery","floor":14},{"not_picked":["Hyperbeam","Fission"],"picked":"Rainbow","floor":16},{"not_picked":["Compile Driver","Force Field"],"picked":"Darkness+1","floor":18},{"not_picked":["Chaos","Barrage"],"picked":"Coolheaded","floor":20},{"not_picked":["Capacitor","Steam"],"picked":"Hologram","floor":22},{"not_picked":["Turbo+1","Ball Lightning+1"],"picked":"Echo Form","floor":24},{"not_picked":["Sweeping Beam","Auto Shields+1","Compile Driver"],"picked":"SKIP","floor":27},{"not_picked":["Recycle","Rebound"],"picked":"Coolheaded","floor":28},{"not_picked":["Sweeping Beam","Gash"],"picked":"Loop","floor":29},{"not_picked":["Steam","Fission"],"picked":"Ball Lightning+1","floor":30},{"not_picked":["Redo","Barrage"],"picked":"Static Discharge","floor":31}],"player_experience":152627,"relics_obtained":[{"floor":9,"key":"Kunai"},{"floor":26,"key":"Omamori"}],"event_choices":[{"damage_healed":0,"gold_gain":0,"player_choice":"Entered Light","damage_taken":14,"max_hp_gain":0,"max_hp_loss":0,"event_name":"Shining Light","floor":2,"gold_loss":0,"cards_upgraded":["Defend_B","Defend_B"]},{"damage_healed":0,"gold_gain":0,"player_choice":"Donut","damage_taken":0,"max_hp_gain":5,"max_hp_loss":0,"event_name":"Big Fish","floor":3,"gold_loss":0},{"cards_removed":["Strike_B"],"damage_healed":0,"gold_gain":0,"player_choice":"Card Removal","damage_taken":7,"max_hp_gain":0,"max_hp_loss":0,"event_name":"Golden Wing","floor":8,"gold_loss":0},{"damage_healed":0,"gold_gain":0,"cards_transformed":["Strike_B","Strike_B"],"player_choice":"Became Test Subject","damage_taken":0,"max_hp_gain":0,"max_hp_loss":0,"event_name":"Drug Dealer","floor":19,"gold_loss":0,"cards_obtained":["Reinforced Body","Tempest"]}],"is_beta":false,"boss_relics":[{"not_picked":["Runic Pyramid","Fusion Hammer"],"picked":"Inserter"}],"items_purged_floors":[],"is_endless":false,"potions_floor_spawned":[4,7,13,20,24,27,31],"killed_by":"Collector","ascension_level":0}