{"gold_per_floor":[113,34,34,34,53,53,64,80,80,80,80,112,112,126,126,203,203,213,213,213,213],"floor_reached":21,"playtime":869,"items_purged":[],"score":443,"play_id":"9ae75bc0-b71f-4a5b-95f8-ddda68b75a50","local_time":"20190209163158","is_ascension_mode":true,"campfire_choices":[{"data":"A Thousand Cuts","floor":6.0,"key":"SMITH"},{"data":"Neutralize","floor":10.0,"key":"SMITH"},{"data":"Blade Dance","floor":15.0,"key":"SMITH"}],"neow_cost":"NONE","seed_source_timestamp":60512203493815,"circlet_count":0,"master_deck":["AscendersBane","Defend_G","Defend_G","Defend_G","Defend_G","Defend_G","Strike_G","Strike_G","Strike_G","Strike_G","Survivor","Neutralize+1","A Thousand Cuts+1","Caltrops","Blade Dance+1","Blur","Slice","Backflip","Venomology","Caltrops"],"special_seed":0,"relics":["Ring of the Snake","Singing Bowl","Ornamental Fan","Centennial Puzzle","Bottled Flame","Runic Pyramid"],"potions_floor_usage":[19,21],"damage_taken":[{"damage":1.0,"enemies":"Cultist","floor":1.0,"turns":5.0},{"damage":5.0,"enemies":"Jaw Worm","floor":5.0,"turns":4.0},{"damage":0.0,"enemies":"2 Louse","floor":7.0,"turns":2.0},{"damage":6.0,"enemies":"2 Fungi Beasts","floor":8.0,"turns":3.0},{"damage":27.0,"enemies":"3 Sentries","floor":12.0,"turns":7.0},{"damage":5.0,"enemies":"Red Slaver","floor":14.0,"turns":3.0},{"damage":0.0,"enemies":"Slime Boss","floor":16.0,"turns":9.0},{"damage":7.0,"enemies":"Spheric Guardian","floor":18.0,"turns":4.0},{"damage":44,"enemies":"Colosseum Slavers","floor":19,"turns":6},{"damage":11,"enemies":"Chosen","floor":21,"turns":5}],"seed_played":"-8907437649691047702","potions_obtained":[{"floor":1.0,"key":"Regen Potion"},{"floor":8.0,"key":"GhostInAJar"},{"floor":16.0,"key":"Energy Potion"}],"is_trial":false,"path_per_floor":["M","$","?","$","M","R","M","M","T","R","?","E","T","M","R","B",null,"M","?","?","M"],"character_chosen":"THE_SILENT","items_purchased":["Caltrops"],"campfire_rested":0,"item_purchase_floors":[2],"current_hp_per_floor":[58,58,40,40,35,35,37,31,31,31,36,24,24,19,19,19,60,53,9,9,0],"gold":213,"neow_bonus":"ONE_RANDOM_RARE_CARD","is_prod":false,"is_daily":false,"chose_seed":false,"campfire_upgraded":3,"win_rate":0,"timestamp":1549726318,"path_taken":["M","?","?","?","?","R","M","M","T","R","?","E","?","M","R","BOSS","M","?","?","M"],"build_version":"2019-01-23","purchased_purges":0,"victory":false,"max_hp_per_floor":[66,66,66,66,66,66,68,68,68,68,73,73,73,73,73,73,73,73,73,73,73],"card_choices":[{"not_picked":["All Out Attack","Underhanded Strike","Outmaneuver"],"picked":"SKIP","floor":1.0},{"not_picked":["Prepared","Outmaneuver"],"picked":"Blade Dance","floor":5.0},{"not_picked":["Acrobatics","Deadly Poison","Outmaneuver"],"picked":"Singing Bowl","floor":7.0},{"not_picked":["Catalyst","Eviscerate"],"picked":"Blur","floor":8.0},{"not_picked":["Prepared","Underhanded Strike"],"picked":"Slice","floor":12.0},{"not_picked":["Concentrate","Quick Slash"],"picked":"Backflip","floor":14.0},{"not_picked":["Phantasmal Killer","Wraith Form v2"],"picked":"Venomology","floor":16.0},{"not_picked":["PiercingWail","Underhanded Strike"],"picked":"Caltrops","floor":18.0}],"player_experience":1379882,"relics_obtained":[{"floor":9.0,"key":"Ornamental Fan"},{"floor":12.0,"key":"Centennial Puzzle"},{"floor":13.0,"key":"Bottled Flame"}],"event_choices":[{"damage_healed":0.0,"max_hp_gain":0.0,"max_hp_loss":0.0,"gold_gain":0.0,"event_name":"Scrap Ooze","player_choice":"Success","floor":3.0,"gold_loss":0.0,"damage_taken":18.0,"relics_obtained":["Singing Bowl"]},{"damage_healed":0.0,"max_hp_gain":5.0,"max_hp_loss":0.0,"gold_gain":0.0,"event_name":"Big Fish","player_choice":"Donut","floor":11.0,"gold_loss":0.0,"damage_taken":0.0},{"damage_healed":0,"gold_gain":0,"player_choice":"Fight","damage_taken":0,"max_hp_gain":0,"max_hp_loss":0,"event_name":"Colosseum","floor":19,"gold_loss":0},{"damage_healed":0,"gold_gain":0,"player_choice":"Fled From Nobs","damage_taken":0,"max_hp_gain":0,"max_hp_loss":0,"event_name":"Colosseum","floor":19,"gold_loss":0},{"cards_removed":["Strike_G"],"damage_healed":0,"gold_gain":0,"player_choice":"Card Removal","damage_taken":0,"max_hp_gain":0,"max_hp_loss":0,"event_name":"Wheel of Change","floor":20,"gold_loss":0}],"is_beta":false,"boss_relics":[{"not_picked":["Ectoplasm","Eternal Feather"],"picked":"Runic Pyramid"}],"items_purged_floors":[],"is_endless":false,"potions_floor_spawned":[1,8,16],"killed_by":"Chosen","ascension_level":19}