{"path_per_floor":["M","M","?","M","M","E","R","M","T","M","M","$","?","E","R"],"character_chosen":"IRONCLAD","items_purchased":["Fire Breathing","Carnage","Warcry","Clothesline"],"gold_per_floor":[113,124,124,143,161,189,189,205,232,243,257,29,204,233,233,233],"floor_reached":16,"campfire_rested":1,"playtime":3743,"current_hp_per_floor":[68,66,66,65,68,59,59,48,48,53,50,50,50,43,67,0],"items_purged":[],"gold":233,"score":164,"play_id":"4b46f8c7-c87d-42cd-a548-2c9152c96eaa","local_time":"20180521205423","is_prod":false,"is_daily":false,"chose_seed":false,"is_ascension_mode":false,"campfire_upgraded":1,"timestamp":1526950463,"campfire_choices":[{"data":"Anger","floor":7,"key":"SMITH"},{"floor":15,"key":"REST"}],"path_taken":["M","M","?","M","M","E","R","?","T","M","M","$","?","E","R","BOSS"],"build_version":"2018-05-17","seed_source_timestamp":59626854610000,"purchased_purges":0,"victory":false,"master_deck":["Strike_R","Strike_R","Strike_R","Strike_R","Strike_R","Defend_R","Defend_R","Defend_R","Defend_R","Bash","Brutality+1","Metallicize","Anger+1","Pommel Strike","Perfected Strike","Impervious","Headbutt","Carnage","Wild Strike","Fire Breathing","Carnage","Warcry","Clothesline","Doubt","Rage"],"max_hp_per_floor":[80,80,80,80,80,80,80,80,80,80,80,80,80,80,80,80],"relics":["Burning Blood","Bag of Marbles","Vajra","Pen Nib"],"card_choices":[{"not_picked":["Armaments","Clash"],"picked":"Metallicize","floor":1},{"not_picked":["Seeing Red","Power Through"],"picked":"Anger","floor":2},{"not_picked":["Body Slam","Sword Boomerang"],"picked":"Pommel Strike","floor":4},{"not_picked":["Pommel Strike","Wild Strike"],"picked":"Perfected Strike","floor":5},{"not_picked":["Headbutt","Pummel"],"picked":"Impervious","floor":6},{"not_picked":["Disarm","Entrench"],"picked":"Headbutt","floor":8},{"not_picked":["Heavy Blade","True Grit"],"picked":"Carnage","floor":10},{"not_picked":["Seeing Red","Pummel"],"picked":"Wild Strike","floor":11},{"not_picked":["Uppercut","Spot Weakness"],"picked":"Rage","floor":14}],"player_experience":44743,"potions_floor_usage":[6,6,16,16],"damage_taken":[{"damage":18,"enemies":"2 Louse","floor":1,"turns":3},{"damage":8,"enemies":"Small Slimes","floor":2,"turns":4},{"damage":7,"enemies":"Cultist","floor":4,"turns":4},{"damage":3,"enemies":"Large Slime","floor":5,"turns":4},{"damage":15,"enemies":"3 Sentries","floor":6,"turns":5},{"damage":17,"enemies":"2 Fungi Beasts","floor":8,"turns":3},{"damage":1,"enemies":"3 Louse","floor":10,"turns":2},{"damage":9,"enemies":"Looter","floor":11,"turns":3},{"damage":13,"enemies":"Gremlin Nob","floor":14,"turns":3}],"relics_obtained":[{"floor":6,"key":"Bag of Marbles"},{"floor":9,"key":"Vajra"},{"floor":14,"key":"Pen Nib"}],"event_choices":[{"event_name":"Living Wall","player_choice":"Grow","floor":3,"damage_taken":0},{"event_name":"Liars Game","player_choice":"agreed","floor":13,"damage_taken":0}],"boss_relics":[],"potions_floor_spawned":[4,5,6,10],"seed_played":"5610274531279556059","killed_by":"The Guardian","ascension_level":0,"potions_obtained":[{"floor":4,"key":"Strength Potion"},{"floor":5,"key":"Fire Potion"},{"floor":6,"key":"SkillPotion"},{"floor":10,"key":"GamblersBrew"}],"is_trial":false}