{"gold_per_floor":[111,111,111,111,131,131,159,159,183,200,200],"floor_reached":11,"playtime":495,"items_purged":[],"score":131,"play_id":"6d19f960-d266-401e-957a-d3c0299bf1f1","local_time":"20190214225458","is_ascension_mode":true,"campfire_choices":[{"data":"Armaments","floor":6,"key":"SMITH"},{"data":"Clothesline","floor":8,"key":"SMITH"}],"neow_cost":"NONE","seed_source_timestamp":130397157850579,"circlet_count":0,"master_deck":["AscendersBane","Strike_R","Strike_R","Strike_R+1","Strike_R+1","Strike_R","Defend_R","Defend_R","Defend_R","Defend_R","Bash","Armaments+1","Pain","Clothesline+1","Searing Blow","Rupture"],"relics":["Burning Blood","WarpedTongs","Paper Frog","Whetstone"],"potions_floor_usage":[],"damage_taken":[{"damage":14,"enemies":"Small Slimes","floor":1,"turns":5},{"damage":9,"enemies":"Jaw Worm","floor":5,"turns":4},{"damage":59,"enemies":"Lagavulin","floor":7,"turns":7},{"damage":2,"enemies":"Cultist","floor":10,"turns":3},{"damage":23,"enemies":"Exordium Wildlife","floor":11,"turns":4}],"seed_played":"-857722157638648187","potions_obtained":[{"floor":7,"key":"SpeedPotion"}],"is_trial":false,"path_per_floor":["M","?","?","?","M","R","E","R","T","M","M"],"character_chosen":"IRONCLAD","items_purchased":[],"campfire_rested":0,"item_purchase_floors":[],"current_hp_per_floor":[67,67,72,72,69,69,16,16,16,20,0],"gold":200,"neow_bonus":"TEN_PERCENT_HP_BONUS","is_prod":false,"is_daily":false,"chose_seed":false,"campfire_upgraded":2,"win_rate":0,"timestamp":1550181298,"path_taken":["M","?","?","?","?","R","E","R","T","M","M"],"build_version":"2019-02-06","purchased_purges":0,"victory":false,"max_hp_per_floor":[82,82,87,87,87,87,87,87,87,87,87],"card_choices":[{"not_picked":["Anger","Second Wind"],"picked":"Armaments","floor":1},{"not_picked":["Thunderclap","Hemokinesis"],"picked":"Clothesline","floor":5},{"not_picked":["Fiend Fire","Bloodletting"],"picked":"Searing Blow","floor":7},{"not_picked":["Fire Breathing","Perfected Strike"],"picked":"Rupture","floor":10}],"player_experience":457270,"relics_obtained":[{"floor":7,"key":"Paper Frog"},{"floor":9,"key":"Whetstone"}],"event_choices":[{"damage_healed":0,"gold_gain":0,"player_choice":"Ignored","damage_taken":0,"max_hp_gain":0,"max_hp_loss":0,"event_name":"Golden Idol","floor":2,"gold_loss":0},{"damage_healed":0,"gold_gain":0,"player_choice":"Donut","damage_taken":0,"max_hp_gain":5,"max_hp_loss":0,"event_name":"Big Fish","floor":3,"gold_loss":0},{"damage_healed":0,"gold_gain":0,"player_choice":"Rummage","damage_taken":0,"relics_obtained":["WarpedTongs"],"max_hp_gain":0,"max_hp_loss":0,"event_name":"Accursed Blacksmith","floor":4,"gold_loss":0,"cards_obtained":["Pain"]}],"is_beta":true,"boss_relics":[],"items_purged_floors":[],"is_endless":false,"potions_floor_spawned":[7],"killed_by":"Exordium Wildlife","ascension_level":17}