{"path_per_floor":["M","?","M","$","M","R","M","M","T","M","M","R","M","M","R","B",null,"M","M","M","$","?","R"],"character_chosen":"THE_SILENT","items_purchased":["Dramatic Entrance","Sucker Punch","Glass Knife","Cloak And Dagger"],"gold_per_floor":[114,114,134,9,20,20,32,49,49,62,72,72,85,105,105,200,200,217,234,244,50,50,50,50],"floor_reached":24,"campfire_rested":4,"playtime":6182,"item_purchase_floors":[],"current_hp_per_floor":[34,34,34,34,34,55,29,21,21,21,21,42,39,39,60,58,70,50,30,29,29,52,70,0],"items_purged":["Strike_G"],"gold":50,"score":194,"play_id":"2fe8e998-7d73-4ca5-92d3-5d2388af3f01","local_time":"20180526220032","is_prod":false,"is_daily":false,"chose_seed":false,"is_ascension_mode":false,"campfire_upgraded":0,"win_rate":0.0,"timestamp":1527386432,"campfire_choices":[{"floor":6.0,"key":"REST"},{"floor":12,"key":"REST"},{"floor":15,"key":"REST"},{"floor":23,"key":"REST"}],"path_taken":["M","?","M","?","M","R","M","M","T","M","M","R","M","M","R","BOSS","M","M","M","$","?","R","E"],"build_version":"2018-05-24","seed_source_timestamp":0,"purchased_purges":1,"victory":false,"master_deck":["Defend_G","Defend_G","Defend_G","Defend_G","Defend_G","Strike_G","Strike_G","Strike_G","Strike_G","Survivor","Neutralize","Envenom","Backflip","Infinite Blades","Dramatic Entrance","Sucker Punch","Infinite Blades","Backflip","Backflip","Deflect","Choke","Leg Sweep","Malaise","Storm of Steel","Outmaneuver","Cloak And Dagger+1","Quick Slash+1","Glass Knife","Cloak And Dagger"],"max_hp_per_floor":[70,70,70,70,70,70,70,70,70,70,70,70,70,70,70,70,70,70,70,70,70,70,70,70],"relics":["Ring of the Snake","Thread and Needle","Black Star"],"card_choices":[{"not_picked":["Wraith Form v2","Grand Finale"],"picked":"Envenom","floor":0.0},{"not_picked":["Deadly Poison","Underhanded Strike"],"picked":"Backflip","floor":1.0},{"not_picked":["Eviscerate","Escape Plan"],"picked":"Infinite Blades","floor":3.0},{"not_picked":["Reflex","Bane"],"picked":"Infinite Blades","floor":5.0},{"not_picked":["Expertise","Setup"],"picked":"Backflip","floor":7.0},{"not_picked":["Blade Dance","Outmaneuver"],"picked":"Backflip","floor":8.0},{"not_picked":["Heel Hook","Catalyst"],"picked":"Deflect","floor":10.0},{"not_picked":["Cloak And Dagger","Footwork"],"picked":"Choke","floor":11.0},{"not_picked":["Terror","Heel Hook"],"picked":"Leg Sweep","floor":13},{"not_picked":["Eviscerate","Underhanded Strike"],"picked":"Malaise","floor":14},{"not_picked":["Phantasmal Killer","Doppelganger"],"picked":"Storm of Steel","floor":16},{"not_picked":["Acrobatics+1","Deadly Poison"],"picked":"Outmaneuver","floor":18},{"not_picked":["Concentrate","Bane+1"],"picked":"Cloak And Dagger+1","floor":19},{"not_picked":["Deadly Poison","Masterful Stab+1"],"picked":"Quick Slash+1","floor":20}],"player_experience":160617,"potions_floor_usage":[16,16],"damage_taken":[{"damage":1.0,"enemies":"Jaw Worm","floor":1.0,"turns":7.0},{"damage":0.0,"enemies":"Cultist","floor":3.0,"turns":5.0},{"damage":0.0,"enemies":"2 Louse","floor":5.0,"turns":2.0},{"damage":26.0,"enemies":"Exordium Thugs","floor":7.0,"turns":4.0},{"damage":8.0,"enemies":"Red Slaver","floor":8.0,"turns":5.0},{"damage":0.0,"enemies":"3 Louse","floor":10.0,"turns":4.0},{"damage":0.0,"enemies":"Exordium Wildlife","floor":11.0,"turns":4.0},{"damage":3,"enemies":"2 Fungi Beasts","floor":13,"turns":4},{"damage":0,"enemies":"Blue Slaver","floor":14,"turns":6},{"damage":2,"enemies":"Slime Boss","floor":16,"turns":13},{"damage":20,"enemies":"3 Byrds","floor":18,"turns":8},{"damage":20,"enemies":"Chosen","floor":19,"turns":6},{"damage":1,"enemies":"Centurion and Healer","floor":20,"turns":11},{"damage":74,"enemies":"Gremlin Leader","floor":24,"turns":7}],"relics_obtained":[{"floor":9.0,"key":"Thread and Needle"}],"event_choices":[{"event_name":"The Woman in Blue","player_choice":"Bought 0 Potions","floor":2.0,"damage_taken":0.0},{"event_name":"The Library","player_choice":"Heal","floor":22,"damage_taken":0}],"boss_relics":[{"not_picked":["Philosopher\u0027s Stone","Pandora\u0027s Box"],"picked":"Black Star"}],"items_purged_floors":[21],"potions_floor_spawned":[1,5,10,11],"seed_played":"-4580794983296551555","killed_by":"Gremlin Leader","ascension_level":0,"potions_obtained":[{"floor":1.0,"key":"Block Potion"},{"floor":5.0,"key":"LiquidBronze"},{"floor":10.0,"key":"Block Potion"},{"floor":11.0,"key":"LiquidBronze"}],"is_trial":false}