{"gold_per_floor":[115,130,130,130,55,55,70,84,152,152,170,183,201,213,213,309,309,322,322,340,340,197,197,20,53,53,53,68,68,68,88,88,88],"floor_reached":33,"playtime":1775,"items_purged":["Defend_B","Strike_B"],"score":337,"play_id":"cb8e3fac-3938-477b-aac3-b04da0fa59b9","local_time":"20180625174018","is_ascension_mode":true,"campfire_choices":[{"floor":6,"key":"REST"},{"floor":10,"key":"REST"},{"floor":15,"key":"REST"},{"floor":23,"key":"REST"},{"floor":27,"key":"REST"},{"floor":30,"key":"REST"},{"floor":32,"key":"REST"}],"neow_cost":"NONE","seed_source_timestamp":78142973825627,"circlet_count":0,"master_deck":["Strike_B","Strike_B","Defend_B","Defend_B","Defend_B","Zap","Dualcast","All For One","Barrage","Streamline","Gash","Hologram","Rebound","Coolheaded","Gash","Chill","Buffer","Cold Snap+1","Beam Cell+1","Static Discharge","Streamline","BootSequence","Reboot"],"relics":["Cracked Core","Darkstone Periapt","Runic Pyramid","Boot","Orichalcum","Pantograph"],"potions_floor_usage":[14,16],"damage_taken":[{"damage":6,"enemies":"Cultist","floor":1,"turns":3},{"damage":13,"enemies":"2 Louse","floor":2,"turns":2},{"damage":5,"enemies":"Small Slimes","floor":7,"turns":3},{"damage":20,"enemies":"Gremlin Gang","floor":8,"turns":5},{"damage":29,"enemies":"Lots of Slimes","floor":11,"turns":4},{"damage":13,"enemies":"Blue Slaver","floor":12,"turns":2},{"damage":17,"enemies":"Looter","floor":13,"turns":3},{"damage":7,"enemies":"2 Fungi Beasts","floor":14,"turns":3},{"damage":13,"enemies":"Hexaghost","floor":16,"turns":9},{"damage":0,"enemies":"Spheric Guardian","floor":18,"turns":3},{"damage":0,"enemies":"Chosen","floor":20,"turns":5},{"damage":55,"enemies":"Book of Stabbing","floor":25,"turns":5},{"damage":18,"enemies":"Centurion and Healer","floor":28,"turns":6},{"damage":34,"enemies":"Cultist and Chosen","floor":31,"turns":6},{"damage":62,"enemies":"Champ","floor":33,"turns":9}],"seed_played":"-4461924445500929022","potions_obtained":[{"floor":13,"key":"Block Potion"},{"floor":14,"key":"FocusPotion"},{"floor":16,"key":"SteroidPotion"}],"is_trial":false,"path_per_floor":["M","M","?","?","$","R","M","M","T","R","M","M","M","M","R","B",null,"M","?","M","?","$","R","$","E","T","R","M","?","R","M","R"],"character_chosen":"DEFECT","items_purchased":["Boot","Static Discharge"],"campfire_rested":7,"item_purchase_floors":[22,24],"current_hp_per_floor":[62,49,49,49,49,71,66,46,46,68,39,26,9,2,24,11,59,59,59,59,52,52,74,74,19,19,41,23,23,45,11,33,0],"gold":88,"neow_bonus":"ONE_RANDOM_RARE_CARD","is_prod":false,"is_daily":false,"chose_seed":false,"campfire_upgraded":0,"win_rate":0,"timestamp":1529962818,"path_taken":["M","M","?","?","$","R","M","M","T","R","?","M","?","?","R","BOSS","M","?","M","?","$","R","$","E","T","R","M","?","R","?","R","BOSS"],"build_version":"2018-06-21v2","purchased_purges":2,"victory":false,"max_hp_per_floor":[75,75,75,75,75,75,75,75,75,75,75,75,75,75,75,75,75,75,75,75,75,75,75,75,75,75,75,75,75,75,75,75,75],"card_choices":[{"not_picked":["Compile Driver","Redo"],"picked":"Barrage","floor":1},{"not_picked":["Sweeping Beam","Coolheaded"],"picked":"Streamline","floor":2},{"not_picked":["Recycle","Leap"],"picked":"Gash","floor":7},{"not_picked":["Leap","Fusion"],"picked":"Hologram","floor":8},{"not_picked":["Turbo","Melter"],"picked":"Rebound","floor":11},{"not_picked":["Tempest","Beam Cell"],"picked":"Coolheaded","floor":12},{"not_picked":["Turbo","Compile Driver"],"picked":"Gash","floor":13},{"not_picked":["Reprogram","Steam"],"picked":"Chill","floor":14},{"not_picked":["Seek","Amplify"],"picked":"Buffer","floor":16},{"not_picked":["Streamline","Sweeping Beam+1"],"picked":"Cold Snap+1","floor":18},{"not_picked":["Compile Driver","Chill"],"picked":"Beam Cell+1","floor":20},{"not_picked":["Fusion","Cold Snap+1"],"picked":"Streamline","floor":25},{"not_picked":["Steam","Auto Shields+1"],"picked":"BootSequence","floor":28},{"not_picked":["Consume","Rip and Tear"],"picked":"Reboot","floor":31}],"player_experience":759801,"relics_obtained":[{"floor":9,"key":"Darkstone Periapt"},{"floor":25,"key":"Orichalcum"},{"floor":26,"key":"Pantograph"}],"event_choices":[{"event_name":"Wheel of Change","player_choice":"Card Removal","floor":3,"damage_taken":0},{"event_name":"Liars Game","player_choice":"disagreed","floor":4,"damage_taken":0},{"event_name":"Vampires","player_choice":"Ignored","floor":19,"damage_taken":0},{"event_name":"Wheel of Change","player_choice":"Damage","floor":21,"damage_taken":0},{"event_name":"The Woman in Blue","player_choice":"Bought 0 Potions","floor":29,"damage_taken":0}],"boss_relics":[{"not_picked":["Pandora\u0027s Box","Black Star"],"picked":"Runic Pyramid"}],"items_purged_floors":[5,24],"is_endless":false,"potions_floor_spawned":[13,14,16],"killed_by":"Champ","ascension_level":6}