{"gold_per_floor":[112,127,138,156,169,169,204,224,224,234,234,247,247,247,247,345,345,358,358,215,232,243,276,276,276],"floor_reached":25,"playtime":1848,"items_purged":["Strike_R"],"score":259,"play_id":"0bf0c005-ada7-4e05-8a61-6c53c9627603","local_time":"20190209151532","is_ascension_mode":true,"campfire_choices":[{"data":"Armaments","floor":6,"key":"SMITH"},{"floor":13,"key":"REST"},{"floor":15,"key":"RECALL"},{"floor":24,"key":"REST"}],"neow_cost":"TEN_PERCENT_HP_LOSS","seed_source_timestamp":2729494333252158,"circlet_count":0,"master_deck":["Strike_R","Strike_R","Strike_R","Strike_R","Defend_R","Defend_R","Defend_R","Defend_R","Bash","Iron Wave","Inflame","True Grit","Armaments+1","Battle Trance","Anger","Whirlwind"],"relics":["Burning Blood","Bird Faced Urn","Oddly Smooth Stone","Odd Mushroom","Shuriken","Mercury Hourglass","Velvet Choker","Sundial","Question Card"],"potions_floor_usage":[5,16,23,25],"damage_taken":[{"damage":6,"enemies":"Cultist","floor":1,"turns":4},{"damage":0,"enemies":"2 Louse","floor":2,"turns":3},{"damage":1,"enemies":"Small Slimes","floor":3,"turns":4},{"damage":4,"enemies":"Exordium Wildlife","floor":4,"turns":4},{"damage":10,"enemies":"Gremlin Gang","floor":5,"turns":8},{"damage":27,"enemies":"Gremlin Nob","floor":7,"turns":4},{"damage":16,"enemies":"The Mushroom Lair","floor":8,"turns":5},{"damage":4,"enemies":"Exordium Thugs","floor":10,"turns":5},{"damage":0,"enemies":"Blue Slaver","floor":12,"turns":4},{"damage":17,"enemies":"The Guardian","floor":16,"turns":10},{"damage":6,"enemies":"Shell Parasite","floor":18,"turns":6},{"damage":6,"enemies":"3 Byrds","floor":21,"turns":4},{"damage":12,"enemies":"Sentry and Sphere","floor":22,"turns":4},{"damage":45,"enemies":"Slavers","floor":23,"turns":7},{"damage":64,"enemies":"Book of Stabbing","floor":25,"turns":7}],"seed_played":"-8252603116482931397","potions_obtained":[{"floor":1,"key":"Block Potion"},{"floor":7,"key":"Energy Potion"},{"floor":8,"key":"FearPotion"},{"floor":10,"key":"Block Potion"},{"floor":23,"key":"SkillPotion"}],"is_trial":false,"path_per_floor":["M","M","M","M","M","R","E","?","T","M","?","M","R","?","R","B",null,"M","?","$","M","M","E","R","E"],"character_chosen":"IRONCLAD","items_purchased":["Whirlwind"],"campfire_rested":2,"item_purchase_floors":[20],"current_hp_per_floor":[72,72,72,72,68,68,49,41,41,43,31,39,60,65,65,56,77,77,77,77,77,71,34,57,0],"gold":276,"neow_bonus":"ONE_RARE_RELIC","is_prod":false,"is_daily":false,"chose_seed":false,"campfire_upgraded":1,"win_rate":0,"timestamp":1549746932,"path_taken":["M","?","M","M","M","R","E","?","T","M","?","M","R","?","R","BOSS","M","?","$","?","M","E","R","E"],"build_version":"2019-02-06","purchased_purges":1,"victory":false,"max_hp_per_floor":[72,72,72,72,72,72,72,72,72,72,72,72,72,77,77,77,77,77,77,77,77,77,77,77,77],"card_choices":[{"not_picked":["Entrench","Dropkick"],"picked":"Iron Wave","floor":1},{"not_picked":["Twin Strike","Perfected Strike"],"picked":"Inflame","floor":2},{"not_picked":["Shrug It Off","Burning Pact"],"picked":"True Grit","floor":3},{"not_picked":["Seeing Red","True Grit","Thunderclap"],"picked":"SKIP","floor":4},{"not_picked":["Wild Strike","Sword Boomerang"],"picked":"Armaments","floor":5},{"not_picked":["Flex","Infernal Blade","Sword Boomerang"],"picked":"SKIP","floor":7},{"not_picked":["Dark Embrace","Havoc"],"picked":"Battle Trance","floor":10},{"not_picked":["Second Wind","Clothesline"],"picked":"Anger","floor":12},{"not_picked":["Clothesline","Pummel","Spot Weakness+1"],"picked":"SKIP","floor":18},{"not_picked":["Armaments","Dropkick","Flex"],"picked":"SKIP","floor":21},{"not_picked":["Warcry","Inflame","Heavy Blade"],"picked":"SKIP","floor":22},{"not_picked":["Sever Soul","Burning Pact","Berserk"],"picked":"SKIP","floor":23}],"player_experience":75689,"relics_obtained":[{"floor":7,"key":"Oddly Smooth Stone"},{"floor":8,"key":"Odd Mushroom"},{"floor":9,"key":"Shuriken"},{"floor":23,"key":"Question Card"}],"event_choices":[{"damage_healed":0,"gold_gain":0,"player_choice":"Fought Mushrooms","damage_taken":0,"max_hp_gain":0,"max_hp_loss":0,"event_name":"Mushrooms","floor":8,"gold_loss":0},{"damage_healed":0,"gold_gain":0,"player_choice":"Success","damage_taken":12,"relics_obtained":["Mercury Hourglass"],"max_hp_gain":0,"max_hp_loss":0,"event_name":"Scrap Ooze","floor":11,"gold_loss":0},{"damage_healed":0,"gold_gain":0,"player_choice":"Donut","damage_taken":0,"max_hp_gain":5,"max_hp_loss":0,"event_name":"Big Fish","floor":14,"gold_loss":0},{"damage_healed":0,"gold_gain":0,"player_choice":"Gave Potion","damage_taken":0,"relics_obtained":["Sundial"],"max_hp_gain":0,"max_hp_loss":0,"event_name":"WeMeetAgain","floor":19,"gold_loss":0}],"is_beta":true,"boss_relics":[{"not_picked":["Ectoplasm","Cursed Key"],"picked":"Velvet Choker"}],"items_purged_floors":[20],"is_endless":false,"potions_floor_spawned":[1,7,8,10,23],"killed_by":"Book of Stabbing","ascension_level":3}