{"gold_per_floor":[119,72,84,84,49,49,80,80,80,93,120,120,131,131,131,260,323,263,41,62,62,62,62,105,105,105,105,105,120,69,93,93,93],"floor_reached":33,"playtime":671,"items_purged":["Bash"],"score":382,"play_id":"1c8df156-b100-4fe9-930f-71e635b18a8a","local_time":"20190117191244","is_ascension_mode":true,"campfire_choices":[{"data":"Perfected Strike","floor":6,"key":"SMITH"},{"data":"Demon Form","floor":12,"key":"SMITH"},{"floor":15,"key":"REST"},{"floor":23,"key":"REST"},{"data":"Shrug It Off","floor":25,"key":"SMITH"},{"data":"Double Tap","floor":27,"key":"SMITH"},{"data":"Defend_R","floor":32,"key":"SMITH"}],"neow_cost":"NONE","seed_source_timestamp":755118449372251,"circlet_count":0,"master_deck":["Strike_R","Strike_R","Strike_R","Strike_R","Strike_R","Defend_R","Defend_R","Defend_R+1","Defend_R+1","Flex","Perfected Strike+1","Wild Strike","Shrug It Off+1","Pummel","Demon Form+1","Intimidate","Double Tap+1","Carnage","Pummel","Ghostly Armor+1","Necronomicurse","Uppercut+1"],"relics":["Burning Blood","NeowsBlessing","Paper Frog","Happy Flower","Lantern","Bottled Flame","Golden Idol","Tiny House","Bag of Marbles","Necronomicon","Boot","Singing Bowl","Champion Belt"],"potions_floor_usage":[11,16,18,18,24,33],"damage_taken":[{"damage":0,"enemies":"Cultist","floor":1,"turns":1},{"damage":0,"enemies":"Jaw Worm","floor":3,"turns":1},{"damage":0,"enemies":"3 Sentries","floor":7,"turns":1},{"damage":0,"enemies":"Small Slimes","floor":10,"turns":2},{"damage":25,"enemies":"Lagavulin","floor":11,"turns":5},{"damage":0,"enemies":"3 Louse","floor":13,"turns":3},{"damage":56,"enemies":"Hexaghost","floor":16,"turns":9},{"damage":0,"enemies":"2 Thieves","floor":18,"turns":4},{"damage":7,"enemies":"Shell Parasite","floor":20,"turns":2},{"damage":5,"enemies":"Gremlin Leader","floor":24,"turns":2},{"damage":6,"enemies":"Centurion and Healer","floor":29,"turns":2},{"damage":0,"enemies":"Snake Plant","floor":31,"turns":1},{"damage":92,"enemies":"Champ","floor":33,"turns":7}],"seed_played":"5612919366246896246","potions_obtained":[{"floor":7,"key":"BloodPotion"},{"floor":11,"key":"SpeedPotion"},{"floor":16,"key":"Block Potion"},{"floor":17,"key":"Dexterity Potion"},{"floor":20,"key":"Swift Potion"}],"is_trial":false,"path_per_floor":["M","$","M","?","?","R","E","?","T","M","E","R","M","?","R","B",null,"M","$","M","?","?","R","E","R","T","R","?","M","$","M","R","B"],"character_chosen":"IRONCLAD","items_purchased":["Perfected Strike","Bag of Marbles","Swift Potion"],"campfire_rested":2,"item_purchase_floors":[2,19,30],"current_hp_per_floor":[78,78,80,62,80,80,80,80,80,80,69,69,75,55,79,29,72,78,78,77,77,61,85,85,85,85,85,85,87,87,89,89,0],"gold":93,"neow_bonus":"THREE_ENEMY_KILL","is_prod":false,"is_daily":false,"chose_seed":false,"campfire_upgraded":5,"win_rate":0,"timestamp":1547773964,"path_taken":["M","$","?","?","?","R","E","?","T","?","E","R","M","?","R","BOSS","M","$","M","?","?","R","E","R","T","R","?","M","$","M","R","BOSS"],"build_version":"2019-01-16","purchased_purges":1,"victory":false,"max_hp_per_floor":[80,80,80,80,80,80,80,80,80,80,80,80,80,80,80,80,85,85,85,85,85,85,85,85,85,85,85,85,87,87,89,89,89],"card_choices":[{"not_picked":["True Grit","Clash"],"picked":"Flex","floor":1},{"not_picked":["Perfected Strike","Bloodletting"],"picked":"Wild Strike","floor":3},{"not_picked":["Dark Embrace","Thunderclap"],"picked":"Shrug It Off","floor":7},{"not_picked":["Headbutt","Body Slam"],"picked":"Pummel","floor":10},{"not_picked":["Bloodletting","Thunderclap"],"picked":"Demon Form","floor":11},{"not_picked":["Clash","Heavy Blade"],"picked":"Intimidate","floor":13},{"not_picked":["Brutality","Offering"],"picked":"Double Tap","floor":16},{"not_picked":["Havoc","Sword Boomerang"],"picked":"Carnage","floor":17},{"not_picked":["Searing Blow","Sentinel+1"],"picked":"Pummel","floor":18},{"not_picked":["Clothesline","Anger"],"picked":"Ghostly Armor+1","floor":20},{"not_picked":["Brutality","Anger"],"picked":"Uppercut+1","floor":24},{"not_picked":["Perfected Strike","Iron Wave","Pommel Strike"],"picked":"Singing Bowl","floor":29},{"not_picked":["Intimidate","Clothesline","Burning Pact"],"picked":"Singing Bowl","floor":31}],"player_experience":607052,"relics_obtained":[{"floor":7,"key":"Happy Flower"},{"floor":9,"key":"Lantern"},{"floor":11,"key":"Bottled Flame"},{"floor":22,"key":"Necronomicon"},{"floor":24,"key":"Boot"},{"floor":26,"key":"Singing Bowl"}],"event_choices":[{"damage_healed":0,"gold_gain":0,"player_choice":"Success","damage_taken":18,"relics_obtained":["Paper Frog"],"max_hp_gain":0,"max_hp_loss":0,"event_name":"Scrap Ooze","floor":4,"gold_loss":0},{"damage_healed":20,"gold_gain":0,"player_choice":"Healed","damage_taken":0,"max_hp_gain":0,"max_hp_loss":0,"event_name":"The Cleric","floor":5,"gold_loss":35},{"damage_healed":0,"gold_gain":0,"player_choice":"Ignored","damage_taken":0,"max_hp_gain":0,"max_hp_loss":0,"event_name":"Liars Game","floor":8,"gold_loss":0},{"damage_healed":0,"gold_gain":0,"player_choice":"Take Damage","damage_taken":20,"relics_obtained":["Golden Idol"],"max_hp_gain":0,"max_hp_loss":0,"event_name":"Golden Idol","floor":14,"gold_loss":0},{"damage_healed":0,"gold_gain":0,"player_choice":"Obtained Book","damage_taken":16,"max_hp_gain":0,"max_hp_loss":0,"event_name":"Cursed Tome","floor":22,"gold_loss":0},{"damage_healed":0,"gold_gain":0,"player_choice":"Opened","damage_taken":0,"relics_obtained":["Champion Belt"],"max_hp_gain":0,"max_hp_loss":0,"event_name":"The Mausoleum","floor":28,"gold_loss":0}],"is_beta":true,"boss_relics":[{"not_picked":["Velvet Choker","Runic Pyramid"],"picked":"Tiny House"}],"items_purged_floors":[19],"is_endless":false,"potions_floor_spawned":[7,11,16,20],"killed_by":"Champ","ascension_level":6}