{"gold_per_floor":[113,113,113,131,131,131,166,179,206,217,229,242,256,285,285,385,385,403,403,373,373,388,388,421,421,444,444,461,471,488,220,220,220],"floor_reached":33,"playtime":3832,"items_purged":["Decay"],"score":279,"play_id":"012746b0-351d-40b8-9c75-9843cab479f4","local_time":"20180708003029","is_ascension_mode":false,"campfire_choices":[{"floor":6,"key":"REST"},{"floor":15,"key":"REST"},{"floor":23,"key":"REST"},{"floor":25,"key":"REST"},{"floor":32,"key":"REST"}],"neow_cost":"NONE","seed_source_timestamp":51204082868279,"circlet_count":0,"master_deck":["Defend_G+1","Defend_G+1","Defend_G+1","Defend_G+1","Defend_G+1","Strike_G+1","Strike_G+1","Strike_G+1","Strike_G+1","Strike_G+1","Survivor","Neutralize","Cloak And Dagger","Deflect","Accuracy+1","Escape Plan","Slice","Slice","Outmaneuver","Bouncing Flask","Skewer","Infinite Blades","Blade Dance","Envenom","Outmaneuver","Blade Dance","Deadly Poison","Deadly Poison+1","Dagger Spray","Crippling Poison+1","Deflect+1","Slice","Accuracy"],"relics":["Calling Bell","Orichalcum","Kunai","Incense Burner","Oddly Smooth Stone","Dream Catcher","Darkstone Periapt","Snake Skull","Ninja Scroll","Empty Cage","Centennial Puzzle","Bag of Preparation","Tiny Chest"],"potions_floor_usage":[7,14,16,16,24,30,33,33],"damage_taken":[{"damage":7,"enemies":"Small Slimes","floor":1,"turns":5},{"damage":5,"enemies":"2 Louse","floor":4,"turns":4},{"damage":12,"enemies":"Lagavulin","floor":7,"turns":12},{"damage":0,"enemies":"Cultist","floor":8,"turns":6},{"damage":1,"enemies":"Exordium Wildlife","floor":10,"turns":4},{"damage":8,"enemies":"Gremlin Gang","floor":11,"turns":7},{"damage":0,"enemies":"3 Louse","floor":12,"turns":7},{"damage":2,"enemies":"2 Fungi Beasts","floor":13,"turns":5},{"damage":13,"enemies":"3 Sentries","floor":14,"turns":12},{"damage":11,"enemies":"Slime Boss","floor":16,"turns":10},{"damage":6,"enemies":"Spheric Guardian","floor":18,"turns":7},{"damage":19,"enemies":"3 Byrds","floor":22,"turns":5},{"damage":11,"enemies":"Book of Stabbing","floor":24,"turns":5},{"damage":19,"enemies":"Snake Plant","floor":28,"turns":6},{"damage":14,"enemies":"Sentry and Sphere","floor":29,"turns":5},{"damage":6,"enemies":"Snecko","floor":30,"turns":5},{"damage":63,"enemies":"Collector","floor":33,"turns":7}],"seed_played":"5252140481800060774","potions_obtained":[{"floor":1,"key":"Poison Potion"},{"floor":7,"key":"SpeedPotion"},{"floor":10,"key":"SpeedPotion"},{"floor":12,"key":"SkillPotion"},{"floor":14,"key":"GamblersBrew"},{"floor":20,"key":"Energy Potion"},{"floor":20,"key":"FearPotion"},{"floor":28,"key":"Dexterity Potion"},{"floor":29,"key":"FearPotion"}],"is_trial":false,"path_per_floor":["M","?","?","M","?","R","E","M","T","M","M","M","M","E","R","B",null,"M","?","?","?","M","R","E","R","T","?","M","M","M","$","R"],"character_chosen":"THE_SILENT","items_purchased":["Accuracy","Tiny Chest"],"campfire_rested":5,"item_purchase_floors":[31,31],"current_hp_per_floor":[63,38,38,33,26,47,35,35,35,34,26,26,24,11,32,21,70,64,64,64,64,45,66,55,70,70,76,57,43,37,37,59,0],"gold":220,"neow_bonus":"BOSS_RELIC","is_prod":false,"is_daily":false,"chose_seed":false,"campfire_upgraded":0,"win_rate":0.0,"timestamp":1530975629,"path_taken":["M","?","?","M","?","R","E","M","T","M","M","M","M","E","R","BOSS","M","?","?","?","M","R","E","R","T","?","M","M","M","$","R","BOSS"],"build_version":"2018-07-05","purchased_purges":1,"victory":false,"max_hp_per_floor":[70,70,70,70,70,70,70,70,70,70,70,70,70,70,70,70,70,70,70,70,70,70,70,70,70,70,76,76,76,76,76,76,76],"card_choices":[{"not_picked":["Predator","Quick Slash"],"picked":"Cloak And Dagger","floor":1},{"not_picked":["Dagger Throw","Reflex"],"picked":"Deflect","floor":4},{"not_picked":["Masterful Stab","Outmaneuver"],"picked":"Accuracy","floor":6},{"not_picked":["Well Laid Plans","Backflip"],"picked":"Escape Plan","floor":7},{"not_picked":["Eviscerate","Backflip"],"picked":"Slice","floor":8},{"not_picked":["Venomology","Eviscerate"],"picked":"Slice","floor":10},{"not_picked":["Dodge and Roll","Flying Knee"],"picked":"Outmaneuver","floor":11},{"not_picked":["Prepared","Acrobatics"],"picked":"Bouncing Flask","floor":12},{"not_picked":["Glass Knife","Acrobatics"],"picked":"Skewer","floor":13},{"not_picked":["Underhanded Strike","Dodge and Roll"],"picked":"Infinite Blades","floor":14},{"not_picked":["Flying Knee","Dagger Throw"],"picked":"Blade Dance","floor":15},{"not_picked":["Tactician","Glass Knife"],"picked":"Envenom","floor":16},{"not_picked":["Backflip","Flying Knee"],"picked":"Outmaneuver","floor":18},{"not_picked":["Blur","Poisoned Stab"],"picked":"Blade Dance","floor":22},{"not_picked":["Quick Slash+1","Sucker Punch"],"picked":"Deadly Poison","floor":23},{"not_picked":["Prepared","Tools of the Trade"],"picked":"Deadly Poison+1","floor":24},{"not_picked":["Dodge and Roll","Malaise+1"],"picked":"Dagger Spray","floor":25},{"not_picked":["Flying Knee","Distraction"],"picked":"Crippling Poison+1","floor":28},{"not_picked":["Leg Sweep","Well Laid Plans+1"],"picked":"Deflect+1","floor":29},{"not_picked":["Poisoned Stab","Endless Agony"],"picked":"Slice","floor":30}],"player_experience":31414,"relics_obtained":[{"floor":0,"key":"Orichalcum"},{"floor":0,"key":"Kunai"},{"floor":0,"key":"Incense Burner"},{"floor":7,"key":"Darkstone Periapt"},{"floor":9,"key":"Snake Skull"},{"floor":14,"key":"Ninja Scroll"},{"floor":24,"key":"Centennial Puzzle"},{"floor":26,"key":"Bag of Preparation"}],"event_choices":[{"event_name":"Scrap Ooze","player_choice":"success","floor":2,"damage_taken":25},{"event_name":"Wheel of Change","player_choice":"Relic","floor":3,"damage_taken":0},{"event_name":"Golden Wing","player_choice":"Card Removal","floor":5,"damage_taken":0},{"event_name":"Back to Basics","player_choice":"Simplicity","floor":19,"damage_taken":0},{"event_name":"The Woman in Blue","player_choice":"Bought 2 Potions","floor":20,"damage_taken":0},{"event_name":"Upgrade Shrine","player_choice":"Upgraded","floor":21,"damage_taken":0},{"event_name":"Forgotten Altar","player_choice":"Smashed Altar","floor":27,"damage_taken":0}],"boss_relics":[{"not_picked":["Eternal Feather","Ectoplasm"],"picked":"Empty Cage"}],"items_purged_floors":[31],"is_endless":false,"potions_floor_spawned":[1,7,10,12,14,28,29],"killed_by":"Collector","ascension_level":0}