{"gold_per_floor":[16,16,191,211,226,226,252,252,279,297,313,313,343,356,356,452,452,463,386,386,386,406,406,439,457,481,498,513,530,79,89,89,185,185,185],"floor_reached":35,"playtime":1048,"items_purged":["Doubt"],"score":381,"play_id":"b0aa6ab8-fc4a-4322-a5fc-50198e6536c3","local_time":"20180727195825","is_ascension_mode":false,"campfire_choices":[{"data":"Terror","floor":6,"key":"SMITH"},{"data":"Adrenaline","floor":8,"key":"SMITH"},{"data":"Backstab","floor":12,"key":"SMITH"},{"data":"Blur","floor":15,"key":"SMITH"},{"data":"RitualDagger","floor":23,"key":"SMITH"},{"floor":32,"key":"REST"}],"neow_cost":"NO_GOLD","seed_source_timestamp":26390711616513,"circlet_count":0,"master_deck":["Defend_G","Defend_G","Defend_G","Defend_G","Strike_G+1","Strike_G","Strike_G","Survivor","Neutralize+1","Terror+1","All Out Attack","Dagger Spray","Adrenaline+1","Backstab+1","Quick Slash","Blur+1","After Image","Dodge and Roll","J.A.X.","RitualDagger+1","PiercingWail","Endless Agony","Footwork+1","Dagger Spray","Caltrops","Deflect","Glass Knife"],"relics":["Ring of the Snake","Torii","Whetstone","Bag of Marbles","Busted Crown","Vajra","Centennial Puzzle","Orichalcum","Happy Flower","Empty Cage"],"potions_floor_usage":[7,24,24,28,29,31,33],"damage_taken":[{"damage":1,"enemies":"Small Slimes","floor":1,"turns":4},{"damage":2,"enemies":"Jaw Worm","floor":4,"turns":7},{"damage":0,"enemies":"Cultist","floor":5,"turns":3},{"damage":17,"enemies":"Gremlin Nob","floor":7,"turns":4},{"damage":1,"enemies":"Blue Slaver","floor":10,"turns":2},{"damage":0,"enemies":"Exordium Wildlife","floor":11,"turns":2},{"damage":0,"enemies":"2 Fungi Beasts","floor":14,"turns":1},{"damage":11,"enemies":"Hexaghost","floor":16,"turns":10},{"damage":0,"enemies":"Shell Parasite","floor":18,"turns":4},{"damage":0,"enemies":"Chosen","floor":22,"turns":3},{"damage":33,"enemies":"Gremlin Leader","floor":24,"turns":9},{"damage":1,"enemies":"Centurion and Healer","floor":25,"turns":7},{"damage":19,"enemies":"Cultist and Chosen","floor":27,"turns":6},{"damage":0,"enemies":"Snake Plant","floor":28,"turns":1},{"damage":0,"enemies":"Sentry and Sphere","floor":29,"turns":4},{"damage":6,"enemies":"Cultist and Chosen","floor":31,"turns":5},{"damage":45,"enemies":"Collector","floor":33,"turns":8},{"damage":0,"enemies":"Orb Walker","floor":35,"turns":2}],"seed_played":"5205038350056021891","potions_obtained":[{"floor":1,"key":"PowerPotion"},{"floor":4,"key":"Explosive Potion"},{"floor":10,"key":"Swift Potion"},{"floor":16,"key":"AttackPotion"},{"floor":24,"key":"Dexterity Potion"},{"floor":27,"key":"SteroidPotion"},{"floor":28,"key":"Strength Potion"},{"floor":29,"key":"FairyPotion"}],"is_trial":false,"path_per_floor":["M","?","?","M","M","R","E","R","T","M","M","R","?","M","R","B",null,"M","?","?","?","M","R","E","M","T","M","M","M","$","M","R","B",null],"character_chosen":"THE_SILENT","items_purchased":["Orichalcum","Happy Flower","Caltrops"],"campfire_rested":1,"item_purchase_floors":[30,30,30],"current_hp_per_floor":[69,62,62,60,60,60,43,43,43,42,42,42,42,42,42,31,70,70,70,64,64,64,64,31,30,30,11,11,11,11,5,26,7,70,70],"gold":185,"neow_bonus":"ONE_RARE_RELIC","is_prod":false,"is_daily":false,"chose_seed":false,"campfire_upgraded":5,"win_rate":0,"timestamp":1532687305,"path_taken":["M","?","?","M","M","R","E","R","T","M","M","R","?","M","R","BOSS","M","?","?","?","M","R","E","M","T","M","?","?","$","M","R","BOSS","M"],"build_version":"2018-07-26","purchased_purges":1,"victory":false,"max_hp_per_floor":[70,70,70,70,70,70,70,70,70,70,70,70,70,70,70,70,70,70,70,70,70,70,70,70,70,70,70,70,70,70,70,70,70,70,70],"card_choices":[{"not_picked":["Leg Sweep","Dagger Spray"],"picked":"Terror","floor":1},{"not_picked":["Quick Slash","Bane"],"picked":"All Out Attack","floor":4},{"not_picked":["Infinite Blades","Endless Agony"],"picked":"Dagger Spray","floor":5},{"not_picked":["Distraction","Dagger Spray"],"picked":"Adrenaline","floor":7},{"not_picked":["Outmaneuver","Deflect"],"picked":"Backstab","floor":10},{"not_picked":["Underhanded Strike","Expertise"],"picked":"Quick Slash","floor":11},{"not_picked":["Terror","Tactician"],"picked":"Blur","floor":14},{"not_picked":["Storm of Steel","Doppelganger"],"picked":"After Image","floor":16},{"not_picked":[],"picked":"Dodge and Roll","floor":18},{"not_picked":[],"picked":"PiercingWail","floor":22},{"not_picked":[],"picked":"Endless Agony","floor":24},{"not_picked":["Acrobatics"],"picked":"SKIP","floor":25},{"not_picked":[],"picked":"Footwork+1","floor":27},{"not_picked":[],"picked":"Dagger Spray","floor":28},{"not_picked":["Tactician+1"],"picked":"SKIP","floor":29},{"not_picked":[],"picked":"Deflect","floor":31},{"not_picked":[],"picked":"Glass Knife","floor":33}],"player_experience":268239,"relics_obtained":[{"floor":7,"key":"Whetstone"},{"floor":9,"key":"Bag of Marbles"},{"floor":24,"key":"Vajra"},{"floor":26,"key":"Centennial Puzzle"}],"event_choices":[{"event_name":"Golden Wing","player_choice":"Card Removal","floor":2,"damage_taken":0},{"event_name":"Liars Game","player_choice":"agreed","floor":3,"damage_taken":0},{"event_name":"Dead Adventurer","player_choice":"Searched \u00271\u0027 times","floor":13,"damage_taken":0},{"event_name":"Drug Dealer","player_choice":"Got JAXXED","floor":19,"damage_taken":0},{"event_name":"Nest","player_choice":"Joined the Cult","floor":20,"damage_taken":0},{"event_name":"Cursed Tome","player_choice":"Ignored","floor":21,"damage_taken":0}],"is_beta":false,"boss_relics":[{"not_picked":["Runic Dome","Tiny House"],"picked":"Busted Crown"},{"not_picked":["White Beast Statue","Velvet Choker"],"picked":"Empty Cage"}],"items_purged_floors":[30],"is_endless":false,"potions_floor_spawned":[1,4,10,16,18,24,27,28,29],"killed_by":"Orb Walker","ascension_level":0}