{"path_per_floor":["M","?","$","$","M","R","M","R","T","R","M","?","R","?","R","B",null,"M","?","?","$","M","E","$","R","T","M","?","R","M","M","R","B",null,"M","M","M","M","?","R","E","?","T"],"character_chosen":"DEFECT","items_purchased":["Coolheaded","Singing Bowl","Blizzard","Capacitor"],"gold_per_floor":[114,114,65,65,83,83,100,100,123,123,136,136,136,136,136,233,233,243,342,342,36,47,76,39,39,69,88,38,38,53,72,72,171,171,181,199,219,231,231,231,260,0,0,0],"floor_reached":44,"campfire_rested":3,"playtime":2965,"item_purchase_floors":[3,21,21,24],"current_hp_per_floor":[75,75,75,75,70,70,75,75,75,75,67,67,67,60,75,71,74,75,75,75,75,77,70,70,70,70,76,76,76,85,63,88,47,78,66,70,29,55,57,85,16,16,16,0],"items_purged":["Defend_B"],"gold":0,"score":605,"play_id":"a16381ef-f554-4ef6-ae63-d0b5ef1d2f78","local_time":"20180618150622","is_prod":false,"is_daily":false,"chose_seed":false,"is_ascension_mode":true,"campfire_upgraded":6,"win_rate":0,"timestamp":1529348782,"campfire_choices":[{"data":"Redo","floor":6,"key":"SMITH"},{"data":"Defragment","floor":8,"key":"SMITH"},{"data":"Defragment","floor":10,"key":"SMITH"},{"data":"Zap","floor":13,"key":"SMITH"},{"floor":15,"key":"REST"},{"data":"Capacitor","floor":25,"key":"SMITH"},{"data":"Electrodynamics","floor":29,"key":"SMITH"},{"floor":32,"key":"REST"},{"floor":40,"key":"REST"}],"path_taken":["M","?","?","$","M","R","M","R","T","R","M","?","R","?","R","BOSS","M","?","?","$","M","E","$","R","T","?","?","R","M","M","R","BOSS","M","M","?","M","?","R","E","?","T","M"],"build_version":"2018-06-14v2","seed_source_timestamp":385139602743652,"purchased_purges":1,"victory":false,"master_deck":["Strike_B","Strike_B","Defend_B","Defend_B","Defend_B","Zap+1","Dualcast","Self Repair","Defragment+1","Glacier","Defragment+1","Amplify","Coolheaded","Redo+1","Glacier","Loop+1","Electrodynamics+1","Cold Snap","Blizzard","Capacitor+1","Defragment","Doom and Gloom+1","Buffer","Coolheaded"],"max_hp_per_floor":[75,75,75,75,75,75,75,75,75,75,75,75,75,75,75,75,75,75,75,75,75,77,86,86,86,86,86,86,86,88,88,88,88,88,88,90,92,94,96,96,98,98,98,98],"relics":["Orrery","Orichalcum","Runic Pyramid","Singing Bowl","Strawberry","Tiny Chest","Lizard Tail","Omamori","Red Mask","Smiling Mask"],"card_choices":[{"not_picked":["Steam","Sweeping Beam"],"picked":"Self Repair","floor":0},{"not_picked":["Gash","White Noise"],"picked":"Defragment","floor":0},{"not_picked":["Cold Snap","Streamline"],"picked":"Glacier","floor":0},{"not_picked":["Steam","White Noise"],"picked":"Defragment","floor":0},{"not_picked":["Barrage","Go for the Eyes"],"picked":"Amplify","floor":0},{"not_picked":["Double Energy","Go for the Eyes","Stack"],"picked":"SKIP","floor":1},{"not_picked":["Stack","Compile Driver"],"picked":"Redo","floor":5},{"not_picked":["Turbo","Biased Cognition"],"picked":"Glacier","floor":7},{"not_picked":["Conserve Battery","Self Repair"],"picked":"Loop","floor":11},{"not_picked":["Thunder Strike","Fission"],"picked":"Electrodynamics","floor":16},{"not_picked":["Leap","Steam Power"],"picked":"Cold Snap","floor":18},{"not_picked":["Barrage+1","Compile Driver+1","Turbo"],"picked":"Singing Bowl","floor":22},{"not_picked":["Steam","Aggregate+1","Hologram"],"picked":"Singing Bowl","floor":23},{"not_picked":["Rebound","Turbo"],"picked":"Defragment","floor":27},{"not_picked":["Turbo+1","Rebound","Compile Driver+1"],"picked":"Singing Bowl","floor":30},{"not_picked":["Thunder Strike","Barrage"],"picked":"Doom and Gloom+1","floor":31},{"not_picked":["Meteor Strike","Seek"],"picked":"Buffer","floor":33},{"not_picked":["Leap","Sunder+1"],"picked":"Coolheaded","floor":35},{"not_picked":["Beam Cell+1","Reprogram+1","Redo"],"picked":"Singing Bowl","floor":36},{"not_picked":["Sweeping Beam","Multi-Cast","Streamline+1"],"picked":"Singing Bowl","floor":37},{"not_picked":["Conserve Battery","Gash","Barrage+1"],"picked":"Singing Bowl","floor":38},{"not_picked":["Swift Strike","Magnetism","Purity"],"picked":"Singing Bowl","floor":39},{"not_picked":["Doom and Gloom","Sunder+1","Tempest"],"picked":"Singing Bowl","floor":41}],"player_experience":645011,"potions_floor_usage":[23,33,35],"damage_taken":[{"damage":0,"enemies":"Small Slimes","floor":1,"turns":5},{"damage":12,"enemies":"Jaw Worm","floor":5,"turns":7},{"damage":0,"enemies":"Cultist","floor":7,"turns":6},{"damage":15,"enemies":"3 Louse","floor":11,"turns":5},{"damage":11,"enemies":"Slime Boss","floor":16,"turns":30},{"damage":4,"enemies":"Spheric Guardian","floor":18,"turns":5},{"damage":0,"enemies":"Chosen","floor":22,"turns":6},{"damage":23,"enemies":"Gremlin Leader","floor":23,"turns":8},{"damage":1,"enemies":"Centurion and Healer","floor":27,"turns":5},{"damage":0,"enemies":"Snecko","floor":30,"turns":6},{"damage":29,"enemies":"Snake Plant","floor":31,"turns":4},{"damage":41,"enemies":"Champ","floor":33,"turns":11},{"damage":19,"enemies":"Orb Walker","floor":35,"turns":5},{"damage":5,"enemies":"3 Shapes","floor":36,"turns":2},{"damage":50,"enemies":"3 Darklings","floor":37,"turns":5},{"damage":48,"enemies":"Sphere and 2 Shapes","floor":38,"turns":6},{"damage":78,"enemies":"2 Orb Walkers","floor":41,"turns":7},{"damage":44,"enemies":"4 Shapes","floor":44,"turns":3}],"relics_obtained":[{"floor":9,"key":"Orichalcum"},{"floor":23,"key":"Strawberry"},{"floor":26,"key":"Tiny Chest"},{"floor":41,"key":"Omamori"},{"floor":43,"key":"Smiling Mask"}],"event_choices":[{"event_name":"Liars Game","player_choice":"disagreed","floor":2,"damage_taken":0},{"event_name":"Upgrade Shrine","player_choice":"Upgraded","floor":12,"damage_taken":0},{"event_name":"Golden Wing","player_choice":"Card Removal","floor":14,"damage_taken":0},{"event_name":"Nest","player_choice":"Stole From Cult","floor":19,"damage_taken":0},{"event_name":"Purifier","player_choice":"One Purge","floor":20,"damage_taken":0},{"event_name":"The Joust","player_choice":"Bet on Murderer","floor":28,"damage_taken":0},{"event_name":"SensoryStone","player_choice":"Memory 1","floor":39,"damage_taken":0},{"event_name":"Tomb of Lord Red Mask","player_choice":"Paid","floor":42,"damage_taken":0}],"boss_relics":[{"not_picked":["White Beast Statue","Coffee Dripper"],"picked":"Runic Pyramid"},{"not_picked":["Eternal Feather","Runic Dome"],"picked":"Lizard Tail"}],"items_purged_floors":[21],"is_endless":false,"potions_floor_spawned":[5,7,16,23,31,33,35,37],"seed_played":"-3393971904995140875","killed_by":"4 Shapes","ascension_level":6,"potions_obtained":[{"floor":5,"key":"Dexterity Potion"},{"floor":7,"key":"SpeedPotion"},{"floor":16,"key":"AttackPotion"},{"floor":23,"key":"FairyPotion"},{"floor":33,"key":"EssenceOfSteel"},{"floor":35,"key":"Ancient Potion"},{"floor":37,"key":"Ancient Potion"}],"is_trial":false}