{"gold_per_floor":[11,11,26,42,60,88,88,88,88,88,106,122,28,47,47,142,142,152,75,91,102,27,27,38,11,11,28,28,28,57,57,57,57],"floor_reached":33,"playtime":1635,"items_purged":["Strike_G"],"score":269,"play_id":"866abaf4-3691-47c3-84c6-b5f85a1f7607","local_time":"20180816230602","is_ascension_mode":false,"campfire_choices":[{"data":"Accuracy","floor":7,"key":"SMITH"},{"data":"Blade Dance","floor":10,"key":"SMITH"},{"data":"Neutralize","floor":15,"key":"SMITH"},{"floor":23,"key":"REST"},{"floor":32,"key":"REST"}],"neow_cost":"NO_GOLD","seed_source_timestamp":0,"circlet_count":0,"master_deck":["Defend_G+1","Defend_G+1","Defend_G+1","Defend_G+1","Defend_G+1","Strike_G+1","Strike_G+1","Survivor","Neutralize+1","Die Die Die","Accuracy+1","Blade Dance+1","Backflip","Burst","Backflip","Blade Dance","Acrobatics","Outmaneuver","Cloak And Dagger","Blade Dance","Backstab","Venomology","J.A.X.","Dodge and Roll","Backstab","Cloak And Dagger","Footwork+1","Burst","Decay"],"special_seed":0,"relics":["Ring of the Snake"],"potions_floor_usage":[16,16,24,27,27,27,30,30,33,33],"damage_taken":[{"damage":0.0,"enemies":"Jaw Worm","floor":1.0,"turns":5.0},{"damage":0.0,"enemies":"2 Louse","floor":3.0,"turns":2.0},{"damage":0.0,"enemies":"Cultist","floor":4.0,"turns":3.0},{"damage":7.0,"enemies":"Blue Slaver","floor":5.0,"turns":6.0},{"damage":19,"enemies":"3 Sentries","floor":6,"turns":10},{"damage":0,"enemies":"3 Louse","floor":11,"turns":1},{"damage":0,"enemies":"Large Slime","floor":12,"turns":4},{"damage":3,"enemies":"Exordium Wildlife","floor":14,"turns":3},{"damage":2,"enemies":"Hexaghost","floor":16,"turns":8},{"damage":12,"enemies":"Shell Parasite","floor":18,"turns":6},{"damage":13,"enemies":"2 Thieves","floor":20,"turns":3},{"damage":19,"enemies":"Chosen and Byrds","floor":21,"turns":8},{"damage":24,"enemies":"Centurion and Healer","floor":24,"turns":8},{"damage":18,"enemies":"Snake Plant","floor":27,"turns":5},{"damage":11,"enemies":"Gremlin Leader","floor":30,"turns":5},{"damage":59,"enemies":"Automaton","floor":33,"turns":6}],"seed_played":"-8133631374278017302","potions_obtained":[{"floor":5,"key":"LiquidBronze"},{"floor":11,"key":"Strength Potion"},{"floor":12,"key":"PowerPotion"},{"floor":27,"key":"Energy Potion"},{"floor":30,"key":"Regen Potion"}],"is_trial":false,"path_per_floor":["M","?","M","M","M","E","R","?","T","R","M","M","$","M","R","B",null,"M","?","M","M","$","R","M","$","T","M","?","?","E","?","R"],"character_chosen":"THE_SILENT","items_purchased":["Cloak And Dagger","Blade Dance","Cloak And Dagger"],"campfire_rested":2,"item_purchase_floors":[13,13,25],"current_hp_per_floor":[70,70,70,70,63,44,44,44,44,44,44,44,44,41,41,39,70,58,58,45,26,26,47,23,23,23,5,5,5,1,1,22,0],"gold":57,"neow_bonus":"TRANSFORM_TWO_CARDS","is_prod":false,"is_daily":false,"chose_seed":false,"campfire_upgraded":3,"win_rate":0,"timestamp":1534426562,"path_taken":["M","?","M","M","M","E","R","?","T","R","M","M","?","M","R","BOSS","M","?","?","M","$","R","M","$","T","M","?","?","E","?","R","BOSS"],"build_version":"2018-08-09","purchased_purges":1,"victory":false,"max_hp_per_floor":[70,70,70,70,70,70,70,70,70,70,70,70,70,70,70,70,70,70,70,70,70,70,70,70,70,70,70,70,70,70,70,70,70],"card_choices":[{"not_picked":["Acrobatics","Deadly Poison"],"picked":"Blade Dance","floor":1.0},{"not_picked":["Prepared","Poisoned Stab"],"picked":"Backflip","floor":3.0},{"not_picked":["Prepared","Outmaneuver"],"picked":"Burst","floor":4.0},{"not_picked":["Deflect","Dagger Throw"],"picked":"Backflip","floor":5},{"not_picked":["Slice","Night Terror"],"picked":"Blade Dance","floor":6},{"not_picked":["Prepared","Sucker Punch"],"picked":"Acrobatics","floor":11},{"not_picked":["Sucker Punch","Flying Knee"],"picked":"Outmaneuver","floor":12},{"not_picked":["Flying Knee","Leg Sweep"],"picked":"Backstab","floor":14},{"not_picked":["Malaise","Phantasmal Killer"],"picked":"Venomology","floor":16},{"not_picked":["Dagger Spray","Poisoned Stab","Heel Hook"],"picked":"SKIP","floor":18},{"not_picked":["Calculated Gamble+1","All Out Attack"],"picked":"Dodge and Roll","floor":20},{"not_picked":["Acrobatics","Flechettes","Skewer"],"picked":"SKIP","floor":21},{"not_picked":["Dodge and Roll+1","Bane+1"],"picked":"Backstab","floor":24},{"not_picked":["Finisher","Escape Plan"],"picked":"Footwork+1","floor":27},{"not_picked":["Skewer","PiercingWail"],"picked":"Burst","floor":30}],"player_experience":361562,"relics_obtained":[],"event_choices":[{"event_name":"The Cleric","player_choice":"Leave","floor":2.0,"damage_taken":0.0},{"event_name":"Golden Idol","player_choice":"Ignored","floor":8,"damage_taken":0},{"event_name":"Drug Dealer","player_choice":"Got JAXXED","floor":19,"damage_taken":0},{"event_name":"Back to Basics","player_choice":"Simplicity","floor":28,"damage_taken":0},{"event_name":"Cursed Tome","player_choice":"Ignored","floor":29,"damage_taken":0},{"event_name":"Forgotten Altar","player_choice":"Smashed Altar","floor":31,"damage_taken":0}],"is_beta":false,"boss_relics":[{"not_picked":["Velvet Choker","Cursed Key","Runic Pyramid"]}],"items_purged_floors":[22],"is_endless":false,"potions_floor_spawned":[5,11,12,24,27,30],"killed_by":"Automaton","ascension_level":0}