{"gold_per_floor":[111,111,130,146,146,146,181,191,191,17,47,58,58,8,8,85,85,96,96,96,106,116,116,132,143,143,143,143,51,101,101,101,176,176,192,209,224,237,237],"floor_reached":39,"playtime":2404,"items_purged":["Strike_B","Injury"],"score":689,"play_id":"9ac1764e-d654-4955-a2aa-fb1acf515505","local_time":"20181108211526","is_ascension_mode":true,"campfire_choices":[{"data":"Glacier","floor":6,"key":"SMITH"},{"floor":13,"key":"REST"},{"floor":15,"key":"REST"},{"floor":23,"key":"REST"},{"floor":27,"key":"REST"},{"floor":32,"key":"REST"}],"neow_cost":"NONE","seed_source_timestamp":257566694732908,"circlet_count":0,"master_deck":["AscendersBane","Strike_B","Defend_B","Defend_B","Defend_B","Defend_B","Zap","Dualcast","Leap","Glacier+1","Sunder","Leap","BootSequence","Creative AI","Chill","Seek","Consume","Force Field","Conserve Battery","Thunder Strike","Parasite","Clumsy","Storm+1","Reboot","Coolheaded","Parasite","Skim"],"relics":["Cursed Key","Oddly Smooth Stone","Smiling Mask","MutagenicStrength","Nloth\u0027s Gift","Frozen Egg 2","Meat on the Bone","Lizard Tail"],"potions_floor_usage":[3,12,12,16,18,21,22,22,22,25,33,35,37,38],"damage_taken":[{"damage":4,"enemies":"Small Slimes","floor":1,"turns":4},{"damage":7,"enemies":"Jaw Worm","floor":3,"turns":2},{"damage":0,"enemies":"Cultist","floor":4,"turns":5},{"damage":22,"enemies":"3 Sentries","floor":7,"turns":9},{"damage":20,"enemies":"Exordium Thugs","floor":8,"turns":6},{"damage":1,"enemies":"3 Louse","floor":12,"turns":7},{"damage":10,"enemies":"Hexaghost","floor":16,"turns":10},{"damage":0,"enemies":"Chosen","floor":18,"turns":8},{"damage":12,"enemies":"Shell Parasite","floor":21,"turns":7},{"damage":22,"enemies":"Snake Plant","floor":22,"turns":7},{"damage":10,"enemies":"Snecko","floor":24,"turns":10},{"damage":29,"enemies":"Shelled Parasite and Fungi","floor":25,"turns":10},{"damage":33,"enemies":"Collector","floor":33,"turns":11},{"damage":18,"enemies":"3 Darklings","floor":35,"turns":4},{"damage":8,"enemies":"3 Shapes","floor":36,"turns":9},{"damage":50,"enemies":"Spire Growth","floor":37,"turns":10},{"damage":26,"enemies":"Writhing Mass","floor":38,"turns":10},{"damage":46,"enemies":"Transient","floor":39,"turns":2}],"seed_played":"-5138118853990287421","potions_obtained":[{"floor":1,"key":"Swift Potion"},{"floor":3,"key":"Energy Potion"},{"floor":5,"key":"EntropicBrew"},{"floor":16,"key":"SteroidPotion"},{"floor":18,"key":"EntropicBrew"},{"floor":24,"key":"Swift Potion"},{"floor":25,"key":"PowerPotion"},{"floor":33,"key":"PowerPotion"},{"floor":35,"key":"FocusPotion"},{"floor":36,"key":"Ancient Potion"}],"is_trial":false,"path_per_floor":["M","?","M","M","?","R","E","M","T","$","?","M","R","$","R","B",null,"M","?","?","M","M","R","M","M","T","R","T","$","?","?","R","B",null,"M","M","M","M","M"],"character_chosen":"DEFECT","items_purchased":["Creative AI","Storm+1"],"campfire_rested":5,"item_purchase_floors":[10,29],"current_hp_per_floor":[60,60,53,53,53,53,31,11,11,11,11,10,31,31,52,42,64,64,64,64,52,30,51,41,12,12,33,33,33,33,33,54,33,62,44,36,47,33,0],"gold":237,"neow_bonus":"BOSS_RELIC","is_prod":false,"is_daily":false,"chose_seed":false,"campfire_upgraded":1,"win_rate":0,"timestamp":1541729726,"path_taken":["M","?","M","M","?","R","E","?","T","$","?","M","R","$","R","BOSS","M","?","?","M","?","R","M","M","T","R","?","$","?","?","R","BOSS","M","M","M","M","M"],"build_version":"2018-11-08","purchased_purges":2,"victory":false,"max_hp_per_floor":[71,71,71,71,71,71,71,71,71,71,71,71,71,71,71,71,71,71,71,71,71,71,71,71,71,71,71,71,71,71,71,71,71,71,71,71,71,71,71],"card_choices":[{"not_picked":["Rip and Tear","Go for the Eyes"],"picked":"Leap","floor":1},{"not_picked":["Gash","Coolheaded"],"picked":"Glacier","floor":3},{"not_picked":["Sweeping Beam","Fusion"],"picked":"Sunder","floor":4},{"not_picked":["Rebound","Electrodynamics"],"picked":"Leap","floor":7},{"not_picked":["Consume","Static Discharge"],"picked":"BootSequence","floor":8},{"not_picked":["Gash","Genetic Algorithm"],"picked":"Chill","floor":12},{"not_picked":["Reboot","Buffer"],"picked":"Seek","floor":16},{"not_picked":["Cold Snap","Streamline"],"picked":"Consume","floor":18},{"not_picked":["Stack","Barrage+1","Recycle"],"picked":"SKIP","floor":21},{"not_picked":["Cold Snap","Rebound"],"picked":"Force Field","floor":22},{"not_picked":["Double Energy","Streamline"],"picked":"Conserve Battery","floor":24},{"not_picked":["Steam","Skim+1"],"picked":"Thunder Strike","floor":25},{"not_picked":["Fission","Hyperbeam"],"picked":"Reboot","floor":33},{"not_picked":["Hello World+1","Chaos","Sunder"],"picked":"SKIP","floor":35},{"not_picked":["Gash","Undo+1"],"picked":"Coolheaded","floor":36},{"not_picked":["Gash","Recycle","Chaos+1"],"picked":"SKIP","floor":37},{"not_picked":["Streamline+1","Hologram"],"picked":"Skim","floor":38}],"player_experience":1661530,"relics_obtained":[{"floor":7,"key":"Oddly Smooth Stone"},{"floor":9,"key":"Smiling Mask"},{"floor":26,"key":"Frozen Egg 2"},{"floor":28,"key":"Meat on the Bone"}],"event_choices":[{"damage_healed":0,"gold_gain":0,"player_choice":"Ignored","damage_taken":0,"max_hp_gain":0,"max_hp_loss":0,"event_name":"Shining Light","floor":2,"gold_loss":0},{"damage_healed":0,"gold_gain":0,"player_choice":"Got Potions","damage_taken":0,"max_hp_gain":0,"max_hp_loss":0,"event_name":"Lab","floor":5,"gold_loss":0},{"damage_healed":0,"gold_gain":30,"player_choice":"Searched \u00271\u0027 times","damage_taken":0,"max_hp_gain":0,"max_hp_loss":0,"event_name":"Dead Adventurer","floor":11,"gold_loss":0},{"damage_healed":0,"gold_gain":0,"player_choice":"Inject Mutagens","damage_taken":0,"relics_obtained":["MutagenicStrength"],"max_hp_gain":0,"max_hp_loss":0,"event_name":"Drug Dealer","floor":19,"gold_loss":0},{"damage_healed":0,"gold_gain":0,"player_choice":"Traded Relic","damage_taken":0,"relics_obtained":["Nloth\u0027s Gift"],"max_hp_gain":0,"max_hp_loss":0,"event_name":"N\u0027loth","floor":20,"relics_lost":["Empty Cage"],"gold_loss":0},{"damage_healed":0,"gold_gain":50,"player_choice":"Stole From Cult","damage_taken":0,"max_hp_gain":0,"max_hp_loss":0,"event_name":"Nest","floor":30,"gold_loss":0},{"damage_healed":0,"gold_gain":0,"player_choice":"Ignored","damage_taken":0,"max_hp_gain":0,"max_hp_loss":0,"event_name":"Ghosts","floor":31,"gold_loss":0}],"is_beta":false,"boss_relics":[{"not_picked":["Eternal Feather","Orrery"],"picked":"Empty Cage"},{"not_picked":["Velvet Choker","Nuclear Battery"],"picked":"Lizard Tail"}],"items_purged_floors":[14,29],"is_endless":false,"potions_floor_spawned":[1,3,16,18,24,25,33,35,36],"killed_by":"Transient","ascension_level":16}