{"gold_per_floor":[15,29,40,40,40,70,87,100,100,100,126,138,138,157,157,261,261,275,288,133,48,62,90,90,101,101,126,26,26,26,46,46,150,150,170,170,180,191,203,203,203],"floor_reached":41,"playtime":2957,"items_purged":["Strike_B","Defend_B"],"score":469,"play_id":"4b1919b2-0b5b-45ca-b89b-25be5a79a5b8","local_time":"20190210222607","is_ascension_mode":true,"campfire_choices":[{"data":"Loop","floor":10,"key":"SMITH"},{"floor":15,"key":"REST"},{"data":"Amplify","floor":30,"key":"SMITH"},{"data":"White Noise","floor":32,"key":"SMITH"},{"data":"Coolheaded","floor":40,"key":"SMITH"}],"neow_cost":"NO_GOLD","seed_source_timestamp":28393874181202,"circlet_count":0,"master_deck":["Strike_B","Defend_B","Zap","Dualcast","Amplify+1","Glacier+1","Compile Driver","Loop+1","Beam Cell","Coolheaded+1","Hello World","Genetic Algorithm","Electrodynamics","Seek","Hologram+1","Capacitor","Turbo+1","Double Energy+1","Gash","BootSequence","Coolheaded","Conserve Battery","Necronomicurse","White Noise+1","Meteor Strike","Storm+1"],"relics":["Cracked Core","PreservedInsect","Bottled Flame","Cables","Coffee Dripper","War Paint","Question Card","Frozen Egg 2","Pear","Necronomicon","Eternal Feather"],"potions_floor_usage":[6,16,25,27,27,33],"damage_taken":[{"damage":0,"enemies":"Cultist","floor":1,"turns":2},{"damage":0,"enemies":"2 Louse","floor":2,"turns":3},{"damage":2,"enemies":"Small Slimes","floor":3,"turns":3},{"damage":14,"enemies":"3 Sentries","floor":6,"turns":6},{"damage":3,"enemies":"3 Louse","floor":7,"turns":4},{"damage":0,"enemies":"Blue Slaver","floor":8,"turns":6},{"damage":17,"enemies":"Gremlin Nob","floor":11,"turns":5},{"damage":4,"enemies":"Large Slime","floor":12,"turns":7},{"damage":0,"enemies":"Gremlin Gang","floor":14,"turns":7},{"damage":30,"enemies":"Hexaghost","floor":16,"turns":12},{"damage":0,"enemies":"Chosen","floor":18,"turns":4},{"damage":4,"enemies":"Spheric Guardian","floor":19,"turns":6},{"damage":0,"enemies":"3 Cultists","floor":22,"turns":3},{"damage":17,"enemies":"Book of Stabbing","floor":23,"turns":6},{"damage":17,"enemies":"Sentry and Sphere","floor":25,"turns":4},{"damage":1,"enemies":"Gremlin Leader","floor":27,"turns":5},{"damage":0,"enemies":"Snake Plant","floor":31,"turns":5},{"damage":39,"enemies":"Collector","floor":33,"turns":11},{"damage":16,"enemies":"3 Darklings","floor":35,"turns":6},{"damage":0,"enemies":"Orb Walker","floor":37,"turns":4},{"damage":2,"enemies":"Maw","floor":38,"turns":6},{"damage":36,"enemies":"Jaw Worm Horde","floor":39,"turns":3},{"damage":56,"enemies":"Reptomancer","floor":41,"turns":2}],"seed_played":"5100433335130364034","potions_obtained":[{"floor":1,"key":"SteroidPotion"},{"floor":3,"key":"Explosive Potion"},{"floor":12,"key":"Explosive Potion"},{"floor":14,"key":"Weak Potion"},{"floor":19,"key":"Poison Potion"},{"floor":25,"key":"Regen Potion"},{"floor":31,"key":"Dexterity Potion"},{"floor":37,"key":"Strength Potion"},{"floor":39,"key":"Energy Potion"}],"is_trial":false,"path_per_floor":["M","M","M","T","?","E","M","M","T","R","E","M","?","M","R","B",null,"M","M","$","?","M","E","?","M","T","E","$","?","R","M","R","B",null,"M","?","M","M","M","R","E"],"character_chosen":"DEFECT","items_purchased":["Capacitor"],"campfire_rested":1,"item_purchase_floors":[20],"current_hp_per_floor":[75,75,73,73,73,59,56,56,56,56,39,35,28,28,50,20,75,75,71,71,71,71,54,54,37,37,60,60,44,44,44,44,5,85,69,69,69,67,31,46,0],"gold":203,"neow_bonus":"THREE_RARE_CARDS","is_prod":false,"is_daily":false,"chose_seed":false,"campfire_upgraded":4,"win_rate":0,"timestamp":1549833967,"path_taken":["M","M","M","?","?","E","M","M","T","R","E","M","?","M","R","BOSS","M","M","$","?","M","E","?","M","T","E","$","?","R","?","R","BOSS","M","?","M","?","M","R","E"],"build_version":"2019-01-23","purchased_purges":2,"victory":false,"max_hp_per_floor":[75,75,75,75,75,75,75,75,75,75,75,75,75,75,75,75,75,75,75,75,75,75,75,75,75,75,85,85,85,85,85,85,85,85,85,85,85,85,85,85,85],"card_choices":[{"not_picked":["Meteor Strike","All For One"],"picked":"Amplify","floor":0},{"not_picked":["Beam Cell","Gash"],"picked":"Glacier","floor":1},{"not_picked":["Rebound","Aggregate"],"picked":"Compile Driver","floor":2},{"not_picked":["Rebound","Stack"],"picked":"Loop","floor":3},{"not_picked":["Hologram","Coolheaded"],"picked":"Beam Cell","floor":6},{"not_picked":["Leap","Stack"],"picked":"Coolheaded","floor":7},{"not_picked":["Conserve Battery","Heatsinks"],"picked":"Hello World","floor":8},{"not_picked":["Steam","Barrage"],"picked":"Genetic Algorithm","floor":11},{"not_picked":["Blizzard","Darkness","Streamline"],"picked":"SKIP","floor":12},{"not_picked":["Gash","Self Repair"],"picked":"Electrodynamics","floor":14},{"not_picked":["Meteor Strike","Rainbow"],"picked":"Seek","floor":16},{"not_picked":["Melter+1","FTL+1"],"picked":"Hologram","floor":18},{"not_picked":["Stack","Aggregate","Beam Cell"],"picked":"SKIP","floor":19},{"not_picked":["Lockon","Coolheaded"],"picked":"Turbo+1","floor":22},{"not_picked":["Doom and Gloom","Chaos+1"],"picked":"Double Energy+1","floor":23},{"not_picked":["Turbo+1","Consume","Go for the Eyes+1"],"picked":"Coolheaded","floor":25},{"not_picked":["Go for the Eyes","Hologram","FTL"],"picked":"Conserve Battery","floor":27},{"not_picked":["Undo","Fusion+1","Compile Driver"],"picked":"White Noise","floor":31},{"not_picked":["Core Surge","Seek","Electrodynamics+1"],"picked":"Meteor Strike","floor":33},{"not_picked":["Steam+1","Ball Lightning","Rebound"],"picked":"Storm+1","floor":35},{"not_picked":["Cold Snap+1","Streamline+1","Go for the Eyes+1","Turbo"],"picked":"SKIP","floor":37},{"not_picked":["Streamline","Go for the Eyes+1","Steam+1","FTL"],"picked":"SKIP","floor":38},{"not_picked":["Sweeping Beam","Genetic Algorithm+1","Undo","Go for the Eyes+1"],"picked":"SKIP","floor":39}],"player_experience":47518,"relics_obtained":[{"floor":6,"key":"PreservedInsect"},{"floor":9,"key":"Bottled Flame"},{"floor":11,"key":"Cables"},{"floor":23,"key":"Question Card"},{"floor":26,"key":"Frozen Egg 2"},{"floor":27,"key":"Pear"},{"floor":29,"key":"Necronomicon"}],"event_choices":[{"damage_healed":0,"gold_gain":0,"player_choice":"Ignored","damage_taken":0,"max_hp_gain":0,"max_hp_loss":0,"event_name":"Liars Game","floor":5,"gold_loss":0},{"cards_removed":["Strike_B"],"damage_healed":0,"gold_gain":0,"player_choice":"Card Removal","damage_taken":7,"max_hp_gain":0,"max_hp_loss":0,"event_name":"Golden Wing","floor":13,"gold_loss":0},{"damage_healed":0,"gold_gain":0,"player_choice":"Obtained Relic","damage_taken":0,"relics_obtained":["War Paint"],"max_hp_gain":0,"max_hp_loss":0,"event_name":"Addict","floor":21,"gold_loss":85},{"damage_healed":0,"gold_gain":0,"cards_transformed":["Defend_B","Defend_B"],"player_choice":"Became Test Subject","damage_taken":0,"max_hp_gain":0,"max_hp_loss":0,"event_name":"Drug Dealer","floor":24,"gold_loss":0,"cards_obtained":["Gash","BootSequence"]},{"damage_healed":0,"gold_gain":0,"player_choice":"Obtained Book","damage_taken":16,"max_hp_gain":0,"max_hp_loss":0,"event_name":"Cursed Tome","floor":29,"gold_loss":0},{"cards_removed":["Strike_B"],"damage_healed":0,"gold_gain":0,"player_choice":"Purged","damage_taken":0,"max_hp_gain":0,"max_hp_loss":0,"event_name":"Purifier","floor":36,"gold_loss":0}],"is_beta":false,"boss_relics":[{"not_picked":["Empty Cage","Tiny House"],"picked":"Coffee Dripper"},{"not_picked":["Snecko Eye","Pandora\u0027s Box"],"picked":"Eternal Feather"}],"items_purged_floors":[20,28],"is_endless":false,"potions_floor_spawned":[1,3,12,14,19,25,31,37,39],"killed_by":"Reptomancer","ascension_level":1}