{"gold_per_floor":[119,138,138,157,12,43,43,58,58,73,16,16,26,58,58,137,137,154,44,64,75,75,75,89,89],"floor_reached":25,"playtime":1280,"items_purged":[],"score":409,"play_id":"5572a3e7-98d0-4faf-98c1-7d3a7a740d4b","local_time":"20190120172224","is_ascension_mode":true,"campfire_choices":[{"floor":7,"key":"REST"},{"floor":12,"key":"REST"},{"floor":15,"key":"REST"},{"data":"Storm","floor":23,"key":"SMITH"}],"neow_cost":"NONE","seed_source_timestamp":31746521073344,"circlet_count":0,"master_deck":["AscendersBane","Strike_B","Defend_B+1","Defend_B","Defend_B","Defend_B","Zap","Dualcast","Leap","Genetic Algorithm","Glacier","Capacitor","Conserve Battery","Rebound","Static Discharge","Rainbow","Storm+1","Cold Snap","Doom and Gloom","Electrodynamics","Echo Form","Steam+1","Tempest","Reinforced Body","Redo","Rainbow","Machine Learning"],"relics":["Cracked Core","Omamori","Pen Nib","Mercury Hourglass","Dodecahedron","Sozu"],"potions_floor_usage":[6,14,14,18],"damage_taken":[{"damage":1,"enemies":"Cultist","floor":1,"turns":3},{"damage":8,"enemies":"Small Slimes","floor":2,"turns":3},{"damage":9,"enemies":"Jaw Worm","floor":4,"turns":4},{"damage":18,"enemies":"Lagavulin","floor":6,"turns":13},{"damage":17,"enemies":"Large Slime","floor":8,"turns":9},{"damage":2,"enemies":"3 Louse","floor":10,"turns":3},{"damage":0,"enemies":"Looter","floor":13,"turns":3},{"damage":32,"enemies":"Gremlin Nob","floor":14,"turns":4},{"damage":17,"enemies":"Hexaghost","floor":16,"turns":11},{"damage":10,"enemies":"3 Byrds","floor":18,"turns":2},{"damage":13,"enemies":"Chosen","floor":20,"turns":3},{"damage":5,"enemies":"Snecko","floor":21,"turns":5},{"damage":17,"enemies":"Centurion and Healer","floor":24,"turns":6},{"damage":37,"enemies":"Chosen and Byrds","floor":25,"turns":3}],"seed_played":"7485739287037159781","potions_obtained":[{"floor":2,"key":"Fire Potion"},{"floor":3,"key":"Ancient Potion"},{"floor":8,"key":"Strength Potion"},{"floor":16,"key":"PowerPotion"}],"is_trial":false,"path_per_floor":["M","M","?","M","$","E","R","M","T","M","$","R","M","E","R","B",null,"M","?","M","M","?","R","M","M"],"character_chosen":"DEFECT","items_purchased":["Capacitor","Conserve Battery","Rebound","Cold Snap"],"campfire_rested":3,"item_purchase_floors":[5,5,5,11],"current_hp_per_floor":[63,55,55,46,46,28,49,32,32,30,30,51,51,19,40,23,59,49,49,36,31,31,31,14,0],"gold":89,"neow_bonus":"RANDOM_COMMON_RELIC","is_prod":false,"is_daily":false,"chose_seed":false,"campfire_upgraded":1,"win_rate":0,"timestamp":1548022944,"path_taken":["M","?","?","M","$","E","R","?","T","M","?","R","M","E","R","BOSS","M","?","M","?","?","R","M","M"],"build_version":"2019-01-17v2","purchased_purges":0,"victory":false,"max_hp_per_floor":[71,71,71,71,71,71,71,71,71,71,71,71,71,71,71,71,71,71,71,71,71,71,71,71,71],"card_choices":[{"not_picked":["Redo","Stack"],"picked":"Leap","floor":1},{"not_picked":["Self Repair","Rebound"],"picked":"Genetic Algorithm","floor":2},{"not_picked":["Rebound","Gash"],"picked":"Glacier","floor":4},{"not_picked":["Rebound","Chaos"],"picked":"Static Discharge","floor":6},{"not_picked":["FTL","Steam Power"],"picked":"Rainbow","floor":8},{"not_picked":["Auto Shields","BootSequence"],"picked":"Storm","floor":10},{"not_picked":["Double Energy","Go for the Eyes"],"picked":"Doom and Gloom","floor":13},{"not_picked":["Blizzard","Gash"],"picked":"Electrodynamics","floor":14},{"not_picked":["Core Surge","Biased Cognition"],"picked":"Echo Form","floor":16},{"not_picked":["Leap","Rebound+1"],"picked":"Steam+1","floor":18},{"not_picked":["Turbo","Rebound"],"picked":"Tempest","floor":20},{"not_picked":["Barrage","Compile Driver"],"picked":"Reinforced Body","floor":21},{"not_picked":["Conserve Battery","Darkness"],"picked":"Machine Learning","floor":24}],"player_experience":2175155,"relics_obtained":[{"floor":6,"key":"Pen Nib"},{"floor":9,"key":"Mercury Hourglass"},{"floor":14,"key":"Dodecahedron"}],"event_choices":[{"damage_healed":0,"gold_gain":0,"player_choice":"Got Potions","damage_taken":0,"max_hp_gain":0,"max_hp_loss":0,"event_name":"Lab","floor":3,"gold_loss":0},{"cards_removed":["Strike_B"],"damage_healed":0,"gold_gain":0,"player_choice":"Upgrade and Remove","damage_taken":0,"max_hp_gain":0,"max_hp_loss":0,"event_name":"Designer","floor":19,"gold_loss":110,"cards_upgraded":["Defend_B"]},{"damage_healed":0,"gold_gain":0,"cards_transformed":["Strike_B","Strike_B"],"player_choice":"Became Test Subject","damage_taken":0,"max_hp_gain":0,"max_hp_loss":0,"event_name":"Drug Dealer","floor":22,"gold_loss":0,"cards_obtained":["Redo","Rainbow"]}],"is_beta":false,"boss_relics":[{"not_picked":["Cursed Key","Nuclear Battery"],"picked":"Sozu"}],"items_purged_floors":[],"is_endless":false,"potions_floor_spawned":[2,8,13,16,20,21,24],"killed_by":"Chosen and Byrds","ascension_level":18}