{"path_per_floor":["M","?","?","M","M","R","M","R","T","$","M","?","M","M","R"],"character_chosen":"DEFECT","items_purchased":["Defragment","Doom and Gloom"],"gold_per_floor":[113,113,113,124,138,138,151,151,151,5,20,20,38,54,54,54],"floor_reached":16,"campfire_rested":3,"playtime":1462,"item_purchase_floors":[10,10],"current_hp_per_floor":[67,67,60,53,40,62,50,72,72,72,45,45,31,31,53,0],"items_purged":[],"gold":54,"score":122,"play_id":"96e16182-18fe-41cd-b0ae-03628d3c72d3","local_time":"20180622135215","is_prod":false,"is_daily":false,"chose_seed":false,"is_ascension_mode":true,"campfire_upgraded":0,"win_rate":0,"timestamp":1529689935,"campfire_choices":[{"floor":6,"key":"REST"},{"floor":8,"key":"REST"},{"floor":15,"key":"REST"}],"path_taken":["M","?","?","?","M","R","M","R","T","$","M","?","?","M","R","BOSS"],"build_version":"2018-06-21","seed_source_timestamp":727758089570502,"purchased_purges":0,"circlet_count":0,"victory":false,"master_deck":["Strike_B","Strike_B","Strike_B","Defend_B","Defend_B","Defend_B","Defend_B","Zap","Dualcast","Genetic Algorithm","Heatsinks","Cold Snap","Defragment","Doom and Gloom","Coolheaded","Conserve Battery"],"max_hp_per_floor":[75,75,75,75,75,75,75,75,75,75,75,75,75,75,75,75],"relics":["White Beast Statue","Darkstone Periapt"],"card_choices":[{"not_picked":["Compile Driver","Redo"],"picked":"Genetic Algorithm","floor":1},{"not_picked":["Lockon","Barrage","Streamline"],"picked":"SKIP","floor":4},{"not_picked":["Steam","Scrape"],"picked":"Heatsinks","floor":5},{"not_picked":["Conserve Battery","Barrage"],"picked":"Cold Snap","floor":7},{"not_picked":["Compile Driver","Sweeping Beam"],"picked":"Coolheaded","floor":11},{"not_picked":["Biased Cognition","Auto Shields"],"picked":"Conserve Battery","floor":13},{"not_picked":["Gash","Double Energy","Barrage"],"picked":"SKIP","floor":14}],"player_experience":715422,"potions_floor_usage":[16,16],"damage_taken":[{"damage":1,"enemies":"Cultist","floor":1,"turns":4},{"damage":7,"enemies":"2 Louse","floor":4,"turns":2},{"damage":13,"enemies":"Jaw Worm","floor":5,"turns":4},{"damage":12,"enemies":"Looter","floor":7,"turns":4},{"damage":27,"enemies":"Blue Slaver","floor":11,"turns":4},{"damage":14,"enemies":"Red Slaver","floor":13,"turns":3},{"damage":0,"enemies":"Exordium Wildlife","floor":14,"turns":3},{"damage":54,"enemies":"The Guardian","floor":16,"turns":15}],"relics_obtained":[{"floor":9,"key":"Darkstone Periapt"}],"event_choices":[{"event_name":"Shining Light","player_choice":"Ignored","floor":2,"damage_taken":0},{"event_name":"Golden Wing","player_choice":"Card Removal","floor":3,"damage_taken":0},{"event_name":"The Cleric","player_choice":"Leave","floor":12,"damage_taken":0}],"boss_relics":[],"items_purged_floors":[],"is_endless":false,"potions_floor_spawned":[1,4,5,7,11,13,14],"seed_played":"-6042730661614064089","killed_by":"The Guardian","ascension_level":6,"potions_obtained":[{"floor":1,"key":"FearPotion"},{"floor":4,"key":"SteroidPotion"},{"floor":5,"key":"AttackPotion"},{"floor":7,"key":"Explosive Potion"},{"floor":13,"key":"Ancient Potion"}],"is_trial":false}