{"path_per_floor":["M","?","?","M","M","R","T","E","T","?","M","M","R","M","R","B",null,"M","?","M","?","M","R","?","R","T","M","$","M","?","M","R","B",null,"M","?","?","M","$"],"character_chosen":"DEFECT","items_purchased":["Cables","FocusPotion"],"gold_per_floor":[216,216,216,231,247,247,271,304,354,529,539,555,555,569,569,667,667,682,682,697,697,714,714,714,714,767,778,373,383,383,399,399,496,496,514,514,514,525,425,425],"floor_reached":40,"campfire_rested":5,"playtime":2234,"item_purchase_floors":[28,28],"current_hp_per_floor":[67,64,64,62,61,61,61,38,38,38,23,17,39,26,48,23,75,56,56,50,50,9,31,31,53,53,42,42,21,21,10,47,18,75,34,25,25,25,25,0],"items_purged":["Strike_B","Dualcast"],"gold":425,"score":446,"play_id":"f28bb0d0-d6de-4412-a221-d225975ef985","local_time":"20180614225502","is_prod":false,"is_daily":false,"chose_seed":false,"is_ascension_mode":true,"campfire_upgraded":1,"win_rate":0,"timestamp":1529031302,"campfire_choices":[{"data":"Defragment","floor":6,"key":"SMITH"},{"floor":13,"key":"REST"},{"floor":15,"key":"REST"},{"floor":23,"key":"REST"},{"floor":25,"key":"REST"},{"floor":32,"key":"REST"}],"path_taken":["M","?","?","M","M","R","?","E","T","?","M","?","R","M","R","BOSS","M","?","M","?","M","R","?","R","T","?","?","M","?","M","R","BOSS","M","?","?","M","$","E"],"build_version":"2018-06-07v3","seed_source_timestamp":68424924546139,"purchased_purges":2,"victory":false,"master_deck":["Defend_B","Defend_B","Defend_B","Defend_B","Zap","Streamline","Defragment+1","Capacitor","Consume","Genetic Algorithm","Capacitor","Cold Snap","Fission","Doom and Gloom","Doom and Gloom","Redo","Defragment+1","White Noise","Seek","Doom and Gloom","Madness","Madness","Cold Snap"],"max_hp_per_floor":[75,75,75,75,75,75,75,75,75,75,75,75,75,75,75,75,75,75,75,75,75,75,75,75,75,75,75,75,75,75,75,75,75,75,75,75,75,75,75,75],"relics":["Cracked Core","Happy Flower","Orichalcum","DataDisk","Omamori","Runic Pyramid","Frozen Egg 2","Regal Pillow","Cables","Cursed Key"],"card_choices":[{"not_picked":["Scrape","Compile Driver"],"picked":"Streamline","floor":1},{"not_picked":["Self Repair","Turbo"],"picked":"Defragment","floor":4},{"not_picked":["Auto Shields","FTL"],"picked":"Capacitor","floor":5},{"not_picked":["Lockon","Fusion"],"picked":"Consume","floor":8},{"not_picked":["Rebound","Go for the Eyes"],"picked":"Genetic Algorithm","floor":11},{"not_picked":["Gash","Skim"],"picked":"Capacitor","floor":12},{"not_picked":["Melter","Gash"],"picked":"Cold Snap","floor":14},{"not_picked":["Amplify","Biased Cognition"],"picked":"Fission","floor":16},{"not_picked":["Streamline+1","Stack","Steam"],"picked":"SKIP","floor":18},{"not_picked":["Stack","Blizzard","Barrage"],"picked":"SKIP","floor":20},{"not_picked":["Aggregate","Cold Snap+1"],"picked":"Doom and Gloom","floor":22},{"not_picked":["Static Discharge+1","Gash"],"picked":"Defragment+1","floor":27},{"not_picked":["Blizzard+1","Leap+1"],"picked":"White Noise","floor":29},{"not_picked":["Turbo","Meteor Strike","Hologram"],"picked":"SKIP","floor":31},{"not_picked":["Rainbow","Core Surge"],"picked":"Seek","floor":33},{"not_picked":["Rip and Tear+1","Rebound"],"picked":"Doom and Gloom","floor":35},{"not_picked":["Blizzard","Go for the Eyes"],"picked":"Cold Snap","floor":38}],"player_experience":553026,"potions_floor_usage":[14,16,16,22,22,33,35],"damage_taken":[{"damage":8,"enemies":"Jaw Worm","floor":1,"turns":4},{"damage":2,"enemies":"2 Louse","floor":4,"turns":2},{"damage":1,"enemies":"Cultist","floor":5,"turns":3},{"damage":23,"enemies":"Gremlin Nob","floor":8,"turns":5},{"damage":15,"enemies":"3 Louse","floor":11,"turns":3},{"damage":6,"enemies":"Looter","floor":12,"turns":3},{"damage":13,"enemies":"Exordium Wildlife","floor":14,"turns":3},{"damage":25,"enemies":"Slime Boss","floor":16,"turns":13},{"damage":19,"enemies":"3 Byrds","floor":18,"turns":5},{"damage":6,"enemies":"Spheric Guardian","floor":20,"turns":4},{"damage":53,"enemies":"3 Cultists","floor":22,"turns":6},{"damage":11,"enemies":"Sentry and Sphere","floor":27,"turns":4},{"damage":21,"enemies":"Snake Plant","floor":29,"turns":4},{"damage":11,"enemies":"Centurion and Healer","floor":31,"turns":6},{"damage":29,"enemies":"Collector","floor":33,"turns":12},{"damage":41,"enemies":"3 Darklings","floor":35,"turns":5},{"damage":0,"enemies":"Orb Walker","floor":38,"turns":3},{"damage":35,"enemies":"2 Orb Walkers","floor":40,"turns":3}],"relics_obtained":[{"floor":7,"key":"Orichalcum"},{"floor":8,"key":"DataDisk"},{"floor":9,"key":"Omamori"},{"floor":26,"key":"Regal Pillow"}],"event_choices":[{"event_name":"Scrap Ooze","player_choice":"success","floor":2,"damage_taken":3},{"event_name":"Living Wall","player_choice":"Forget","floor":3,"damage_taken":0},{"event_name":"Liars Game","player_choice":"agreed","floor":10,"damage_taken":0},{"event_name":"The Mausoleum","player_choice":"Yes","floor":19,"damage_taken":0},{"event_name":"The Library","player_choice":"Read","floor":21,"damage_taken":0},{"event_name":"Transmorgrifier","player_choice":"Transform","floor":24,"damage_taken":0},{"event_name":"Cursed Tome","player_choice":"Ignored","floor":30,"damage_taken":0},{"event_name":"Winding Halls","player_choice":"Embrace Madness","floor":36,"damage_taken":0},{"event_name":"Falling","player_choice":"Removed Attack","floor":37,"damage_taken":0}],"boss_relics":[{"not_picked":["Runic Dome","Orrery"],"picked":"Runic Pyramid"},{"not_picked":["Astrolabe","Calling Bell"],"picked":"Cursed Key"}],"items_purged_floors":[28,39],"potions_floor_spawned":[4,5,8,12,16,20,27,33,38],"seed_played":"-2345524732199346700","killed_by":"2 Orb Walkers","ascension_level":3,"potions_obtained":[{"floor":4,"key":"AttackPotion"},{"floor":5,"key":"Strength Potion"},{"floor":8,"key":"PowerPotion"},{"floor":12,"key":"FocusPotion"},{"floor":16,"key":"Regen Potion"},{"floor":20,"key":"SkillPotion"},{"floor":27,"key":"Block Potion"},{"floor":33,"key":"FearPotion"},{"floor":38,"key":"GamblersBrew"}],"is_trial":false}