{"gold_per_floor":[115,115,115,89,102,102,131,131,154,168,168,123,123,135,135,232,232,245,160,177,19,19,19,19,19,19,34,51,14,25,44,44,146,146,160,11,11,22,22,22,22,37,37,37,47,47,60,78,78,78],"floor_reached":50,"playtime":2745,"items_purged":[],"score":655,"play_id":"68addb98-4fde-4abe-bfce-53096750bf9b","local_time":"20190130104413","is_ascension_mode":true,"campfire_choices":[{"data":"Well Laid Plans","floor":6.0,"key":"SMITH"},{"data":"Blur","floor":8.0,"key":"SMITH"},{"data":"Dodge and Roll","floor":11.0,"key":"SMITH"},{"data":"Flying Knee","floor":15.0,"key":"SMITH"},{"floor":23.0,"key":"REST"},{"data":"Survivor","floor":25.0,"key":"SMITH"},{"floor":32,"key":"REST"},{"floor":40,"key":"REST"},{"floor":44,"key":"REST"},{"floor":49,"key":"REST"}],"neow_cost":"NONE","seed_source_timestamp":858488744026219,"circlet_count":0,"master_deck":["Defend_G","Defend_G","Defend_G","Defend_G","Strike_G+1","Strike_G","Strike_G+1","Survivor+1","Neutralize+1","Well Laid Plans+1","Flying Knee+1","Blur+1","Dodge and Roll+1","Die Die Die","Poisoned Stab+1","All Out Attack","Noxious Fumes","Blur+1","Backflip+1","Deflect+1","After Image","Blade Dance+1","Slice+1","Phantasmal Killer+1","Deadly Poison+1","Madness+1","Madness+1","Adrenaline+1"],"special_seed":0,"relics":["Ring of the Serpent","NeowsBlessing","Whetstone","Pen Nib","Gambling Chip","Nilry\u0027s Codex","Toxic Egg 2","Astrolabe","Snake Skull","Du-Vu Doll"],"potions_floor_usage":[30,42,45,50],"damage_taken":[{"damage":0.0,"enemies":"Cultist","floor":1.0,"turns":1.0},{"damage":0.0,"enemies":"Small Slimes","floor":5.0,"turns":1.0},{"damage":0.0,"enemies":"Gremlin Nob","floor":7.0,"turns":1.0},{"damage":0.0,"enemies":"Jaw Worm","floor":10.0,"turns":4.0},{"damage":0.0,"enemies":"Gremlin Gang","floor":14.0,"turns":5.0},{"damage":31.0,"enemies":"Slime Boss","floor":16.0,"turns":12.0},{"damage":0.0,"enemies":"3 Byrds","floor":18.0,"turns":5.0},{"damage":0.0,"enemies":"Chosen","floor":20.0,"turns":6.0},{"damage":6.0,"enemies":"Centurion and Healer","floor":27.0,"turns":6.0},{"damage":18.0,"enemies":"Snake Plant","floor":28.0,"turns":4.0},{"damage":5,"enemies":"Shelled Parasite and Fungi","floor":30,"turns":8},{"damage":14,"enemies":"Cultist and Chosen","floor":31,"turns":9},{"damage":33,"enemies":"Automaton","floor":33,"turns":13},{"damage":4,"enemies":"3 Shapes","floor":35,"turns":8},{"damage":9,"enemies":"Orb Walker","floor":38,"turns":4},{"damage":0,"enemies":"Sphere and 2 Shapes","floor":42,"turns":3},{"damage":35,"enemies":"Jaw Worm Horde","floor":45,"turns":4},{"damage":25,"enemies":"Spire Growth","floor":47,"turns":5},{"damage":0,"enemies":"Maw","floor":48,"turns":8},{"damage":39,"enemies":"Donu and Deca","floor":50,"turns":6}],"seed_played":"-1038584131738714363","potions_obtained":[{"floor":1.0,"key":"SkillPotion"},{"floor":7.0,"key":"Regen Potion"},{"floor":27.0,"key":"Energy Potion"},{"floor":28.0,"key":"LiquidBronze"},{"floor":38,"key":"Fire Potion"},{"floor":42,"key":"Strength Potion"},{"floor":48,"key":"Explosive Potion"}],"is_trial":false,"path_per_floor":["M","?","?","$","M","R","E","R","T","M","R","$","?","M","R","B",null,"M","?","M","$","?","R","$","R","T","M","M","$","M","M","R","B",null,"M","$","?","M","?","R","?","M","T","R","M","$","M","M","R","B"],"character_chosen":"THE_SILENT","items_purchased":["Flying Knee","Dagger Throw","All Out Attack","Noxious Fumes","Blur+1","Snake Skull"],"campfire_rested":5,"item_purchase_floors":[4,12,21,21,29,36],"current_hp_per_floor":[63,63,63,63,63,63,63,63,63,63,63,63,63,70,70,39,62,62,62,62,62,46,67,67,67,67,61,43,43,38,24,45,12,56,52,52,52,43,43,64,55,55,55,70,35,35,10,10,31,0],"gold":78,"neow_bonus":"THREE_ENEMY_KILL","is_prod":false,"is_daily":false,"chose_seed":false,"campfire_upgraded":5,"win_rate":0,"timestamp":1548866653,"path_taken":["M","?","?","?","M","R","E","R","T","?","R","$","?","?","R","BOSS","M","?","M","$","?","R","$","R","T","M","M","?","M","M","R","BOSS","M","?","?","M","?","R","?","M","T","R","M","?","?","M","R","BOSS"],"build_version":"2019-01-23","purchased_purges":0,"victory":false,"max_hp_per_floor":[70,70,70,70,70,70,70,70,70,70,70,70,70,70,70,70,70,70,70,70,70,70,70,70,70,70,70,70,70,70,70,70,70,70,70,70,70,70,70,70,70,70,70,70,70,70,70,70,70,70],"card_choices":[{"not_picked":["Concentrate","Calculated Gamble"],"picked":"Well Laid Plans","floor":1.0},{"not_picked":["Finisher","Acrobatics","Bane"],"picked":"SKIP","floor":5.0},{"not_picked":["Burst","Heel Hook"],"picked":"Blur","floor":7.0},{"not_picked":["Deflect","Flechettes"],"picked":"Dodge and Roll","floor":10.0},{"not_picked":["Deflect","Dagger Throw","Dodge and Roll"],"picked":"SKIP","floor":14.0},{"not_picked":["Envenom","Venomology"],"picked":"Die Die Die","floor":16.0},{"not_picked":["Acrobatics","Heel Hook","Calculated Gamble"],"picked":"SKIP","floor":18.0},{"not_picked":["Sucker Punch","Finisher+1"],"picked":"Poisoned Stab+1","floor":20.0},{"not_picked":["Slice","A Thousand Cuts","Dodge and Roll+1"],"picked":"SKIP","floor":27.0},{"not_picked":["Underhanded Strike","Well Laid Plans","Quick Slash+1"],"picked":"SKIP","floor":28.0},{"not_picked":["Slice","Flying Knee+1"],"picked":"Backflip+1","floor":30},{"not_picked":["Terror+1","Acrobatics+1"],"picked":"Deflect+1","floor":31},{"not_picked":["Wraith Form v2","Envenom"],"picked":"After Image","floor":33},{"not_picked":["Skewer+1","Slice"],"picked":"Deadly Poison+1","floor":35},{"not_picked":["Acrobatics+1","Dagger Spray","Prepared+1"],"picked":"SKIP","floor":38},{"not_picked":["Bane","Sucker Punch+1"],"picked":"Adrenaline+1","floor":42},{"not_picked":["Flying Knee+1","Storm of Steel+1","Setup+1"],"picked":"SKIP","floor":45},{"not_picked":["Acrobatics+1","Flechettes+1","Deadly Poison+1"],"picked":"SKIP","floor":47},{"not_picked":["Prepared+1","Caltrops","Quick Slash+1"],"picked":"SKIP","floor":48}],"player_experience":640369,"relics_obtained":[{"floor":7.0,"key":"Whetstone"},{"floor":9.0,"key":"Pen Nib"},{"floor":22.0,"key":"Nilry\u0027s Codex"},{"floor":26.0,"key":"Toxic Egg 2"},{"floor":43,"key":"Du-Vu Doll"}],"event_choices":[{"damage_healed":0.0,"max_hp_gain":0.0,"max_hp_loss":0.0,"gold_gain":0.0,"event_name":"The Cleric","player_choice":"Leave","floor":2.0,"gold_loss":0.0,"damage_taken":0.0},{"damage_healed":0.0,"max_hp_gain":0.0,"max_hp_loss":0.0,"gold_gain":0.0,"event_name":"Living Wall","player_choice":"Grow","floor":3.0,"gold_loss":0.0,"damage_taken":0.0,"cards_upgraded":["Neutralize"]},{"cards_removed":["Defend_G"],"damage_healed":0.0,"max_hp_gain":0.0,"max_hp_loss":0.0,"gold_gain":0.0,"event_name":"Bonfire Elementals","player_choice":"Offered Basic","floor":13.0,"gold_loss":0.0,"damage_taken":0.0},{"damage_healed":0.0,"max_hp_gain":0.0,"max_hp_loss":0.0,"gold_gain":0.0,"event_name":"Addict","player_choice":"Obtained Relic","floor":19.0,"gold_loss":85.0,"damage_taken":0.0,"relics_obtained":["Gambling Chip"]},{"damage_healed":0.0,"max_hp_gain":0.0,"max_hp_loss":0.0,"gold_gain":0.0,"event_name":"Cursed Tome","player_choice":"Obtained Book","floor":22.0,"gold_loss":0.0,"damage_taken":16.0},{"damage_healed":0,"gold_gain":0,"player_choice":"Memory 1","damage_taken":0,"max_hp_gain":0,"max_hp_loss":0,"event_name":"SensoryStone","floor":37,"gold_loss":0},{"damage_healed":0,"gold_gain":0,"player_choice":"Ignored","damage_taken":0,"max_hp_gain":0,"max_hp_loss":0,"event_name":"Mysterious Sphere","floor":39,"gold_loss":0},{"damage_healed":0,"gold_gain":0,"player_choice":"Embrace Madness","damage_taken":9,"max_hp_gain":0,"max_hp_loss":0,"event_name":"Winding Halls","floor":41,"gold_loss":0,"cards_obtained":["Madness","Madness"]}],"is_beta":true,"boss_relics":[{"not_picked":["White Beast Statue","Empty Cage"],"picked":"Ring of the Serpent"},{"not_picked":["Runic Pyramid","Snecko Eye"],"picked":"Astrolabe"}],"items_purged_floors":[],"is_endless":false,"potions_floor_spawned":[1,7,27,28,38,42,48],"killed_by":"Donu and Deca","ascension_level":7}