{"gold_per_floor":[118,131,148,148,2,2,28,28,80,80,11,23,23,38,38,114,114,125,145,145,60,60,60,72,104,104,104,0,30,30,40,40,40],"floor_reached":33,"playtime":2553,"items_purged":["Strike_R"],"score":495,"play_id":"ad401293-586c-48ae-9d5d-b21f6fefe535","local_time":"20180706160104","is_ascension_mode":true,"campfire_choices":[{"data":"Double Tap","floor":6,"key":"SMITH"},{"data":"Spot Weakness","floor":8,"key":"SMITH"},{"data":"Pommel Strike","floor":10,"key":"SMITH"},{"floor":15,"key":"REST"},{"floor":23,"key":"REST"},{"data":"True Grit","floor":27,"key":"SMITH"},{"data":"Pommel Strike","floor":30,"key":"SMITH"},{"floor":32,"key":"REST"}],"neow_cost":"NONE","seed_source_timestamp":52315642489891,"circlet_count":0,"master_deck":["Strike_R","Strike_R","Strike_R","Strike_R","Defend_R","Defend_R","Defend_R","Defend_R","Bash","AscendersBane","Spot Weakness+1","Double Tap+1","Battle Trance","Pommel Strike+1","Iron Wave","True Grit+1","Metallicize","Iron Wave","Reaper","Pommel Strike+1","Evolve","Whirlwind+1","Iron Wave","Shockwave","Flame Barrier","Flame Barrier","Disarm","Feed"],"relics":["Burning Blood","Orichalcum","Omamori","Prayer Wheel","Bronze Scales","Mark of Pain","Nilry\u0027s Codex","Ancient Tea Set","Strawberry","Frozen Egg 2","Vajra"],"potions_floor_usage":[12,16,24,33],"damage_taken":[{"damage":8,"enemies":"Small Slimes","floor":1,"turns":3},{"damage":1,"enemies":"2 Louse","floor":2,"turns":3},{"damage":3,"enemies":"Jaw Worm","floor":3,"turns":4},{"damage":24,"enemies":"Gremlin Nob","floor":7,"turns":5},{"damage":1,"enemies":"Looter","floor":12,"turns":2},{"damage":4,"enemies":"Large Slime","floor":14,"turns":5},{"damage":6,"enemies":"The Guardian","floor":16,"turns":10},{"damage":7,"enemies":"Shell Parasite","floor":18,"turns":5},{"damage":13,"enemies":"Spheric Guardian","floor":19,"turns":4},{"damage":10,"enemies":"Centurion and Healer","floor":24,"turns":3},{"damage":29,"enemies":"Book of Stabbing","floor":25,"turns":7},{"damage":43,"enemies":"Slavers","floor":29,"turns":5},{"damage":12,"enemies":"3 Cultists","floor":31,"turns":5},{"damage":95,"enemies":"Automaton","floor":33,"turns":12}],"seed_played":"3389214708268941588","potions_obtained":[{"floor":3,"key":"Fire Potion"},{"floor":7,"key":"SteroidPotion"},{"floor":18,"key":"Fire Potion"},{"floor":31,"key":"Dexterity Potion"}],"is_trial":false,"path_per_floor":["M","M","M","?","$","R","E","R","T","R","?","M","?","M","R","B",null,"M","M","?","?","$","R","M","E","T","R","?","E","R","M","R"],"character_chosen":"IRONCLAD","items_purchased":["Battle Trance"],"campfire_rested":3,"item_purchase_floors":[5],"current_hp_per_floor":[66,71,74,39,39,39,21,21,21,21,21,26,31,33,57,57,74,73,66,45,45,45,69,71,55,55,55,55,33,33,58,85,0],"gold":40,"neow_bonus":"RANDOM_COMMON_RELIC","is_prod":false,"is_daily":false,"chose_seed":false,"campfire_upgraded":5,"win_rate":0,"timestamp":1530885664,"path_taken":["M","M","M","?","?","R","E","R","T","R","?","?","?","M","R","BOSS","M","M","?","?","?","R","M","E","T","R","?","E","R","M","R","BOSS"],"build_version":"2018-07-05","purchased_purges":1,"victory":false,"max_hp_per_floor":[75,75,75,75,75,75,75,75,75,75,75,75,80,80,80,80,80,80,80,80,80,80,80,80,87,87,87,87,90,90,90,90,90],"card_choices":[{"not_picked":["Cleave","Clash","Twin Strike"],"picked":"SKIP","floor":1},{"not_picked":["Pommel Strike","Infernal Blade"],"picked":"Spot Weakness","floor":2},{"not_picked":["Sword Boomerang","Clothesline"],"picked":"Double Tap","floor":3},{"not_picked":["Flex","Body Slam"],"picked":"Pommel Strike","floor":7},{"not_picked":["Perfected Strike","Feel No Pain"],"picked":"Iron Wave","floor":12},{"not_picked":["Burning Pact","Pommel Strike"],"picked":"True Grit","floor":12},{"not_picked":["Dual Wield","Shockwave"],"picked":"Metallicize","floor":14},{"not_picked":["Sword Boomerang","Body Slam"],"picked":"Iron Wave","floor":14},{"not_picked":["Fiend Fire","Berserk"],"picked":"Reaper","floor":16},{"not_picked":["Entrench","Sword Boomerang"],"picked":"Pommel Strike","floor":18},{"not_picked":["Armaments","Burning Pact"],"picked":"Evolve","floor":18},{"not_picked":["Heavy Blade","Twin Strike+1"],"picked":"Whirlwind+1","floor":19},{"not_picked":["True Grit","Iron Wave","Perfected Strike"],"picked":"SKIP","floor":19},{"not_picked":["True Grit","Perfected Strike"],"picked":"Iron Wave","floor":19},{"not_picked":["Clothesline","Fire Breathing"],"picked":"Shockwave","floor":24},{"not_picked":["Rupture","Burning Pact"],"picked":"Flame Barrier","floor":24},{"not_picked":["Pummel","Thunderclap","Heavy Blade"],"picked":"SKIP","floor":25},{"not_picked":["Twin Strike","Heavy Blade+1"],"picked":"Flame Barrier","floor":29},{"not_picked":["Blood for Blood","Wild Strike"],"picked":"Disarm","floor":31},{"not_picked":["Thunderclap","Warcry"],"picked":"Feed","floor":31}],"player_experience":279430,"relics_obtained":[{"floor":7,"key":"Prayer Wheel"},{"floor":9,"key":"Bronze Scales"},{"floor":20,"key":"Nilry\u0027s Codex"},{"floor":25,"key":"Strawberry"},{"floor":26,"key":"Frozen Egg 2"},{"floor":29,"key":"Vajra"}],"event_choices":[{"event_name":"Scrap Ooze","player_choice":"success","floor":4,"damage_taken":35},{"event_name":"World of Goop","player_choice":"Left","floor":11,"damage_taken":0},{"event_name":"Big Fish","player_choice":"Donut","floor":13,"damage_taken":0},{"event_name":"Cursed Tome","player_choice":"Obtained Book","floor":20,"damage_taken":0},{"event_name":"Addict","player_choice":"Obtained Relic","floor":21,"damage_taken":0},{"event_name":"Masked Bandits","player_choice":"Paid Bandits 104 gold","floor":28,"damage_taken":0}],"boss_relics":[{"not_picked":["Runic Dome","Philosopher\u0027s Stone"],"picked":"Mark of Pain"}],"items_purged_floors":[5],"is_endless":false,"potions_floor_spawned":[3,7,18,31],"killed_by":"Automaton","ascension_level":15}