{"path_per_floor":["M","?","?","M","?","E","$","R","T","M","?","E","M","?","R","B",null,"M","?","?","M"],"character_chosen":"IRONCLAD","items_purchased":["Bronze Scales","Cleave"],"gold_per_floor":[113,113,63,76,151,487,211,211,211,227,227,261,277,331,331,457,457,478,478,478,499,499],"floor_reached":22,"campfire_rested":1,"playtime":1107,"item_purchase_floors":[7,7],"current_hp_per_floor":[80,80,80,80,69,75,75,75,75,78,78,48,36,36,60,41,80,64,64,48,35,0],"items_purged":["Strike_R"],"gold":499,"score":250,"play_id":"198a6baf-0dce-4db1-908a-ed4b36fe1c19","local_time":"20180612223316","is_prod":false,"is_daily":false,"chose_seed":false,"is_ascension_mode":true,"campfire_upgraded":1,"win_rate":0,"timestamp":1528857196,"campfire_choices":[{"data":"Armaments","floor":8,"key":"SMITH"},{"floor":15,"key":"REST"}],"path_taken":["M","?","?","M","?","E","?","R","T","M","?","E","?","?","R","BOSS","M","?","?","?","M"],"build_version":"2018-06-07v3","seed_source_timestamp":530405918681265,"purchased_purges":1,"victory":false,"master_deck":["Strike_R+1","Strike_R+1","Strike_R+1","Strike_R+1","Defend_R+1","Defend_R+1","Defend_R+1","Bash","Flex","Heavy Blade","Armaments+1","Cleave","Power Through","Metallicize","Offering","Heavy Blade+1"],"max_hp_per_floor":[80,80,80,80,80,80,80,80,80,80,80,80,80,80,80,80,80,80,80,80,80,80],"relics":["Burning Blood","NeowsBlessing","Golden Idol","Old Coin","Bronze Scales","Potion Belt","Centennial Puzzle","Runic Cube","Nilry\u0027s Codex"],"card_choices":[{"not_picked":["Clothesline","Heavy Blade"],"picked":"Flex","floor":1},{"not_picked":["Anger","Armaments"],"picked":"Heavy Blade","floor":4},{"not_picked":["Warcry","Iron Wave"],"picked":"Armaments","floor":6},{"not_picked":["Body Slam","Fire Breathing"],"picked":"Power Through","floor":10},{"not_picked":["Wild Strike","Fire Breathing","Perfected Strike"],"picked":"SKIP","floor":12},{"not_picked":["Bloodletting","Dual Wield"],"picked":"Metallicize","floor":13},{"not_picked":["Exhume","Berserk"],"picked":"Offering","floor":16},{"not_picked":["Clash","Havoc","Pummel"],"picked":"SKIP","floor":18},{"not_picked":["Headbutt","Armaments"],"picked":"Heavy Blade+1","floor":21}],"player_experience":516415,"potions_floor_usage":[12,16,16],"damage_taken":[{"damage":0,"enemies":"Jaw Worm","floor":1,"turns":1},{"damage":0,"enemies":"Small Slimes","floor":4,"turns":1},{"damage":0,"enemies":"3 Sentries","floor":6,"turns":1},{"damage":3,"enemies":"2 Louse","floor":10,"turns":2},{"damage":45,"enemies":"Lagavulin","floor":12,"turns":6},{"damage":18,"enemies":"Exordium Wildlife","floor":13,"turns":4},{"damage":25,"enemies":"The Guardian","floor":16,"turns":14},{"damage":22,"enemies":"Spheric Guardian","floor":18,"turns":5},{"damage":19,"enemies":"Shell Parasite","floor":21,"turns":4},{"damage":37,"enemies":"Centurion and Healer","floor":22,"turns":2}],"relics_obtained":[{"floor":6,"key":"Old Coin"},{"floor":9,"key":"Potion Belt"},{"floor":12,"key":"Centennial Puzzle"},{"floor":20,"key":"Nilry\u0027s Codex"}],"event_choices":[{"event_name":"Golden Idol","player_choice":"Take Wound","floor":2,"damage_taken":0},{"event_name":"The Cleric","player_choice":"Card Removal","floor":3,"damage_taken":0},{"event_name":"World of Goop","player_choice":"Gather Gold","floor":5,"damage_taken":0},{"event_name":"Living Wall","player_choice":"Forget","floor":11,"damage_taken":0},{"event_name":"Golden Wing","player_choice":"Gained Gold","floor":14,"damage_taken":0},{"event_name":"Back to Basics","player_choice":"Simplicity","floor":19,"damage_taken":0},{"event_name":"Cursed Tome","player_choice":"Obtained Book","floor":20,"damage_taken":0}],"boss_relics":[{"not_picked":["Runic Pyramid","White Beast Statue"],"picked":"Runic Cube"}],"items_purged_floors":[7],"potions_floor_spawned":[4,12,13],"seed_played":"-1668654489509600028","killed_by":"Centurion and Healer","ascension_level":3,"potions_obtained":[{"floor":4,"key":"Regen Potion"},{"floor":12,"key":"Strength Potion"},{"floor":13,"key":"Poison Potion"}],"is_trial":false}