{"gold_per_floor":[111,111,111,121,121,121,131,131,203,215,290,290,316,330,330,427,427,447,447,457,471,570,570,584,584],"floor_reached":25,"playtime":593,"items_purged":[],"score":193,"play_id":"9ed38519-8510-494b-93d1-9ba06430fc4f","local_time":"20180724012741","is_ascension_mode":false,"campfire_choices":[{"data":"Bandage Up","floor":6,"key":"SMITH"},{"data":"Backstab","floor":8,"key":"SMITH"},{"data":"Terror","floor":15,"key":"SMITH"},{"data":"Infinite Blades","floor":23,"key":"SMITH"}],"neow_cost":"NONE","seed_source_timestamp":373721478149076,"circlet_count":0,"master_deck":["Defend_G","Defend_G+1","Defend_G","Defend_G","Defend_G+1","Strike_G","Strike_G","Strike_G","Strike_G","Strike_G","Survivor","Neutralize","Deadly Poison+1","Bandage Up+1","Storm of Steel+1","Dagger Spray","Regret","Backstab+1","Parasite","Cloak And Dagger+1","Injury","Terror+1","Unload","Deadly Poison","Infinite Blades+1","Dagger Spray","Riddle With Holes","Dagger Throw","Dagger Spray","Leg Sweep","Terror"],"relics":["Cursed Key","Potion Belt","Shuriken","War Paint","Orrery"],"potions_floor_usage":[10,25,25],"damage_taken":[{"damage":0,"enemies":"2 Louse","floor":1,"turns":4},{"damage":1,"enemies":"Cultist","floor":4,"turns":3},{"damage":1,"enemies":"Small Slimes","floor":7,"turns":4},{"damage":0,"enemies":"Blue Slaver","floor":10,"turns":2},{"damage":11,"enemies":"Exordium Wildlife","floor":14,"turns":4},{"damage":3,"enemies":"Slime Boss","floor":16,"turns":8},{"damage":2,"enemies":"Chosen","floor":18,"turns":3},{"damage":14,"enemies":"2 Thieves","floor":20,"turns":3},{"damage":22,"enemies":"Centurion and Healer","floor":21,"turns":6},{"damage":36,"enemies":"Slaver and Parasite","floor":24,"turns":6},{"damage":15,"enemies":"Gremlin Leader","floor":25,"turns":4}],"seed_played":"-7048779447251181014","potions_obtained":[{"floor":4,"key":"AttackPotion"},{"floor":7,"key":"Energy Potion"},{"floor":16,"key":"FearPotion"},{"floor":24,"key":"GhostInAJar"}],"is_trial":false,"path_per_floor":["M","?","?","M","?","R","M","R","T","M","?","?","T","M","R","B",null,"M","?","M","M","?","R","M"],"character_chosen":"THE_SILENT","items_purchased":[],"campfire_rested":0,"item_purchase_floors":[],"current_hp_per_floor":[70,70,56,59,59,59,64,64,64,70,59,59,59,54,54,57,70,68,68,60,44,44,44,8,0],"gold":584,"neow_bonus":"BOSS_RELIC","is_prod":false,"is_daily":false,"chose_seed":false,"campfire_upgraded":4,"win_rate":0,"timestamp":1532361461,"path_taken":["M","?","?","M","?","R","M","R","T","M","?","?","?","?","R","BOSS","M","?","M","M","?","R","M","E"],"build_version":"2018-07-19v2","purchased_purges":0,"victory":false,"max_hp_per_floor":[70,70,70,70,70,70,70,70,70,70,70,70,70,70,70,70,70,70,70,70,70,70,70,70,70],"card_choices":[{"not_picked":["Outmaneuver","Predator"],"picked":"Deadly Poison","floor":1},{"not_picked":["Bane","Acrobatics"],"picked":"Dagger Spray","floor":4},{"not_picked":["Dagger Throw","Underhanded Strike"],"picked":"Backstab","floor":7},{"not_picked":["PiercingWail","Noxious Fumes"],"picked":"Cloak And Dagger","floor":10},{"not_picked":["Flechettes","Deadly Poison"],"picked":"Terror","floor":14},{"not_picked":["Wraith Form v2","Malaise"],"picked":"Unload","floor":16},{"not_picked":["Eviscerate","Sucker Punch"],"picked":"Deadly Poison","floor":17},{"not_picked":["Reflex","Deflect"],"picked":"Infinite Blades","floor":17},{"not_picked":["Prepared","Eviscerate"],"picked":"Dagger Spray","floor":17},{"not_picked":["Prepared","Deadly Poison"],"picked":"Riddle With Holes","floor":17},{"not_picked":["Blur","Noxious Fumes"],"picked":"Dagger Throw","floor":17},{"not_picked":["Deadly Poison","Deflect"],"picked":"Dagger Spray","floor":18},{"not_picked":["Doppelganger","Escape Plan"],"picked":"Leg Sweep","floor":20},{"not_picked":["Dodge and Roll","Distraction"],"picked":"Terror","floor":21},{"not_picked":["Dagger Spray","Acrobatics","Deadly Poison"],"picked":"SKIP","floor":24}],"player_experience":249442,"relics_obtained":[{"floor":9,"key":"Shuriken"},{"floor":13,"key":"War Paint"}],"event_choices":[{"event_name":"Match and Keep!","player_choice":"2 cards matched","floor":2,"damage_taken":0},{"event_name":"Shining Light","player_choice":"Entered Light","floor":3,"damage_taken":0},{"event_name":"Big Fish","player_choice":"Box","floor":5,"damage_taken":0},{"event_name":"World of Goop","player_choice":"Gather Gold","floor":11,"damage_taken":0},{"event_name":"Living Wall","player_choice":"Grow","floor":12,"damage_taken":0},{"event_name":"The Mausoleum","player_choice":"No","floor":19,"damage_taken":0},{"event_name":"Nest","player_choice":"Stole From Cult","floor":22,"damage_taken":0}],"is_beta":false,"boss_relics":[{"not_picked":["Sozu","Velvet Choker"],"picked":"Orrery"}],"items_purged_floors":[],"is_endless":false,"potions_floor_spawned":[4,7,16,24],"killed_by":"Gremlin Leader","ascension_level":0}