{"gold_per_floor":[119,44,57,18,36,36,71,84,166,166,184,219,244,268,268,398,398,416,416,432,20,39,39,39,39,119,119,119,154,254,254],"floor_reached":31,"playtime":1750,"items_purged":["Strike_G"],"score":301,"play_id":"22862d45-bf46-452b-9a4b-da4ea74bc1b1","local_time":"20190210180430","is_ascension_mode":true,"campfire_choices":[{"data":"Catalyst","floor":6,"key":"SMITH"},{"floor":15,"key":"REST"},{"floor":23,"key":"REST"},{"floor":27,"key":"REST"}],"neow_cost":"NONE","seed_source_timestamp":13905147699733,"circlet_count":0,"master_deck":["Defend_G","Defend_G","Defend_G","Defend_G","Defend_G","Survivor","Neutralize","Deadly Poison","Blur","Catalyst+1","PiercingWail","Prepared","Noxious Fumes","Outmaneuver","Heel Hook+1","Adrenaline","Reflex+1","Bite","Bite","Bite","Bite","Bite","Footwork+1"],"relics":["Ring of the Serpent","NeowsBlessing","Darkstone Periapt","Tiny Chest","Bloody Idol","Bag of Preparation","Vajra","Bronze Scales","Matryoshka","Blood Vial","Dodecahedron","Shovel","Bottled Flame"],"potions_floor_usage":[12,12,16,30,31],"damage_taken":[{"damage":0,"enemies":"Cultist","floor":1,"turns":1},{"damage":0,"enemies":"Jaw Worm","floor":3,"turns":1},{"damage":0,"enemies":"2 Louse","floor":5,"turns":1},{"damage":17,"enemies":"Lagavulin","floor":7,"turns":9},{"damage":2,"enemies":"Looter","floor":8,"turns":4},{"damage":2,"enemies":"Large Slime","floor":11,"turns":4},{"damage":18,"enemies":"Gremlin Nob","floor":12,"turns":5},{"damage":8,"enemies":"Lots of Slimes","floor":14,"turns":4},{"damage":40,"enemies":"Slime Boss","floor":16,"turns":14},{"damage":31,"enemies":"3 Byrds","floor":18,"turns":6},{"damage":19,"enemies":"2 Thieves","floor":20,"turns":5},{"damage":9,"enemies":"Centurion and Healer","floor":22,"turns":7},{"damage":7,"enemies":"Book of Stabbing","floor":29,"turns":5},{"damage":22,"enemies":"Colosseum Slavers","floor":30,"turns":6},{"damage":16,"enemies":"Colosseum Nobs","floor":30,"turns":6},{"damage":46,"enemies":"Gremlin Leader","floor":31,"turns":2}],"seed_played":"-9090383879848181633","potions_obtained":[{"floor":5,"key":"GhostInAJar"},{"floor":8,"key":"SneckoOil"},{"floor":11,"key":"SkillPotion"},{"floor":12,"key":"SteroidPotion"},{"floor":22,"key":"Strength Potion"},{"floor":29,"key":"Block Potion"},{"floor":30,"key":"LiquidBronze"}],"is_trial":false,"path_per_floor":["M","$","M","$","M","R","E","M","T","?","M","E","T","M","R","B",null,"M","T","M","$","M","R","?","$","T","R","?","E","?","E"],"character_chosen":"THE_SILENT","items_purchased":["Catalyst","Adrenaline","Matryoshka"],"campfire_rested":3,"item_purchase_floors":[4,21,21],"current_hp_per_floor":[70,70,70,70,70,70,53,51,51,51,49,31,31,23,42,2,65,34,34,15,15,6,25,25,25,25,38,38,45,45,0],"gold":254,"neow_bonus":"THREE_ENEMY_KILL","is_prod":false,"is_daily":false,"chose_seed":false,"campfire_upgraded":1,"win_rate":0,"timestamp":1549818270,"path_taken":["M","$","?","?","M","R","E","M","T","?","M","E","?","M","R","BOSS","M","?","M","$","M","R","?","$","T","R","?","E","?","E"],"build_version":"2019-01-23","purchased_purges":1,"victory":false,"max_hp_per_floor":[70,70,70,70,70,70,70,70,70,65,65,65,65,65,65,65,65,65,65,65,65,65,65,45,45,45,45,45,45,45,45],"card_choices":[{"not_picked":["Prepared","Poisoned Stab"],"picked":"Deadly Poison","floor":1},{"not_picked":["Expertise","Bouncing Flask"],"picked":"Blur","floor":3},{"not_picked":["Bane","Underhanded Strike"],"picked":"PiercingWail","floor":5},{"not_picked":["Choke","Blade Dance","Accuracy"],"picked":"SKIP","floor":7},{"not_picked":["Tactician","Sucker Punch"],"picked":"Prepared","floor":8},{"not_picked":["Cloak And Dagger","Bane"],"picked":"Noxious Fumes","floor":11},{"not_picked":["Dagger Throw","Night Terror"],"picked":"Outmaneuver","floor":12},{"not_picked":["Infinite Blades","Eviscerate","Sucker Punch"],"picked":"SKIP","floor":14},{"not_picked":["Quick Slash","Poisoned Stab+1"],"picked":"Heel Hook+1","floor":18},{"not_picked":["Dagger Spray","Deflect+1","Prepared"],"picked":"SKIP","floor":20},{"not_picked":["Prepared","Expertise"],"picked":"Reflex+1","floor":22},{"not_picked":["Prepared","Flying Knee"],"picked":"Footwork+1","floor":29}],"player_experience":39189,"relics_obtained":[{"floor":7,"key":"Darkstone Periapt"},{"floor":9,"key":"Tiny Chest"},{"floor":12,"key":"Bag of Preparation"},{"floor":13,"key":"Vajra"},{"floor":19,"key":"Bronze Scales"},{"floor":26,"key":"Blood Vial"},{"floor":29,"key":"Dodecahedron"},{"floor":30,"key":"Shovel"},{"floor":30,"key":"Bottled Flame"}],"event_choices":[{"damage_healed":0,"gold_gain":0,"player_choice":"Lose Max HP","damage_taken":0,"relics_obtained":["Golden Idol"],"max_hp_gain":0,"max_hp_loss":5,"event_name":"Golden Idol","floor":10,"gold_loss":0},{"damage_healed":0,"gold_gain":0,"player_choice":"Became a vampire","damage_taken":0,"max_hp_gain":0,"max_hp_loss":20,"event_name":"Vampires","floor":24,"gold_loss":0,"cards_obtained":["Bite","Bite","Bite","Bite","Bite"]},{"damage_healed":0,"gold_gain":0,"player_choice":"Gave Idol","damage_taken":0,"relics_obtained":["Bloody Idol"],"max_hp_gain":0,"max_hp_loss":0,"event_name":"Forgotten Altar","floor":28,"relics_lost":["Golden Idol"],"gold_loss":0},{"damage_healed":0,"gold_gain":0,"player_choice":"Fight","damage_taken":0,"max_hp_gain":0,"max_hp_loss":0,"event_name":"Colosseum","floor":30,"gold_loss":0},{"damage_healed":0,"gold_gain":0,"player_choice":"Fought Nobs","damage_taken":0,"max_hp_gain":0,"max_hp_loss":0,"event_name":"Colosseum","floor":30,"gold_loss":0}],"is_beta":false,"boss_relics":[{"not_picked":["Black Star","Tiny House"],"picked":"Ring of the Serpent"}],"items_purged_floors":[2],"is_endless":false,"potions_floor_spawned":[5,8,11,12,22,29,30,30],"killed_by":"Gremlin Leader","ascension_level":1}