{"gold_per_floor":[112,187,205,205,205,234,248,248,329,342,342,18,28,28,28,28],"floor_reached":16,"playtime":683,"items_purged":["Regret"],"score":175,"play_id":"80681447-7e9e-45dc-bbab-cde58bde4e67","local_time":"20180710161555","is_ascension_mode":true,"campfire_choices":[{"floor":8,"key":"REST"},{"floor":11,"key":"DIG"},{"floor":15,"key":"DIG"}],"neow_cost":"CURSE","seed_source_timestamp":256587627094913,"circlet_count":0,"master_deck":["Defend_G","Defend_G","Defend_G","Defend_G","Defend_G","Strike_G","Strike_G","Strike_G","Strike_G","Strike_G","Survivor","Neutralize","AscendersBane","Well Laid Plans","Dash","Prepared","Cloak And Dagger","Finisher","Acrobatics"],"relics":["Ring of the Snake","Shovel","Bronze Scales","Gremlin Horn","Centennial Puzzle","Tough Bandages","Singing Bowl"],"potions_floor_usage":[16,16],"damage_taken":[{"damage":8,"enemies":"Small Slimes","floor":1,"turns":5},{"damage":6,"enemies":"2 Louse","floor":3,"turns":3},{"damage":13,"enemies":"3 Sentries","floor":6,"turns":13},{"damage":0,"enemies":"Jaw Worm","floor":7,"turns":4},{"damage":6,"enemies":"Large Slime","floor":10,"turns":7},{"damage":0,"enemies":"Lots of Slimes","floor":13,"turns":3},{"damage":37,"enemies":"Slime Boss","floor":16,"turns":11}],"seed_played":"1535886469863930396","potions_obtained":[{"floor":6,"key":"LiquidBronze"},{"floor":7,"key":"EssenceOfSteel"}],"is_trial":false,"path_per_floor":["M","?","M","?","?","E","M","R","T","M","R","$","M","$","R"],"character_chosen":"THE_SILENT","items_purchased":["Tough Bandages"],"campfire_rested":1,"item_purchase_floors":[12],"current_hp_per_floor":[51,40,34,34,34,21,21,40,40,34,34,34,34,34,34,0],"gold":28,"neow_bonus":"ONE_RARE_RELIC","is_prod":false,"is_daily":false,"chose_seed":false,"campfire_upgraded":0,"win_rate":0,"timestamp":1531232155,"path_taken":["M","?","M","?","?","E","M","R","T","M","R","$","M","$","R","BOSS"],"build_version":"2018-07-05","purchased_purges":1,"victory":false,"max_hp_per_floor":[66,66,66,66,66,66,66,66,66,66,66,66,66,66,66,66],"card_choices":[{"not_picked":["Prepared","Acrobatics"],"picked":"Well Laid Plans","floor":1},{"not_picked":["Eviscerate","All Out Attack"],"picked":"Dash","floor":3},{"not_picked":["Underhanded Strike","Poisoned Stab"],"picked":"Prepared","floor":6},{"not_picked":["Deflect","Slice"],"picked":"Cloak And Dagger","floor":7},{"not_picked":["Backflip","Finisher","Prepared"],"picked":"SKIP","floor":10},{"not_picked":["Backflip","Prepared"],"picked":"Finisher","floor":10},{"not_picked":["Dodge and Roll","Setup"],"picked":"Acrobatics","floor":13}],"player_experience":1019642,"relics_obtained":[{"floor":6,"key":"Bronze Scales"},{"floor":9,"key":"Gremlin Horn"},{"floor":11,"key":"Centennial Puzzle"},{"floor":15,"key":"Singing Bowl"}],"event_choices":[{"event_name":"World of Goop","player_choice":"Gather Gold","floor":2,"damage_taken":0},{"event_name":"Liars Game","player_choice":"disagreed","floor":4,"damage_taken":0},{"event_name":"Golden Idol","player_choice":"Ignored","floor":5,"damage_taken":0}],"boss_relics":[],"items_purged_floors":[12],"is_endless":false,"potions_floor_spawned":[6,7,10],"killed_by":"Slime Boss","ascension_level":15}