{"gold_per_floor":[116,136,136,149,149,149,164,180,180,200,220,239,204,204,204,303,303,316,316,334,15,35,35,53,53,100,100,100,50,50,50,50,50],"floor_reached":33,"playtime":1978,"items_purged":["Dual Wield"],"score":264,"play_id":"dd90206d-a817-48cd-a7c9-2f1605605ece","local_time":"20190118204004","is_ascension_mode":false,"campfire_choices":[{"data":"Combust","floor":6,"key":"SMITH"},{"data":"Shrug It Off","floor":15,"key":"SMITH"},{"data":"Combust","floor":23,"key":"SMITH"},{"floor":28,"key":"REST"},{"data":"Iron Wave","floor":30,"key":"SMITH"},{"floor":32,"key":"REST"}],"neow_cost":"NONE","seed_source_timestamp":616003830534689,"circlet_count":0,"master_deck":["Strike_R","Strike_R","Strike_R","Strike_R","Strike_R","Defend_R","Defend_R","Defend_R","Defend_R","Bash","Shrug It Off","Combust+1","Havoc","Dual Wield+1","Clothesline","Shrug It Off+1","Rampage","Feed","Iron Wave+1","J.A.X.","Cleave","Iron Wave+1","Combust+1","Headbutt"],"relics":["Black Blood","Darkstone Periapt","Pear","Juzu Bracelet","Pen Nib"],"potions_floor_usage":[7,8,16,16,18,31,33],"damage_taken":[{"damage":11,"enemies":"2 Louse","floor":1,"turns":3},{"damage":1,"enemies":"Jaw Worm","floor":2,"turns":4},{"damage":3,"enemies":"Cultist","floor":4,"turns":3},{"damage":9,"enemies":"2 Fungi Beasts","floor":7,"turns":4},{"damage":10,"enemies":"Large Slime","floor":8,"turns":4},{"damage":9,"enemies":"Looter","floor":10,"turns":4},{"damage":27,"enemies":"Lots of Slimes","floor":11,"turns":4},{"damage":17,"enemies":"2 Fungi Beasts","floor":12,"turns":3},{"damage":52,"enemies":"Slime Boss","floor":16,"turns":10},{"damage":14,"enemies":"3 Byrds","floor":18,"turns":2},{"damage":24,"enemies":"Chosen","floor":20,"turns":5},{"damage":14,"enemies":"Snecko","floor":22,"turns":5},{"damage":52,"enemies":"Shelled Parasite and Fungi","floor":24,"turns":7},{"damage":36,"enemies":"Colosseum Slavers","floor":31,"turns":3},{"damage":48,"enemies":"Automaton","floor":33,"turns":6}],"seed_played":"-5541806920450563571","potions_obtained":[{"floor":2,"key":"FearPotion"},{"floor":4,"key":"Swift Potion"},{"floor":7,"key":"LiquidBronze"},{"floor":12,"key":"AttackPotion"},{"floor":16,"key":"Swift Potion"},{"floor":20,"key":"Swift Potion"},{"floor":22,"key":"PowerPotion"}],"is_trial":false,"path_per_floor":["M","M","?","M","?","R","M","M","T","M","M","M","?","?","R","B",null,"M","?","M","$","M","R","M","$","T","?","R","?","R","?","R","B"],"character_chosen":"IRONCLAD","items_purchased":["Juzu Bracelet","Iron Wave","GamblersBrew"],"campfire_rested":2,"item_purchase_floors":[21,21,21],"current_hp_per_floor":[83,88,70,73,73,73,70,66,76,73,52,41,65,65,65,19,98,94,94,80,80,76,76,34,34,34,14,44,44,44,18,48,0],"gold":50,"neow_bonus":"TEN_PERCENT_HP_BONUS","is_prod":false,"is_daily":false,"chose_seed":false,"campfire_upgraded":4,"win_rate":0,"timestamp":1547872804,"path_taken":["M","M","?","M","?","R","M","M","T","M","M","?","?","?","R","BOSS","M","?","M","$","M","R","M","$","T","?","R","?","R","?","R","BOSS"],"build_version":"2019-01-17v2","purchased_purges":1,"victory":false,"max_hp_per_floor":[88,88,88,88,88,88,88,88,98,98,98,98,98,98,98,98,98,98,98,98,98,98,98,98,98,98,103,103,103,103,103,103,103],"card_choices":[{"not_picked":["Pommel Strike","Second Wind"],"picked":"Shrug It Off","floor":1},{"not_picked":["Anger","Pommel Strike"],"picked":"Combust","floor":2},{"not_picked":["Sever Soul","Inflame"],"picked":"Havoc","floor":4},{"not_picked":["Wild Strike","True Grit"],"picked":"Dual Wield","floor":7},{"not_picked":["Armaments","Havoc"],"picked":"Dual Wield","floor":8},{"not_picked":["Dual Wield","Havoc"],"picked":"Clothesline","floor":10},{"not_picked":["Combust","Armaments"],"picked":"Shrug It Off","floor":11},{"not_picked":["Reckless Charge","Dual Wield"],"picked":"Rampage","floor":12},{"not_picked":["Brutality","Limit Break"],"picked":"Feed","floor":16},{"not_picked":["Intimidate","Pommel Strike"],"picked":"Iron Wave+1","floor":18},{"not_picked":["Reckless Charge","Thunderclap"],"picked":"Cleave","floor":20},{"not_picked":["Dark Embrace","Feel No Pain"],"picked":"Combust","floor":22},{"not_picked":["Shrug It Off","Uppercut"],"picked":"Headbutt","floor":24}],"player_experience":132031,"relics_obtained":[{"floor":9,"key":"Pear"},{"floor":26,"key":"Pen Nib"}],"event_choices":[{"damage_healed":0,"gold_gain":0,"player_choice":"Success","damage_taken":18,"relics_obtained":["Darkstone Periapt"],"max_hp_gain":0,"max_hp_loss":0,"event_name":"Scrap Ooze","floor":3,"gold_loss":0},{"damage_healed":0,"gold_gain":0,"player_choice":"Ignored","damage_taken":0,"max_hp_gain":0,"max_hp_loss":0,"event_name":"NoteForYourself","floor":5,"gold_loss":0},{"damage_healed":24,"gold_gain":0,"player_choice":"Healed","damage_taken":0,"max_hp_gain":0,"max_hp_loss":0,"event_name":"The Cleric","floor":13,"gold_loss":35},{"damage_healed":0,"gold_gain":0,"player_choice":"Grow","damage_taken":0,"max_hp_gain":0,"max_hp_loss":0,"event_name":"Living Wall","floor":14,"gold_loss":0,"cards_upgraded":["Dual Wield"]},{"damage_healed":0,"gold_gain":0,"player_choice":"Obtain J.A.X.","damage_taken":0,"max_hp_gain":0,"max_hp_loss":0,"event_name":"Drug Dealer","floor":19,"gold_loss":0,"cards_obtained":["J.A.X."]},{"damage_healed":0,"gold_gain":0,"player_choice":"Shed Blood","damage_taken":25,"max_hp_gain":5,"max_hp_loss":0,"event_name":"Forgotten Altar","floor":27,"gold_loss":0},{"damage_healed":0,"gold_gain":0,"player_choice":"Bet on Murderer","damage_taken":0,"max_hp_gain":0,"max_hp_loss":0,"event_name":"The Joust","floor":29,"gold_loss":50},{"damage_healed":0,"gold_gain":0,"player_choice":"Fight","damage_taken":0,"max_hp_gain":0,"max_hp_loss":0,"event_name":"Colosseum","floor":31,"gold_loss":0},{"damage_healed":0,"gold_gain":0,"player_choice":"Fled From Nobs","damage_taken":0,"max_hp_gain":0,"max_hp_loss":0,"event_name":"Colosseum","floor":31,"gold_loss":0}],"is_beta":false,"boss_relics":[{"not_picked":["Ectoplasm","Calling Bell"],"picked":"Black Blood"}],"items_purged_floors":[21],"is_endless":false,"potions_floor_spawned":[2,4,7,12,16,20,22],"killed_by":"Automaton","ascension_level":0}