{"gold_per_floor":[119,119,119,130,33,68,68,85,115,115,115,67,125,27,27,123,123,33,33,33,33,33,33,33,33,33,33,33,33,33,33,33,33],"floor_reached":33,"playtime":1805,"items_purged":["Normality"],"score":362,"play_id":"42c1ada5-93b4-4619-b474-02ca8eb8fa08","local_time":"20180810231420","is_ascension_mode":true,"campfire_choices":[{"floor":7,"key":"REST"},{"floor":10,"key":"REST"},{"floor":15,"key":"REST"},{"floor":23,"key":"REST"},{"data":"Neutralize","floor":25,"key":"SMITH"},{"data":"Infinite Blades","floor":28,"key":"SMITH"},{"floor":32,"key":"REST"}],"neow_cost":"NONE","seed_source_timestamp":293359713157431,"circlet_count":0,"master_deck":["Defend_G","Defend_G","Defend_G","Defend_G","Defend_G","Strike_G","Strike_G","Strike_G","Strike_G","Strike_G","Survivor","Neutralize+1","AscendersBane","Footwork","Sucker Punch","Deadly Poison","PiercingWail","A Thousand Cuts","Infinite Blades+1","Backflip","Caltrops","Cloak And Dagger","Adrenaline","Dodge and Roll","Sucker Punch","Dagger Spray+1","Riddle With Holes","Backstab"],"relics":["Lizard Tail","Dodecahedron","Kunai","Tiny Chest","CultistMask","Gremlin Horn","Ectoplasm","Bottled Flame","Darkstone Periapt","Lantern"],"potions_floor_usage":[16,16,22,22,27],"damage_taken":[{"damage":7,"enemies":"Cultist","floor":1,"turns":6},{"damage":2,"enemies":"Jaw Worm","floor":4,"turns":6},{"damage":30,"enemies":"Lagavulin","floor":6,"turns":11},{"damage":16,"enemies":"Small Slimes","floor":8,"turns":4},{"damage":31,"enemies":"Gremlin Nob","floor":13,"turns":5},{"damage":15,"enemies":"Hexaghost","floor":16,"turns":11},{"damage":33,"enemies":"2 Thieves","floor":18,"turns":5},{"damage":15,"enemies":"Chosen","floor":19,"turns":6},{"damage":18,"enemies":"Snake Plant","floor":22,"turns":5},{"damage":7,"enemies":"3 Cultists","floor":27,"turns":6},{"damage":18,"enemies":"Centurion and Healer","floor":29,"turns":8},{"damage":49,"enemies":"Collector","floor":33,"turns":15}],"seed_played":"-2851489078563095584","potions_obtained":[{"floor":13,"key":"EssenceOfSteel"},{"floor":16,"key":"Strength Potion"},{"floor":19,"key":"Dexterity Potion"},{"floor":22,"key":"Energy Potion"}],"is_trial":false,"path_per_floor":["M","?","?","M","$","E","R","M","T","R","?","$","?","$","R","B",null,"M","M","?","T","M","R","$","R","T","M","R","M","$","?","R"],"character_chosen":"THE_SILENT","items_purchased":["PiercingWail","Backflip","Cloak And Dagger","PowerPotion"],"campfire_rested":5,"item_purchase_floors":[5,12,14,14],"current_hp_per_floor":[56,49,49,47,47,17,38,22,22,43,43,43,12,12,33,18,57,24,9,9,9,27,48,48,48,48,41,41,23,23,23,44,0],"gold":33,"neow_bonus":"BOSS_RELIC","is_prod":false,"is_daily":false,"chose_seed":false,"campfire_upgraded":2,"win_rate":0,"timestamp":1533957260,"path_taken":["M","?","?","M","$","E","R","M","T","R","?","$","?","$","R","BOSS","M","M","?","?","M","R","$","R","T","M","R","M","$","?","R","BOSS"],"build_version":"2018-08-09","purchased_purges":1,"victory":false,"max_hp_per_floor":[70,70,70,70,70,70,70,70,70,70,70,70,70,70,70,70,70,70,70,70,70,70,70,70,70,70,70,70,70,70,70,70,70],"card_choices":[{"not_picked":["Prepared","Calculated Gamble"],"picked":"Footwork","floor":1},{"not_picked":["Dagger Spray","Calculated Gamble"],"picked":"Deadly Poison","floor":4},{"not_picked":["Slice","Cloak And Dagger"],"picked":"A Thousand Cuts","floor":6},{"not_picked":["Prepared","Reflex"],"picked":"Infinite Blades","floor":8},{"not_picked":["Underhanded Strike","Poisoned Stab"],"picked":"Caltrops","floor":13},{"not_picked":["A Thousand Cuts","Die Die Die"],"picked":"Adrenaline","floor":16},{"not_picked":["Catalyst","Acrobatics"],"picked":"Dodge and Roll","floor":18},{"not_picked":["Masterful Stab","Prepared+1"],"picked":"Sucker Punch","floor":19},{"not_picked":["Sucker Punch","Deflect"],"picked":"Dagger Spray+1","floor":22},{"not_picked":["Tactician+1","Sucker Punch"],"picked":"Riddle With Holes","floor":27},{"not_picked":["Backflip","Caltrops"],"picked":"Backstab","floor":29}],"player_experience":1481733,"relics_obtained":[{"floor":6,"key":"Kunai"},{"floor":9,"key":"Tiny Chest"},{"floor":13,"key":"Gremlin Horn"},{"floor":21,"key":"Bottled Flame"},{"floor":26,"key":"Darkstone Periapt"}],"event_choices":[{"event_name":"Scrap Ooze","player_choice":"success","floor":2,"damage_taken":7},{"event_name":"Match and Keep!","player_choice":"2 cards matched","floor":3,"damage_taken":0},{"event_name":"FaceTrader","player_choice":"Trade","floor":11,"damage_taken":0},{"event_name":"Dead Adventurer","player_choice":"Searched \u00272\u0027 times","floor":13,"damage_taken":0},{"event_name":"Ghosts","player_choice":"Ignored","floor":20,"damage_taken":0},{"event_name":"The Mausoleum","player_choice":"Yes","floor":31,"damage_taken":0}],"is_beta":false,"boss_relics":[{"not_picked":["Coffee Dripper","Eternal Feather"],"picked":"Ectoplasm"}],"items_purged_floors":[5],"is_endless":false,"potions_floor_spawned":[13,16,19,22],"killed_by":"Collector","ascension_level":10}