{"path_per_floor":["M","?","?","M","?","R","M","M","T","$","M","M","E","?","R","B",null,"M","$","M","?"],"character_chosen":"IRONCLAD","items_purchased":["Inflame","Heavy Blade","Flex"],"gold_per_floor":[116,116,116,130,130,130,146,169,196,87,102,127,170,170,170,290,290,311,236,250,250,250],"floor_reached":22,"campfire_rested":2,"playtime":1023,"item_purchase_floors":[10,19,19],"current_hp_per_floor":[71,51,51,52,45,69,69,53,53,53,45,32,7,7,46,8,80,56,56,31,31,0],"items_purged":["Strike_R"],"gold":250,"score":186,"play_id":"1641381b-7bba-4909-8a3a-3f35e6d16256","local_time":"20180612170110","is_prod":false,"is_daily":false,"chose_seed":false,"is_ascension_mode":false,"campfire_upgraded":0,"win_rate":0,"timestamp":1528837270,"campfire_choices":[{"floor":6,"key":"REST"},{"floor":15,"key":"REST"}],"path_taken":["M","?","?","M","?","R","M","M","T","$","M","?","E","?","R","BOSS","M","$","M","?","M"],"build_version":"2018-06-07v3","seed_source_timestamp":510535770239402,"purchased_purges":1,"victory":false,"master_deck":["Strike_R","Strike_R","Strike_R","Defend_R","Defend_R","Bash","Pommel Strike","Rupture","Clash","Spot Weakness","Inflame","Pommel Strike","Thunderclap","Limit Break+1","Limit Break","Heavy Blade","Heavy Blade","Flex","Spot Weakness"],"max_hp_per_floor":[80,80,80,80,80,80,80,80,80,80,80,80,80,80,80,80,80,80,80,80,80,80],"relics":["Burning Blood","Golden Idol","Happy Flower","Regal Pillow","Black Star"],"card_choices":[{"not_picked":["Uppercut","Disarm"],"picked":"Pommel Strike","floor":1},{"not_picked":["Wild Strike","Clash"],"picked":"Rupture","floor":4},{"not_picked":["Corruption","True Grit"],"picked":"Clash","floor":7},{"not_picked":["Fire Breathing","Juggernaut"],"picked":"Spot Weakness","floor":8},{"not_picked":["Second Wind","Cleave"],"picked":"Pommel Strike","floor":11},{"not_picked":["Clash","Wild Strike"],"picked":"Thunderclap","floor":12},{"not_picked":["Flex","True Grit"],"picked":"Limit Break","floor":13},{"not_picked":["Bludgeon","Immolate"],"picked":"Limit Break","floor":16},{"not_picked":["Perfected Strike","Shrug It Off"],"picked":"Heavy Blade","floor":18},{"not_picked":["Pommel Strike","Perfected Strike"],"picked":"Spot Weakness","floor":20}],"player_experience":500297,"potions_floor_usage":[13,16,22],"damage_taken":[{"damage":15,"enemies":"Small Slimes","floor":1,"turns":4},{"damage":5,"enemies":"2 Louse","floor":4,"turns":2},{"damage":6,"enemies":"Cultist","floor":7,"turns":3},{"damage":22,"enemies":"Exordium Thugs","floor":8,"turns":3},{"damage":14,"enemies":"2 Fungi Beasts","floor":11,"turns":3},{"damage":19,"enemies":"Exordium Wildlife","floor":12,"turns":3},{"damage":31,"enemies":"3 Sentries","floor":13,"turns":6},{"damage":44,"enemies":"The Guardian","floor":16,"turns":8},{"damage":30,"enemies":"Spheric Guardian","floor":18,"turns":4},{"damage":31,"enemies":"3 Byrds","floor":20,"turns":5},{"damage":36,"enemies":"3 Cultists","floor":22,"turns":3}],"relics_obtained":[{"floor":9,"key":"Happy Flower"},{"floor":13,"key":"Regal Pillow"}],"event_choices":[{"event_name":"Golden Idol","player_choice":"Take Damage","floor":2,"damage_taken":0},{"event_name":"Bonfire Elementals","player_choice":"BASIC","floor":3,"damage_taken":0},{"event_name":"Golden Wing","player_choice":"Card Removal","floor":5,"damage_taken":0},{"event_name":"Liars Game","player_choice":"disagreed","floor":14,"damage_taken":0},{"event_name":"Upgrade Shrine","player_choice":"Upgraded","floor":21,"damage_taken":0}],"boss_relics":[{"not_picked":["Runic Dome","Pandora\u0027s Box"],"picked":"Black Star"}],"items_purged_floors":[10],"potions_floor_spawned":[4,7,16],"seed_played":"-4739441606554154869","killed_by":"3 Cultists","ascension_level":0,"potions_obtained":[{"floor":4,"key":"Weak Potion"},{"floor":7,"key":"FearPotion"},{"floor":16,"key":"Strength Potion"}],"is_trial":false}