{"gold_per_floor":[115,126,126,145,20,51,51,70,93,111,111,136,136,28,28,131,131,142,171,171,24,24,24,42,42,93,124,124,158,158,171,171,270,270,288,304,304,352,365,365,587,603,628,646,658,676,576,593,593,593],"floor_reached":50,"playtime":2914,"items_purged":["Strike_G","Outmaneuver+1"],"score":740,"play_id":"f0b6aa6f-fc87-4a34-a764-7af378c86369","local_time":"20180802095812","is_ascension_mode":true,"campfire_choices":[{"floor":11.0,"key":"REST"},{"floor":15.0,"key":"REST"},{"floor":23.0,"key":"REST"},{"floor":25.0,"key":"REST"},{"data":"After Image","floor":28.0,"key":"SMITH"},{"floor":30.0,"key":"REST"},{"floor":32.0,"key":"REST"},{"floor":40.0,"key":"REST"},{"floor":49.0,"key":"REST"}],"neow_cost":"NONE","seed_source_timestamp":660164670651041,"circlet_count":0,"master_deck":["Survivor+1","Neutralize+1","Footwork","Choke","Riddle With Holes","Noxious Fumes","Deadly Poison","Backflip","Cloak And Dagger","Terror","Noxious Fumes","Cloak And Dagger","After Image+1","Deadly Poison","Cloak And Dagger","Dash","Cloak And Dagger","Infinite Blades+1","Corpse Explosion+1","Tools of the Trade","PiercingWail+1","Dagger Spray","Acrobatics+1","Outmaneuver+1","Acrobatics+1","Dagger Spray","Catalyst+1","Deadly Poison+1","Panache","Cloak And Dagger+1","Noxious Fumes+1","Backstab+1","Poisoned Stab","Bouncing Flask+1","Dash+1","Crippling Poison+1","Deadly Poison+1","Dodge and Roll+1"],"special_seed":0,"relics":["Sozu","Snake Skull","Regal Pillow","Pen Nib","Black Star","Red Mask","Dodecahedron","Art of War","Toxic Egg 2","Kunai","Oddly Smooth Stone","Centennial Puzzle","Pandora\u0027s Box","Prayer Wheel","Anchor"],"potions_floor_usage":[],"damage_taken":[{"damage":1.0,"enemies":"Jaw Worm","floor":1.0,"turns":4.0},{"damage":0.0,"enemies":"Cultist","floor":2.0,"turns":5.0},{"damage":0.0,"enemies":"2 Louse","floor":4.0,"turns":3.0},{"damage":1.0,"enemies":"Lagavulin","floor":6.0,"turns":6.0},{"damage":6.0,"enemies":"Looter","floor":8.0,"turns":3.0},{"damage":12.0,"enemies":"2 Fungi Beasts","floor":10.0,"turns":2.0},{"damage":26.0,"enemies":"Gremlin Nob","floor":12.0,"turns":4.0},{"damage":11.0,"enemies":"Slime Boss","floor":16.0,"turns":10.0},{"damage":14.0,"enemies":"Chosen","floor":18.0,"turns":6.0},{"damage":44.0,"floor":19.0,"turns":5.0},{"damage":23.0,"enemies":"Shell Parasite","floor":24.0,"turns":5.0},{"damage":30.0,"enemies":"Book of Stabbing","floor":27.0,"turns":7.0},{"damage":19.0,"enemies":"Slavers","floor":29.0,"turns":9.0},{"damage":6.0,"enemies":"Snecko","floor":31.0,"turns":4.0},{"damage":67.0,"enemies":"Champ","floor":33.0,"turns":11.0},{"damage":8.0,"enemies":"Flame Bruiser 1 Orb","floor":35.0,"turns":6.0},{"damage":14.0,"enemies":"Orb Walker","floor":36.0,"turns":4.0},{"damage":7.0,"floor":38.0,"turns":3.0},{"damage":5.0,"enemies":"Transient","floor":39.0,"turns":5.0},{"damage":26.0,"enemies":"Flame Bruiser 2 Orb","floor":42.0,"turns":5.0},{"damage":0.0,"enemies":"Maw","floor":44.0,"turns":6.0},{"damage":3.0,"enemies":"Spire Growth","floor":45.0,"turns":4.0},{"damage":19.0,"enemies":"Sphere and 2 Shapes","floor":46.0,"turns":5.0},{"damage":4.0,"enemies":"4 Shapes","floor":48.0,"turns":4.0},{"damage":45,"enemies":"Awakened One","floor":50,"turns":7}],"seed_played":"-1518164588031018282","potions_obtained":[],"is_trial":false,"path_per_floor":["M","M","?","M","$","E","?","M","T","M","R","E","?","$","R","B",null,"M","?","T","$","?","R","M","R","T","E","R","E","R","M","R","B",null,"M","M","?","?","M","R","?","M","T","M","M","M","$","M","R"],"character_chosen":"THE_SILENT","items_purchased":["Noxious Fumes","Deadly Poison","Noxious Fumes","Cloak And Dagger","Dash"],"campfire_rested":8,"item_purchase_floors":[5,5,14,14,21],"current_hp_per_floor":[62,62,62,62,62,61,47,41,41,29,65,39,39,39,70,59,67,53,9,9,9,9,45,22,58,58,28,28,9,45,39,70,3,53,45,31,31,24,19,55,55,29,29,29,26,7,7,3,39,0],"gold":593,"neow_bonus":"BOSS_RELIC","is_prod":false,"is_daily":false,"chose_seed":false,"campfire_upgraded":1,"win_rate":0,"timestamp":1533218292,"path_taken":["M","M","?","M","$","E","?","M","T","M","R","E","?","$","R","BOSS","M","?","?","$","?","R","M","R","T","E","R","E","R","M","R","BOSS","M","?","?","?","?","R","?","M","T","?","M","M","?","M","R","BOSS"],"build_version":"2018-07-26","purchased_purges":2,"victory":false,"max_hp_per_floor":[70,70,70,70,70,70,70,70,70,70,70,70,70,70,70,70,70,70,70,70,70,70,70,70,70,70,70,70,70,70,70,70,70,70,70,70,70,70,70,70,70,70,70,70,70,70,70,70,70,70],"card_choices":[{"not_picked":["Slice","Deadly Poison"],"picked":"Footwork","floor":1.0},{"not_picked":["Bane","Setup"],"picked":"Choke","floor":2.0},{"not_picked":["Reflex","Skewer"],"picked":"Riddle With Holes","floor":4.0},{"not_picked":["Endless Agony","Flying Knee","Tactician"],"picked":"SKIP","floor":6.0},{"not_picked":["Well Laid Plans","Outmaneuver"],"picked":"Backflip","floor":8.0},{"not_picked":["Flying Knee","Dagger Spray"],"picked":"Cloak And Dagger","floor":10.0},{"not_picked":["Corpse Explosion","Footwork"],"picked":"Terror","floor":12.0},{"not_picked":["Malaise","Phantasmal Killer"],"picked":"After Image","floor":16.0},{"not_picked":["Backflip+1","PiercingWail"],"picked":"Deadly Poison","floor":18.0},{"not_picked":["Flying Knee","Quick Slash"],"picked":"Cloak And Dagger","floor":19.0},{"not_picked":["Quick Slash","Acrobatics"],"picked":"Cloak And Dagger","floor":24.0},{"not_picked":["Flying Knee","Reflex"],"picked":"Infinite Blades+1","floor":27.0},{"not_picked":["Bane+1","Backflip+1"],"picked":"Corpse Explosion+1","floor":29.0},{"not_picked":["Prepared+1","Deflect+1","Underhanded Strike+1"],"picked":"SKIP","floor":31.0},{"not_picked":["Corpse Explosion+1","Malaise+1"],"picked":"Tools of the Trade","floor":33.0},{"not_picked":["Quick Slash","Infinite Blades+1"],"picked":"Deadly Poison+1","floor":35.0},{"not_picked":["Prepared+1","Slice","Concentrate+1"],"picked":"SKIP","floor":36.0},{"not_picked":["Apotheosis+1","Mind Blast"],"picked":"Panache","floor":37.0},{"not_picked":["Dagger Spray+1","Finisher"],"picked":"Cloak And Dagger+1","floor":38.0},{"not_picked":["Calculated Gamble+1","Dagger Spray+1"],"picked":"Noxious Fumes+1","floor":39.0},{"not_picked":["Setup+1","Slice"],"picked":"Backstab+1","floor":39.0},{"not_picked":["All Out Attack+1","Flying Knee+1"],"picked":"Poisoned Stab","floor":42.0},{"not_picked":["Slice+1","Flying Knee+1","Doppelganger+1"],"picked":"SKIP","floor":42.0},{"not_picked":["Flechettes","Terror+1"],"picked":"Bouncing Flask+1","floor":44.0},{"not_picked":["Sucker Punch","Outmaneuver+1","Dagger Spray+1"],"picked":"SKIP","floor":44.0},{"not_picked":["Blur+1","Sucker Punch"],"picked":"Dash+1","floor":45.0},{"not_picked":["Prepared+1","Deflect+1","Finisher"],"picked":"SKIP","floor":45.0},{"not_picked":["Flechettes","Well Laid Plans"],"picked":"Crippling Poison+1","floor":46.0},{"not_picked":["Tactician+1","Flechettes","Underhanded Strike+1"],"picked":"SKIP","floor":46.0},{"not_picked":["Choke+1","Glass Knife"],"picked":"Deadly Poison+1","floor":48.0},{"not_picked":["PiercingWail+1","Blade Dance+1"],"picked":"Dodge and Roll+1","floor":48.0}],"player_experience":1382986,"relics_obtained":[{"floor":6.0,"key":"Snake Skull"},{"floor":9.0,"key":"Regal Pillow"},{"floor":12.0,"key":"Pen Nib"},{"floor":19.0,"key":"Red Mask"},{"floor":20.0,"key":"Dodecahedron"},{"floor":26.0,"key":"Art of War"},{"floor":27.0,"key":"Toxic Egg 2"},{"floor":27.0,"key":"Kunai"},{"floor":29.0,"key":"Oddly Smooth Stone"},{"floor":29.0,"key":"Centennial Puzzle"},{"floor":38.0,"key":"Prayer Wheel"},{"floor":43.0,"key":"Anchor"}],"event_choices":[{"event_name":"Upgrade Shrine","player_choice":"Upgraded","floor":3.0,"damage_taken":0.0},{"event_name":"Shining Light","player_choice":"Entered Light","floor":7.0,"damage_taken":0.0},{"event_name":"The Lab","player_choice":"Got Potions","floor":13.0,"damage_taken":0.0},{"event_name":"Masked Bandits","player_choice":"Fought over 142 gold","floor":19.0,"damage_taken":0.0},{"event_name":"Back to Basics","player_choice":"Elegance","floor":22.0,"damage_taken":0.0},{"event_name":"SensoryStone","player_choice":"Memory 1","floor":37.0,"damage_taken":0.0},{"event_name":"Mysterious Sphere","player_choice":"Fight","floor":38.0,"damage_taken":0.0},{"event_name":"Tomb of Lord Red Mask","player_choice":"Wore Mask","floor":41.0,"damage_taken":0.0}],"is_beta":false,"boss_relics":[{"not_picked":["Runic Pyramid","Lizard Tail"],"picked":"Black Star"},{"not_picked":["Fusion Hammer","Tiny House"],"picked":"Pandora\u0027s Box"}],"items_purged_floors":[21,47],"is_endless":false,"potions_floor_spawned":[2,6,8,12,16,24,27,31,38,44,45,46],"killed_by":"Awakened One","ascension_level":6}