{"gold_per_floor":[117,130,7,182,5,25,25,55,55,75,75,75,85,102,102,198,248,258,273,283,283,208,208,224,224],"floor_reached":25,"playtime":1062,"items_purged":[],"score":294,"play_id":"f758ac7f-66c3-4d1a-bc20-8d7eb78a481c","local_time":"20180730133318","is_ascension_mode":true,"campfire_choices":[{"data":"Bludgeon","floor":7,"key":"SMITH"},{"data":"Bash","floor":12,"key":"SMITH"},{"floor":15,"key":"REST"},{"floor":23,"key":"REST"}],"neow_cost":"NONE","seed_source_timestamp":417176227137868,"circlet_count":0,"master_deck":["Strike_R","Strike_R","Strike_R","Strike_R","Strike_R","Defend_R","Defend_R","Defend_R","Defend_R","Bash+1","Cleave","True Grit+1","Battle Trance+1","Headbutt","Thunderclap","Flex","Sever Soul","Bludgeon+1","Clothesline","Anger","Offering","Evolve","Shrug It Off"],"relics":["Burning Blood","Bag of Marbles","Dodecahedron","Odd Mushroom","Tiny House"],"potions_floor_usage":[8,8,16,16,19,20],"damage_taken":[{"damage":2,"enemies":"Small Slimes","floor":1,"turns":4},{"damage":13,"enemies":"2 Louse","floor":2,"turns":3},{"damage":12,"enemies":"Jaw Worm","floor":6,"turns":2},{"damage":21,"enemies":"Lagavulin","floor":8,"turns":6},{"damage":16,"floor":10,"turns":4},{"damage":8,"enemies":"Looter","floor":13,"turns":2},{"damage":4,"enemies":"Exordium Thugs","floor":14,"turns":4},{"damage":63,"enemies":"The Guardian","floor":16,"turns":13},{"damage":16,"enemies":"2 Thieves","floor":18,"turns":2},{"damage":22,"enemies":"3 Byrds","floor":19,"turns":4},{"damage":36,"enemies":"Cultist and Chosen","floor":20,"turns":6},{"damage":28,"enemies":"Snake Plant","floor":24,"turns":3},{"damage":42,"enemies":"Slaver and Parasite","floor":25,"turns":5}],"seed_played":"7031243158979901848","potions_obtained":[{"floor":1,"key":"Block Potion"},{"floor":6,"key":"Energy Potion"},{"floor":13,"key":"Weak Potion"},{"floor":14,"key":"EssenceOfSteel"},{"floor":17,"key":"FairyPotion"},{"floor":18,"key":"Poison Potion"},{"floor":19,"key":"Swift Potion"}],"is_trial":false,"path_per_floor":["M","M","$","?","$","M","R","E","T","?","?","R","M","M","R","B",null,"M","M","M","?","?","R","M"],"character_chosen":"IRONCLAD","items_purchased":["Battle Trance","Headbutt","Thunderclap","Flex","Sever Soul"],"campfire_rested":2,"item_purchase_floors":[3,3,5,5,5],"current_hp_per_floor":[84,77,77,77,77,71,71,56,56,46,46,46,44,46,72,15,75,65,49,19,19,19,46,24,0],"gold":224,"neow_bonus":"TEN_PERCENT_HP_BONUS","is_prod":false,"is_daily":false,"chose_seed":false,"campfire_upgraded":2,"win_rate":0,"timestamp":1532971998,"path_taken":["M","M","$","?","$","M","R","E","T","?","?","R","?","M","R","BOSS","M","M","M","?","?","R","M","M"],"build_version":"2018-07-26","purchased_purges":0,"victory":false,"max_hp_per_floor":[88,88,88,88,88,88,88,88,88,88,88,88,88,88,88,88,93,93,93,93,93,93,93,93,93],"card_choices":[{"not_picked":["Corruption","Heavy Blade"],"picked":"Cleave","floor":1},{"not_picked":["Feel No Pain","Warcry"],"picked":"True Grit","floor":2},{"not_picked":["Clash","Flame Barrier"],"picked":"Bludgeon","floor":6},{"not_picked":["Burning Pact","Anger"],"picked":"Clothesline","floor":8},{"not_picked":["Blood for Blood","Heavy Blade"],"picked":"Anger","floor":13},{"not_picked":["Twin Strike","Body Slam","Wild Strike"],"picked":"SKIP","floor":14},{"not_picked":["Dark Embrace","Feed"],"picked":"Offering","floor":16},{"not_picked":["Headbutt","Heavy Blade"],"picked":"Evolve","floor":17},{"not_picked":["Body Slam","Havoc+1","Twin Strike"],"picked":"SKIP","floor":18},{"not_picked":["Perfected Strike","Infernal Blade","Reckless Charge"],"picked":"SKIP","floor":19},{"not_picked":["Heavy Blade","Cleave"],"picked":"Shrug It Off","floor":20},{"not_picked":["Cleave","Body Slam","Blood for Blood"],"picked":"SKIP","floor":24}],"player_experience":1364620,"relics_obtained":[{"floor":8,"key":"Bag of Marbles"},{"floor":9,"key":"Dodecahedron"},{"floor":10,"key":"Odd Mushroom"}],"event_choices":[{"event_name":"Liars Game","player_choice":"agreed","floor":4,"damage_taken":0},{"event_name":"Mushrooms","player_choice":"Fought Mushrooms","floor":10,"damage_taken":0},{"event_name":"Accursed Blacksmith","player_choice":"Forge","floor":11,"damage_taken":0},{"event_name":"The Woman in Blue","player_choice":"Bought 0 Potions","floor":21,"damage_taken":0},{"event_name":"Beggar","player_choice":"Gave Gold","floor":22,"damage_taken":0}],"is_beta":false,"boss_relics":[{"not_picked":["Snecko Eye","White Beast Statue"],"picked":"Tiny House"}],"items_purged_floors":[],"is_endless":false,"potions_floor_spawned":[1,6,13,14,18,19],"killed_by":"Slaver and Parasite","ascension_level":9}