{"gold_per_floor":[215,231,231,30,53,94,94,109,182,216,231,231,231,245,245,371,371,384,403,403,403],"floor_reached":21,"playtime":979,"items_purged":[],"score":191,"play_id":"f8ea64cd-382c-4fba-b457-e3007745e041","local_time":"20190104150206","is_ascension_mode":false,"campfire_choices":[{"floor":12.0,"key":"REST"},{"floor":15.0,"key":"REST"}],"neow_cost":"NONE","seed_source_timestamp":28860738407478,"circlet_count":0,"master_deck":["Strike_R","Defend_R","Defend_R","Defend_R","Defend_R","Bash","Battle Trance","Warcry","Cleave","Demon Form","True Grit","Shockwave","Feel No Pain","Limit Break","Demon Form+1","Inflame+1","Limit Break+1","Shockwave","Disarm"],"special_seed":0,"relics":["Burning Blood","Golden Idol","Lee\u0027s Waffle","StoneCalendar","Blue Candle","Juzu Bracelet","NlothsMask","Astrolabe","PreservedInsect"],"potions_floor_usage":[],"damage_taken":[{"damage":13.0,"enemies":"Jaw Worm","floor":1.0,"turns":3.0},{"damage":4.0,"enemies":"Small Slimes","floor":2.0,"turns":3.0},{"damage":1.0,"enemies":"Cultist","floor":5.0,"turns":3.0},{"damage":44.0,"enemies":"Lagavulin","floor":6.0,"turns":6.0},{"damage":11.0,"enemies":"Lots of Slimes","floor":8.0,"turns":3.0},{"damage":33.0,"enemies":"3 Sentries","floor":10.0,"turns":7.0},{"damage":9.0,"enemies":"Blue Slaver","floor":11.0,"turns":6.0},{"damage":13.0,"enemies":"Exordium Wildlife","floor":14.0,"turns":4.0},{"damage":38.0,"enemies":"The Guardian","floor":16.0,"turns":11.0},{"damage":36.0,"enemies":"2 Thieves","floor":18.0,"turns":4.0},{"damage":41.0,"enemies":"Spheric Guardian","floor":19.0,"turns":8.0},{"damage":23,"enemies":"Centurion and Healer","floor":21,"turns":2}],"seed_played":"8065369813554128785","potions_obtained":[{"floor":1.0,"key":"Swift Potion"},{"floor":5.0,"key":"AttackPotion"},{"floor":11.0,"key":"FearPotion"},{"floor":14.0,"key":"Energy Potion"},{"floor":16.0,"key":"Swift Potion"}],"is_trial":false,"path_per_floor":["M","M","?","$","M","E","?","M","T","E","M","R","?","M","R","B",null,"M","M","?","M"],"character_chosen":"IRONCLAD","items_purchased":["Lee\u0027s Waffle"],"campfire_rested":2,"item_purchase_floors":[4],"current_hp_per_floor":[73,75,55,87,87,49,42,37,37,10,7,33,33,26,52,20,87,57,22,22,0],"gold":403,"neow_bonus":"HUNDRED_GOLD","is_prod":false,"is_daily":false,"chose_seed":false,"campfire_upgraded":0,"win_rate":0,"timestamp":1546632126,"path_taken":["M","M","?","$","M","E","?","M","T","E","M","R","?","M","R","BOSS","M","M","?","M"],"build_version":"2019-01-03v3","purchased_purges":0,"victory":false,"max_hp_per_floor":[80,80,80,87,87,87,87,87,87,87,87,87,87,87,87,87,87,87,87,87,87],"card_choices":[{"not_picked":["Hemokinesis","Perfected Strike"],"picked":"Battle Trance","floor":1.0},{"not_picked":["Havoc","Perfected Strike"],"picked":"Warcry","floor":2.0},{"not_picked":["Burning Pact","Heavy Blade"],"picked":"Cleave","floor":5.0},{"not_picked":["Iron Wave","Anger","Wild Strike"],"picked":"SKIP","floor":6.0},{"not_picked":["Body Slam","Sever Soul"],"picked":"Demon Form","floor":8.0},{"not_picked":["Second Wind","Anger"],"picked":"True Grit","floor":10.0},{"not_picked":["Evolve","Havoc"],"picked":"Shockwave","floor":11.0},{"not_picked":["Headbutt","Burning Pact"],"picked":"Feel No Pain","floor":14.0},{"not_picked":["Bludgeon","Impervious"],"picked":"Limit Break","floor":16.0},{"not_picked":["Second Wind","Armaments"],"picked":"Shockwave","floor":18.0},{"not_picked":["Cleave","Anger"],"picked":"Disarm","floor":19.0}],"player_experience":2010082,"relics_obtained":[{"floor":6.0,"key":"StoneCalendar"},{"floor":9.0,"key":"Blue Candle"},{"floor":10.0,"key":"Juzu Bracelet"}],"event_choices":[{"damage_healed":0.0,"max_hp_gain":0.0,"max_hp_loss":0.0,"gold_gain":0.0,"event_name":"Golden Idol","player_choice":"Take Damage","floor":3.0,"gold_loss":0.0,"damage_taken":20.0,"relics_obtained":["Golden Idol"]},{"cards_removed":["Strike_R"],"damage_healed":0.0,"max_hp_gain":0.0,"max_hp_loss":0.0,"gold_gain":0.0,"event_name":"Golden Wing","player_choice":"Card Removal","floor":7.0,"gold_loss":0.0,"damage_taken":7.0},{"damage_healed":0.0,"max_hp_gain":0.0,"max_hp_loss":0.0,"gold_gain":0.0,"event_name":"FaceTrader","player_choice":"Trade","floor":13.0,"gold_loss":0.0,"damage_taken":0.0,"relics_obtained":["NlothsMask"]},{"damage_healed":0.0,"max_hp_gain":0.0,"max_hp_loss":0.0,"gold_gain":0.0,"event_name":"WeMeetAgain","player_choice":"Gave Potion","floor":20.0,"gold_loss":0.0,"damage_taken":0.0,"relics_obtained":["PreservedInsect"]}],"is_beta":false,"boss_relics":[{"not_picked":["Runic Dome","Calling Bell"],"picked":"Astrolabe"}],"items_purged_floors":[],"is_endless":false,"potions_floor_spawned":[1,5,11,14,16],"killed_by":"Centurion and Healer","ascension_level":0}