{"gold_per_floor":[212,212,17,32,32,65,79,79,79,79,91,121,121,121,121,219,219,237,237,99,118,36,36,67,67,67,83,101,16,29,55,55,150,150,163,173,173,193,205,205,205,205,205,219,219,28,42,61,61,61],"floor_reached":51,"playtime":2626,"items_purged":[],"score":859,"play_id":"a1a20e60-31f0-4e00-bd81-0b1c536d00f2","local_time":"20181127164947","is_ascension_mode":true,"campfire_choices":[{"data":"Defragment","floor":8,"key":"SMITH"},{"floor":10,"key":"REST"},{"data":"Zap","floor":13,"key":"SMITH"},{"floor":15,"key":"REST"},{"floor":23,"key":"REST"},{"floor":25,"key":"REST"},{"floor":32,"key":"REST"},{"floor":40,"key":"REST"},{"data":"Echo Form","floor":49,"key":"SMITH"}],"neow_cost":"NONE","seed_source_timestamp":91738941319896,"circlet_count":0,"master_deck":["Strike_B","Strike_B","Strike_B","Defend_B","Defend_B","Defend_B","Zap+1","Dualcast","Defragment+1","Go for the Eyes+1","Rip and Tear+1","Cold Snap+1","Tempest+1","Echo Form+1","Streamline+1","Ball Lightning+1","Melter+1","Consume+1","Reinforced Body+1","Leap+1","Glacier+1","Turbo+1","Steam+1","Fission+1","Glacier+1"],"relics":["Cracked Core","Regal Pillow","Molten Egg 2","Toxic Egg 2","Bag of Preparation","Potion Belt","Inserter","Omamori","Orichalcum","Frozen Egg 2","Oddly Smooth Stone","Black Star","Pear","DollysMirror"],"potions_floor_usage":[6,11,16,16,16,28,28,50,50,50,50],"damage_taken":[{"damage":2,"enemies":"Jaw Worm","floor":1,"turns":3},{"damage":0,"enemies":"Cultist","floor":4,"turns":3},{"damage":23,"enemies":"Lagavulin","floor":6,"turns":7},{"damage":1,"enemies":"Small Slimes","floor":7,"turns":3},{"damage":0,"enemies":"Blue Slaver","floor":11,"turns":3},{"damage":14,"enemies":"3 Sentries","floor":12,"turns":4},{"damage":15,"enemies":"Slime Boss","floor":16,"turns":10},{"damage":21,"enemies":"Shell Parasite","floor":18,"turns":5},{"damage":8,"enemies":"Chosen","floor":21,"turns":3},{"damage":51,"enemies":"Gremlin Leader","floor":24,"turns":7},{"damage":23,"enemies":"3 Cultists","floor":27,"turns":5},{"damage":3,"enemies":"Centurion and Healer","floor":28,"turns":6},{"damage":14,"enemies":"Shelled Parasite and Fungi","floor":30,"turns":4},{"damage":18,"enemies":"Champ","floor":33,"turns":11},{"damage":16,"enemies":"3 Darklings","floor":35,"turns":12},{"damage":22,"enemies":"Orb Walker","floor":36,"turns":4},{"damage":0,"enemies":"Sphere and 2 Shapes","floor":38,"turns":3},{"damage":13,"enemies":"Spire Growth","floor":39,"turns":6},{"damage":0,"enemies":"Maw","floor":44,"turns":8},{"damage":0,"enemies":"3 Darklings","floor":47,"turns":6},{"damage":0,"enemies":"Sphere and 2 Shapes","floor":48,"turns":3},{"damage":40,"enemies":"Donu and Deca","floor":50,"turns":16}],"seed_played":"3139440728260933781","potions_obtained":[{"floor":1,"key":"FocusPotion"},{"floor":6,"key":"Weak Potion"},{"floor":7,"key":"Weak Potion"},{"floor":12,"key":"EssenceOfSteel"},{"floor":24,"key":"EssenceOfSteel"},{"floor":27,"key":"Swift Potion"},{"floor":33,"key":"Poison Potion"},{"floor":35,"key":"SteroidPotion"},{"floor":39,"key":"SkillPotion"},{"floor":48,"key":"Regen Potion"}],"is_trial":false,"path_per_floor":["M","?","$","M","?","E","M","R","T","R","M","E","R","?","R","B",null,"M","?","?","M","$","R","E","R","T","M","M","$","M","T","R","B",null,"M","M","?","M","M","R","?","?","T","M","?","$","M","M","R","B",null],"character_chosen":"DEFECT","items_purchased":["Regal Pillow","Dexterity Potion","Melter+1","Glacier+1","Turbo+1","DollysMirror"],"campfire_rested":6,"item_purchase_floors":[3,3,22,29,29,46],"current_hp_per_floor":[73,73,73,73,73,50,49,49,49,75,75,61,61,49,75,60,71,50,50,50,42,42,75,24,61,61,38,35,35,21,21,58,40,66,50,28,28,28,15,52,52,85,95,95,90,90,90,90,90,65],"gold":61,"neow_bonus":"HUNDRED_GOLD","is_prod":false,"is_daily":false,"chose_seed":false,"campfire_upgraded":3,"win_rate":0,"timestamp":1543358987,"path_taken":["M","?","$","M","?","E","?","R","T","R","M","E","R","?","R","BOSS","M","?","?","M","$","R","E","R","T","M","?","$","M","?","R","BOSS","M","M","?","?","M","R","?","?","T","?","?","$","M","M","R","BOSS"],"build_version":"2018-11-15","purchased_purges":0,"victory":true,"max_hp_per_floor":[75,75,75,75,75,75,75,75,75,75,75,75,75,75,75,75,75,75,75,75,75,75,75,75,75,75,75,75,75,75,75,75,75,75,75,75,75,75,75,75,75,85,95,95,90,90,90,90,90,90],"card_choices":[{"not_picked":["Lockon","Compile Driver"],"picked":"Defragment","floor":1},{"not_picked":["Self Repair","Rebound"],"picked":"Go for the Eyes","floor":4},{"not_picked":["Stack","Compile Driver"],"picked":"Rip and Tear","floor":6},{"not_picked":["Darkness","Chaos"],"picked":"Cold Snap+1","floor":7},{"not_picked":["Turbo+1","Double Energy+1"],"picked":"Tempest+1","floor":11},{"not_picked":["Capacitor","Double Energy+1"],"picked":"Seek+1","floor":12},{"not_picked":["Seek+1","All For One+1"],"picked":"Echo Form","floor":16},{"not_picked":["Go for the Eyes+1","Lockon+1"],"picked":"Streamline+1","floor":18},{"not_picked":["Skim+1","Barrage+1"],"picked":"Ball Lightning+1","floor":21},{"not_picked":["Capacitor+1","Rip and Tear+1"],"picked":"Consume+1","floor":24},{"not_picked":["Gash+1","Ball Lightning+1"],"picked":"Reinforced Body+1","floor":27},{"not_picked":["Loop+1","Double Energy+1"],"picked":"Leap+1","floor":28},{"not_picked":["Beam Cell+1","Force Field+1"],"picked":"Steam+1","floor":30},{"not_picked":["Buffer+1","Thunder Strike+1"],"picked":"Fission+1","floor":33},{"not_picked":["Hologram+1","Turbo+1","Conserve Battery+1"],"picked":"SKIP","floor":35},{"not_picked":["Streamline+1","Compile Driver+1","Static Discharge+1"],"picked":"SKIP","floor":36},{"not_picked":["Redo+1","Compile Driver+1","Rebound+1"],"picked":"SKIP","floor":38},{"not_picked":["Go for the Eyes+1","Rip and Tear+1","Rebound+1"],"picked":"SKIP","floor":39},{"not_picked":["Redo+1","Hologram+1","Rebound+1"],"picked":"SKIP","floor":44},{"not_picked":["Steam Power+1","Static Discharge+1","Stack+1"],"picked":"SKIP","floor":47},{"not_picked":["Darkness+1","Gash+1","Biased Cognition+1"],"picked":"SKIP","floor":48}],"player_experience":542804,"relics_obtained":[{"floor":6,"key":"Molten Egg 2"},{"floor":9,"key":"Toxic Egg 2"},{"floor":12,"key":"Bag of Preparation"},{"floor":24,"key":"Orichalcum"},{"floor":26,"key":"Frozen Egg 2"},{"floor":31,"key":"Oddly Smooth Stone"},{"floor":43,"key":"Pear"}],"event_choices":[{"damage_healed":0,"gold_gain":0,"player_choice":"Ignored","damage_taken":0,"max_hp_gain":0,"max_hp_loss":0,"event_name":"Liars Game","floor":2,"gold_loss":0},{"damage_healed":0,"gold_gain":0,"player_choice":"Upgraded","damage_taken":0,"max_hp_gain":0,"max_hp_loss":0,"event_name":"Upgrade Shrine","floor":5,"gold_loss":0,"cards_upgraded":["Go for the Eyes"]},{"damage_healed":0,"gold_gain":0,"player_choice":"Success","damage_taken":12,"relics_obtained":["Potion Belt"],"max_hp_gain":0,"max_hp_loss":0,"event_name":"Scrap Ooze","floor":14,"gold_loss":0},{"damage_healed":0,"gold_gain":0,"player_choice":"Ignored","damage_taken":0,"max_hp_gain":0,"max_hp_loss":0,"event_name":"Vampires","floor":19,"gold_loss":0},{"damage_healed":0,"gold_gain":0,"player_choice":"Paid Gold","damage_taken":0,"relics_obtained":["Omamori"],"max_hp_gain":0,"max_hp_loss":0,"event_name":"WeMeetAgain","floor":20,"gold_loss":138},{"cards_removed":["Strike_B"],"damage_healed":0,"gold_gain":0,"player_choice":"Card Removal","damage_taken":0,"max_hp_gain":0,"max_hp_loss":0,"event_name":"Wheel of Change","floor":37,"gold_loss":0},{"cards_removed":["Defend_B"],"damage_healed":0,"gold_gain":0,"player_choice":"Removed Skill","damage_taken":0,"max_hp_gain":0,"max_hp_loss":0,"event_name":"Falling","floor":41,"gold_loss":0},{"cards_removed":["Seek"],"damage_healed":23,"gold_gain":0,"player_choice":"Offered Rare","damage_taken":0,"max_hp_gain":10,"max_hp_loss":0,"event_name":"Bonfire Elementals","floor":42,"gold_loss":0},{"damage_healed":0,"gold_gain":0,"player_choice":"Max HP","damage_taken":0,"max_hp_gain":0,"max_hp_loss":5,"event_name":"Winding Halls","floor":45,"gold_loss":0}],"is_beta":true,"boss_relics":[{"not_picked":["Sozu","Lizard Tail"],"picked":"Inserter"},{"not_picked":["Coffee Dripper","Snecko Eye"],"picked":"Black Star"}],"items_purged_floors":[],"is_endless":false,"potions_floor_spawned":[1,6,7,12,24,27,33,35,39,48],"ascension_level":5}