{"gold_per_floor":[119,119,139,214,364,397,397,417,417,417,91,103,103,136,136,215,215,234,74,74,85,96,96,96],"floor_reached":24,"playtime":722,"items_purged":["Doubt"],"score":458,"play_id":"64e74e2f-9b4d-4e1a-a8da-2625150aaf58","local_time":"20190111145653","is_ascension_mode":true,"campfire_choices":[{"data":"Neutralize","floor":7.0,"key":"SMITH"},{"data":"Noxious Fumes","floor":15.0,"key":"SMITH"},{"data":"Footwork","floor":23.0,"key":"SMITH"}],"neow_cost":"NONE","seed_source_timestamp":0,"circlet_count":0,"master_deck":["AscendersBane","Defend_G","Defend_G","Defend_G","Defend_G","Defend_G","Strike_G","Strike_G","Strike_G","Strike_G","Strike_G","Survivor","Neutralize+1","Predator","Die Die Die","Noxious Fumes+1","Footwork+1","Corpse Explosion","Adrenaline","Footwork","Backstab"],"special_seed":0,"relics":["Ring of the Snake","NeowsBlessing","CultistMask","Question Card","Singing Bowl","Pantograph","Bag of Marbles","Regal Pillow","Sozu"],"potions_floor_usage":[24,24],"damage_taken":[{"damage":0.0,"enemies":"Jaw Worm","floor":1.0,"turns":1.0},{"damage":0.0,"enemies":"Cultist","floor":3.0,"turns":1.0},{"damage":0.0,"enemies":"Gremlin Nob","floor":6.0,"turns":1.0},{"damage":0.0,"enemies":"2 Louse","floor":8.0,"turns":3.0},{"damage":0.0,"enemies":"Looter","floor":12.0,"turns":3.0},{"damage":24.0,"enemies":"3 Sentries","floor":14.0,"turns":8.0},{"damage":27.0,"enemies":"Slime Boss","floor":16.0,"turns":10.0},{"damage":2.0,"enemies":"Spheric Guardian","floor":18.0,"turns":5.0},{"damage":7.0,"enemies":"2 Thieves","floor":21.0,"turns":4.0},{"damage":3.0,"enemies":"Chosen and Byrds","floor":22.0,"turns":7.0},{"damage":52,"enemies":"Book of Stabbing","floor":24,"turns":5}],"seed_played":"1818943354819368582","potions_obtained":[{"floor":1.0,"key":"SteroidPotion"},{"floor":14.0,"key":"Strength Potion"},{"floor":16.0,"key":"Poison Potion"}],"is_trial":false,"path_per_floor":["M","?","M","?","?","E","R","M","T","T","$","M","?","E","R","B",null,"M","$","?","M","M","R","E"],"character_chosen":"THE_SILENT","items_purchased":["Noxious Fumes","Bag of Marbles","Adrenaline","Footwork"],"campfire_rested":0,"item_purchase_floors":[11,11,19,19],"current_hp_per_floor":[59,59,59,48,48,48,48,48,48,48,48,50,50,26,26,24,57,57,57,57,52,49,49,0],"gold":96,"neow_bonus":"THREE_ENEMY_KILL","is_prod":false,"is_daily":false,"chose_seed":false,"campfire_upgraded":3,"win_rate":0,"timestamp":1547215013,"path_taken":["M","?","?","?","?","E","R","M","T","?","$","?","?","E","R","BOSS","M","$","?","M","M","R","E"],"build_version":"2019-01-10","purchased_purges":1,"victory":false,"max_hp_per_floor":[66,66,66,66,66,66,66,66,66,66,66,68,68,68,68,68,68,70,70,70,72,72,72,72],"card_choices":[{"not_picked":["Blade Dance","Bane"],"picked":"Predator","floor":1.0},{"not_picked":["Reflex","Bane","Acrobatics"],"picked":"SKIP","floor":3.0},{"not_picked":["Dagger Spray","Flying Knee"],"picked":"Die Die Die","floor":6.0},{"not_picked":["Dodge and Roll","Slice","Dagger Throw","Blur"],"picked":"SKIP","floor":8.0},{"not_picked":["Backflip","Quick Slash","Bane","Unload"],"picked":"Singing Bowl","floor":12.0},{"not_picked":["Sucker Punch","Terror","PiercingWail"],"picked":"Footwork","floor":14.0},{"not_picked":["Wraith Form v2","Venomology","Adrenaline"],"picked":"Corpse Explosion","floor":16.0},{"not_picked":["Blade Dance","Bane","Slice","Deadly Poison"],"picked":"Singing Bowl","floor":18.0},{"not_picked":["Underhanded Strike","Deflect","Prepared","Dagger Spray"],"picked":"Singing Bowl","floor":21.0},{"not_picked":["Setup+1","Tactician","Blade Dance"],"picked":"Backstab","floor":22.0}],"player_experience":1873489,"relics_obtained":[{"floor":6.0,"key":"Question Card"},{"floor":9.0,"key":"Singing Bowl"},{"floor":10.0,"key":"Pantograph"},{"floor":14.0,"key":"Regal Pillow"}],"event_choices":[{"damage_healed":0.0,"max_hp_gain":0.0,"max_hp_loss":0.0,"gold_gain":0.0,"event_name":"FaceTrader","player_choice":"Trade","floor":2.0,"gold_loss":0.0,"damage_taken":0.0,"relics_obtained":["CultistMask"]},{"damage_healed":0.0,"max_hp_gain":0.0,"max_hp_loss":0.0,"gold_gain":75.0,"event_name":"World of Goop","player_choice":"Gather Gold","floor":4.0,"gold_loss":0.0,"damage_taken":11.0},{"damage_healed":0.0,"max_hp_gain":0.0,"max_hp_loss":0.0,"gold_gain":150.0,"event_name":"Liars Game","player_choice":"AGREE","floor":5.0,"gold_loss":0.0,"damage_taken":0.0,"cards_obtained":["Doubt"]},{"damage_healed":0.0,"max_hp_gain":0.0,"max_hp_loss":0.0,"gold_gain":0.0,"event_name":"Shining Light","player_choice":"Ignored","floor":13.0,"gold_loss":0.0,"damage_taken":0.0},{"damage_healed":0.0,"max_hp_gain":0.0,"max_hp_loss":0.0,"gold_gain":0.0,"event_name":"Beggar","player_choice":"Ignored","floor":20.0,"gold_loss":0.0,"damage_taken":0.0}],"is_beta":false,"boss_relics":[{"not_picked":["Pandora\u0027s Box","Fusion Hammer"],"picked":"Sozu"}],"items_purged_floors":[11],"is_endless":false,"potions_floor_spawned":[1,14,16,18,21],"killed_by":"Book of Stabbing","ascension_level":20}