{"gold_per_floor":[111,111,161,175,242,272,272,283,283,311,0,28,133,151,151,254,254,274,41,103,113,88,88,149,184,184,184,27,77,77,94,94,197,197,211,29,79,129,206,236,286,286,286,304,322,322,372,389,389,389],"floor_reached":51,"playtime":3412,"items_purged":["Strike_R"],"score":746,"play_id":"1d89c2e2-89b2-4a16-a54d-55b96e221fa2","local_time":"20180916001440","is_ascension_mode":true,"campfire_choices":[{"data":"Pommel Strike","floor":7,"key":"SMITH"},{"floor":15,"key":"REST"},{"data":"Rampage","floor":23,"key":"SMITH"},{"data":"Sucker Punch","floor":27,"key":"SMITH"},{"data":"Corruption","floor":30,"key":"SMITH"},{"data":"Dark Embrace","floor":32,"key":"SMITH"},{"data":"Panache","floor":42,"key":"SMITH"},{"data":"Feel No Pain","floor":46,"key":"SMITH"},{"data":"Pommel Strike","floor":49,"key":"SMITH"}],"neow_cost":"NONE","seed_source_timestamp":85449837419,"circlet_count":0,"master_deck":["Strike_R","Defend_R","Defend_R+1","Defend_R","Defend_R","Bash","Dark Embrace+1","Iron Wave","Corruption+1","Pommel Strike+1","Rampage+1","Shrug It Off","Seeing Red","Feel No Pain+1","Backflip","Pommel Strike+1","Reaper","Spot Weakness","Heavy Blade+1","Force Field","Sucker Punch+1","Burning Pact+1","Exhume","Backstab","Malaise","Rip and Tear+1","Panache+1","Warcry+1","Dark Shackles","Blind","Jack Of All Trades+1","Leap+1"],"relics":["Burning Blood","SsserpentHead","Blue Candle","Bag of Marbles","Gremlin Horn","Vajra","PrismaticShard","Happy Flower","Empty Cage","Kunai","Pear","Self Forming Clay","Coffee Dripper","Boot","War Paint","Regal Pillow"],"potions_floor_usage":[8,10,16,16,16,21,24,25,40,50],"damage_taken":[{"damage":17,"enemies":"Small Slimes","floor":1,"turns":5},{"damage":1,"enemies":"Cultist","floor":4,"turns":3},{"damage":7,"enemies":"Jaw Worm","floor":5,"turns":5},{"damage":49,"enemies":"Lagavulin","floor":6,"turns":9},{"damage":8,"enemies":"Red Slaver","floor":8,"turns":5},{"damage":12,"enemies":"3 Sentries","floor":10,"turns":6},{"damage":2,"enemies":"Lagavulin","floor":12,"turns":7},{"damage":10,"enemies":"Looter","floor":14,"turns":3},{"damage":31,"enemies":"The Guardian","floor":16,"turns":11},{"damage":15,"enemies":"2 Thieves","floor":18,"turns":4},{"damage":16,"enemies":"Shell Parasite","floor":20,"turns":6},{"damage":23,"enemies":"Centurion and Healer","floor":21,"turns":6},{"damage":9,"enemies":"Shelled Parasite and Fungi","floor":24,"turns":4},{"damage":18,"enemies":"Book of Stabbing","floor":25,"turns":6},{"damage":15,"enemies":"3 Cultists","floor":31,"turns":6},{"damage":18,"enemies":"Champ","floor":33,"turns":13},{"damage":19,"enemies":"3 Darklings","floor":35,"turns":6},{"damage":27,"enemies":"2 Orb Walkers","floor":40,"turns":5},{"damage":13,"enemies":"3 Shapes","floor":44,"turns":3},{"damage":39,"enemies":"Reptomancer","floor":45,"turns":4},{"damage":0,"enemies":"Spire Growth","floor":48,"turns":4},{"damage":15,"enemies":"Donu and Deca","floor":50,"turns":8}],"seed_played":"7391900494432379672","potions_obtained":[{"floor":4,"key":"LiquidBronze"},{"floor":5,"key":"Energy Potion"},{"floor":6,"key":"Ancient Potion"},{"floor":14,"key":"SpeedPotion"},{"floor":20,"key":"BloodPotion"},{"floor":21,"key":"AttackPotion"},{"floor":24,"key":"Swift Potion"},{"floor":35,"key":"EssenceOfSteel"},{"floor":45,"key":"Regen Potion"}],"is_trial":false,"path_per_floor":["M","?","T","M","M","E","R","M","T","E","$","E","?","M","R","B",null,"M","$","M","M","$","R","M","E","T","R","$","?","R","M","R","B",null,"M","$","?","?","T","E","?","R","T","M","M","R","?","M","R","B"],"character_chosen":"IRONCLAD","items_purchased":["PrismaticShard","Feel No Pain","Fire Potion","Kunai","Spot Weakness","Exhume","Panache"],"campfire_rested":1,"item_purchase_floors":[11,11,11,19,19,28,36],"current_hp_per_floor":[69,69,69,74,73,30,30,28,28,22,22,26,26,22,46,21,80,76,76,74,73,73,73,70,76,76,76,76,76,76,67,67,63,90,77,77,77,77,77,66,66,66,66,74,56,56,56,73,73,85],"gold":389,"neow_bonus":"ONE_RANDOM_RARE_CARD","is_prod":false,"is_daily":false,"chose_seed":false,"campfire_upgraded":8,"win_rate":0,"timestamp":1537022680,"path_taken":["M","?","?","M","?","E","R","M","T","E","$","E","?","M","R","BOSS","M","?","?","M","?","R","?","E","T","R","$","?","R","M","R","BOSS","M","$","?","?","?","E","?","R","T","M","M","R","?","M","R","BOSS"],"build_version":"2018-09-06","purchased_purges":1,"victory":true,"max_hp_per_floor":[80,80,80,80,80,80,80,80,80,80,80,80,80,80,80,80,80,80,80,80,80,80,80,80,90,90,90,90,90,90,90,90,90,90,90,90,90,90,90,90,90,90,90,90,90,90,85,85,85,85],"card_choices":[{"not_picked":["Anger","Clothesline"],"picked":"Iron Wave","floor":1},{"not_picked":["Twin Strike","Cleave"],"picked":"Corruption","floor":4},{"not_picked":["Heavy Blade","Blood for Blood"],"picked":"Pommel Strike","floor":5},{"not_picked":["Berserk","Shrug It Off"],"picked":"Rampage","floor":6},{"not_picked":["Sword Boomerang","Battle Trance"],"picked":"Shrug It Off","floor":8},{"not_picked":["Brutality","Second Wind"],"picked":"Seeing Red","floor":10},{"not_picked":["Steam","Body Slam"],"picked":"Backflip","floor":12},{"not_picked":["Consume","Skim"],"picked":"Pommel Strike","floor":14},{"not_picked":["Reboot","Core Surge"],"picked":"Reaper","floor":16},{"not_picked":["Underhanded Strike+1","Prepared","Bloodletting"],"picked":"SKIP","floor":18},{"not_picked":["Bane","Havoc+1"],"picked":"Heavy Blade+1","floor":20},{"not_picked":["Deflect","Stack"],"picked":"Force Field","floor":21},{"not_picked":["Cleave+1","Corruption"],"picked":"Sucker Punch","floor":24},{"not_picked":["Second Wind","Caltrops"],"picked":"Burning Pact+1","floor":25},{"not_picked":["Gash","Pommel Strike+1"],"picked":"Backstab","floor":31},{"not_picked":["Limit Break","Bludgeon"],"picked":"Malaise","floor":33},{"not_picked":["Storm+1","Anger+1"],"picked":"Rip and Tear+1","floor":35},{"not_picked":["Enlightenment","Sadistic Nature"],"picked":"Dark Shackles","floor":38},{"not_picked":["Acrobatics+1","Accuracy"],"picked":"Blind","floor":40},{"not_picked":["Chill","Second Wind+1","Reflex+1"],"picked":"SKIP","floor":44},{"not_picked":["Leap","Warcry"],"picked":"Jack Of All Trades+1","floor":45},{"not_picked":["Blizzard+1","Twin Strike"],"picked":"Leap+1","floor":48}],"player_experience":376991,"relics_obtained":[{"floor":3,"key":"Blue Candle"},{"floor":6,"key":"Bag of Marbles"},{"floor":9,"key":"Gremlin Horn"},{"floor":10,"key":"Vajra"},{"floor":12,"key":"Happy Flower"},{"floor":25,"key":"Pear"},{"floor":26,"key":"Self Forming Clay"},{"floor":39,"key":"Boot"},{"floor":40,"key":"War Paint"},{"floor":43,"key":"Regal Pillow"}],"event_choices":[{"event_name":"FaceTrader","player_choice":"Trade","floor":2,"damage_taken":0},{"event_name":"Golden Wing","player_choice":"Gained Gold","floor":13,"damage_taken":0},{"event_name":"Vampires","player_choice":"Ignored","floor":29,"damage_taken":0},{"event_name":"Transmorgrifier","player_choice":"Transform","floor":37,"damage_taken":0},{"event_name":"SensoryStone","player_choice":"Memory 1","floor":38,"damage_taken":0},{"event_name":"Tomb of Lord Red Mask","player_choice":"Ignored","floor":41,"damage_taken":0},{"event_name":"Winding Halls","player_choice":"Max HP","floor":47,"damage_taken":0}],"is_beta":false,"boss_relics":[{"not_picked":["Velvet Choker","Tiny House"],"picked":"Empty Cage"},{"not_picked":["Philosopher\u0027s Stone","Black Star"],"picked":"Coffee Dripper"}],"items_purged_floors":[22],"is_endless":false,"potions_floor_spawned":[4,5,6,14,20,21,24,35,45],"ascension_level":1}