{"gold_per_floor":[114,129,129,139,41,73,22,33,33,43,78,43,43,61,61,165,165,183,195,195,195,24,54,68,81,81,115,128,173,185,211,223,334,346,371,383,395,54,69,69,81,96,96,96,125,47,75,93,93,93],"floor_reached":51,"playtime":3111,"items_purged":[],"score":954,"play_id":"a0443fba-2f41-41d7-9465-a45e958ce366","local_time":"20180802143347","daily_mods":["Heirloom","Vintage"],"is_ascension_mode":false,"campfire_choices":[{"data":"Cloak And Dagger","floor":13,"key":"SMITH"},{"data":"Predator","floor":15,"key":"SMITH"},{"data":"A Thousand Cuts","floor":30,"key":"SMITH"},{"floor":32,"key":"DIG"},{"data":"Neutralize","floor":40,"key":"SMITH"},{"floor":44,"key":"DIG"},{"floor":49,"key":"REST"}],"neow_cost":"","seed_source_timestamp":0,"circlet_count":0,"master_deck":["Defend_G","Defend_G+1","Defend_G","Defend_G+1","Strike_G+1","Strike_G+1","Strike_G","Survivor","Neutralize+1","Dodge and Roll","Sucker Punch","Blur","Cloak And Dagger+1","Predator+1","A Thousand Cuts+1","Noxious Fumes","Dramatic Entrance","Heel Hook","Acrobatics","Wraith Form v2","Dagger Throw+1","Noxious Fumes+1","Quick Slash+1","Slice+1","Finisher+1","Dagger Spray+1","Slice+1"],"relics":["Ring of the Snake","The Specimen","Anchor","Question Card","Art of War","Kunai","Pen Nib","Whetstone","War Paint","Happy Flower","Gremlin Horn","Unceasing Top","Shovel","Busted Crown","Mercury Hourglass","Ornamental Fan","Darkstone Periapt","Boot","Smiling Mask","Pear","Letter Opener","MawBank","Singing Bowl","Orichalcum","Torii","Dead Branch","Astrolabe","Frozen Egg 2","Molten Egg 2","Lantern","Turnip","Ancient Tea Set","Dodecahedron","Regal Pillow","Vajra","Bronze Scales","Dream Catcher"],"potions_floor_usage":[6,16,29,33,50,50,50],"damage_taken":[{"damage":0,"enemies":"Cultist","floor":1,"turns":4},{"damage":0,"enemies":"2 Louse","floor":2,"turns":3},{"damage":0,"enemies":"Jaw Worm","floor":4,"turns":6},{"damage":36,"enemies":"Lagavulin","floor":6,"turns":15},{"damage":0,"enemies":"2 Fungi Beasts","floor":8,"turns":4},{"damage":2,"enemies":"Large Slime","floor":10,"turns":6},{"damage":0,"enemies":"3 Sentries","floor":11,"turns":10},{"damage":0,"enemies":"Exordium Thugs","floor":14,"turns":4},{"damage":4,"enemies":"Slime Boss","floor":16,"turns":8},{"damage":0,"enemies":"3 Byrds","floor":18,"turns":5},{"damage":0,"enemies":"Shell Parasite","floor":19,"turns":3},{"damage":8,"enemies":"Book of Stabbing","floor":23,"turns":6},{"damage":0,"enemies":"3 Cultists","floor":24,"turns":4},{"damage":0,"enemies":"Snake Plant","floor":25,"turns":3},{"damage":0,"enemies":"Gremlin Leader","floor":27,"turns":6},{"damage":2,"enemies":"Centurion and Healer","floor":28,"turns":5},{"damage":9,"enemies":"Slavers","floor":29,"turns":4},{"damage":0,"enemies":"Cultist and Chosen","floor":31,"turns":4},{"damage":9,"enemies":"Champ","floor":33,"turns":14},{"damage":0,"enemies":"Orb Walker","floor":35,"turns":3},{"damage":1,"enemies":"3 Darklings","floor":39,"turns":4},{"damage":0,"enemies":"Flame Bruiser 2 Orb","floor":41,"turns":3},{"damage":0,"enemies":"Sphere and 2 Shapes","floor":42,"turns":4},{"damage":1,"enemies":"2 Orb Walkers","floor":45,"turns":5},{"damage":0,"enemies":"Nemesis","floor":47,"turns":3},{"damage":0,"enemies":"Transient","floor":48,"turns":5},{"damage":0,"enemies":"Awakened One","floor":50,"turns":12}],"seed_played":"-8058622387707135184","potions_obtained":[{"floor":4,"key":"LiquidBronze"},{"floor":6,"key":"Ancient Potion"},{"floor":14,"key":"Regen Potion"},{"floor":16,"key":"Regen Potion"},{"floor":18,"key":"PowerPotion"},{"floor":24,"key":"AttackPotion"},{"floor":41,"key":"Block Potion"},{"floor":45,"key":"Ancient Potion"}],"is_trial":true,"path_per_floor":["M","M","?","M","$","E","$","M","T","M","E","?","R","M","R","B",null,"M","M","?","?","$","E","M","M","T","E","M","E","R","M","R","B",null,"M","?","?","$","M","R","M","M","T","R","E","$","E","M","R","B"],"character_chosen":"THE_SILENT","items_purchased":["Dodge and Roll","Sucker Punch","Cloak And Dagger","Noxious Fumes","Dramatic Entrance","Molten Egg 2","Quick Slash+1","Slice+1","Finisher+1"],"campfire_rested":1,"item_purchase_floors":[5,5,7,22,22,38,38,38,46],"current_hp_per_floor":[70,70,58,58,58,22,22,22,22,20,20,37,37,37,37,48,70,70,70,70,57,57,49,49,49,59,59,57,50,50,50,50,41,87,87,87,87,87,86,86,86,86,86,86,87,87,87,87,89,89],"gold":93,"neow_bonus":"","is_prod":false,"is_daily":false,"chose_seed":false,"campfire_upgraded":4,"win_rate":0,"timestamp":1533213227,"path_taken":["M","M","?","M","$","E","$","M","T","M","E","?","R","?","R","BOSS","M","M","?","?","$","E","M","M","T","E","M","E","R","M","R","BOSS","M","?","?","$","M","R","M","M","T","R","E","$","E","M","R","BOSS"],"build_version":"2018-07-26","purchased_purges":0,"victory":true,"max_hp_per_floor":[70,70,70,70,70,70,70,70,70,70,70,70,70,70,70,70,70,70,70,70,75,75,75,75,75,85,85,85,87,87,87,87,87,87,87,87,87,87,87,87,87,87,87,87,89,89,89,89,89,89],"card_choices":[{"not_picked":["Deadly Poison","Bane","Deflect"],"picked":"Blur","floor":6},{"not_picked":["Backflip","Deadly Poison","Sucker Punch"],"picked":"Predator","floor":11},{"not_picked":["Grand Finale","Die Die Die","Adrenaline"],"picked":"A Thousand Cuts","floor":16},{"not_picked":["Flying Knee"],"picked":"Heel Hook","floor":23},{"not_picked":["Deadly Poison"],"picked":"Acrobatics","floor":27},{"not_picked":["Expertise","Doppelganger"],"picked":"Singing Bowl","floor":29},{"not_picked":["Venomology"],"picked":"Wraith Form v2","floor":33},{"not_picked":["Noxious Fumes+1","Acrobatics+1"],"picked":"Singing Bowl","floor":45},{"not_picked":["Deadly Poison+1"],"picked":"Dagger Spray+1","floor":47},{"not_picked":["Escape Plan+1"],"picked":"Slice+1","floor":49}],"player_experience":1236813,"relics_obtained":[{"floor":1,"key":"Anchor"},{"floor":2,"key":"Question Card"},{"floor":4,"key":"Kunai"},{"floor":6,"key":"Pen Nib"},{"floor":8,"key":"Whetstone"},{"floor":9,"key":"War Paint"},{"floor":10,"key":"Happy Flower"},{"floor":11,"key":"Gremlin Horn"},{"floor":14,"key":"Unceasing Top"},{"floor":16,"key":"Shovel"},{"floor":18,"key":"Mercury Hourglass"},{"floor":19,"key":"Ornamental Fan"},{"floor":23,"key":"Darkstone Periapt"},{"floor":24,"key":"Boot"},{"floor":25,"key":"Smiling Mask"},{"floor":26,"key":"Pear"},{"floor":27,"key":"Letter Opener"},{"floor":28,"key":"MawBank"},{"floor":29,"key":"Singing Bowl"},{"floor":31,"key":"Orichalcum"},{"floor":32,"key":"Torii"},{"floor":33,"key":"Dead Branch"},{"floor":35,"key":"Frozen Egg 2"},{"floor":39,"key":"Lantern"},{"floor":41,"key":"Turnip"},{"floor":42,"key":"Ancient Tea Set"},{"floor":43,"key":"Dodecahedron"},{"floor":44,"key":"Regal Pillow"},{"floor":45,"key":"Vajra"},{"floor":47,"key":"Bronze Scales"},{"floor":48,"key":"Dream Catcher"}],"event_choices":[{"event_name":"Scrap Ooze","player_choice":"success","floor":3,"damage_taken":12},{"event_name":"The Cleric","player_choice":"Healed","floor":12,"damage_taken":0},{"event_name":"Vampires","player_choice":"Ignored","floor":20,"damage_taken":0},{"event_name":"Forgotten Altar","player_choice":"Shed Blood","floor":21,"damage_taken":0},{"event_name":"Tomb of Lord Red Mask","player_choice":"Ignored","floor":36,"damage_taken":0},{"event_name":"Purifier","player_choice":"One Purge","floor":37,"damage_taken":0}],"is_beta":false,"boss_relics":[{"not_picked":["Empty Cage","Fusion Hammer"],"picked":"Busted Crown"},{"not_picked":["Eternal Feather","WristBlade"],"picked":"Astrolabe"}],"items_purged_floors":[],"is_endless":false,"potions_floor_spawned":[4,6,14,16,18,24,25,28,41,45,48],"ascension_level":0}