{"gold_per_floor":[366,366,366,12,31,64,82,82,107,107,107,121,139,166,166,266,266,284,297,248,347,367,399,399,432,487,516,516,534,534,230,230,334,334,353,46,56,56,70,102,102,102,175,275,303,303,327,338,338,338,338,338,11,46,46],"floor_reached":56,"playtime":3746,"items_purged":[],"score":1271,"play_id":"e61e0dd5-1c49-4a0b-9ca1-2ab5b15536dd","local_time":"20190107150242","is_ascension_mode":false,"campfire_choices":[{"data":"Perfected Strike","floor":10.0,"key":"SMITH"},{"data":"Pommel Strike","floor":15.0,"key":"SMITH"},{"floor":24.0,"key":"RECALL"},{"floor":30.0,"key":"REST"},{"floor":32.0,"key":"REST"},{"floor":41.0,"key":"REST"},{"floor":49.0,"key":"REST"},{"floor":52,"key":"REST"}],"neow_cost":"TEN_PERCENT_HP_LOSS","seed_source_timestamp":285631046665067,"circlet_count":0,"master_deck":["Strike_R","Strike_R","Strike_R","Strike_R","Strike_R","Defend_R+1","Defend_R","Defend_R+1","Bash","Perfected Strike+1","Twin Strike","Thunderclap","Shrug It Off+1","Impervious+1","Pommel Strike+1","Cleave","Twin Strike","Limit Break+1","Intimidate+1","Wild Strike","Shrug It Off+1","Perfected Strike","Battle Trance+1","Armaments+1","Wild Strike","Demon Form","Headbutt","Perfected Strike+1","Fire Breathing+1","Enlightenment+1","Armaments+1","Heavy Blade+1"],"special_seed":0,"relics":["Burning Blood","Toxic Egg 2","Gremlin Horn","Bag of Marbles","Vajra","PreservedInsect","Fusion Hammer","Potion Belt","Bird Faced Urn","Centennial Puzzle","Bottled Lightning","Anchor","Pen Nib","Busted Crown","Pocketwatch","Kunai","Boot","Torii","Self Forming Clay","Omamori","Orichalcum","War Paint"],"potions_floor_usage":[50,54,55,55,55],"damage_taken":[{"damage":11.0,"enemies":"Jaw Worm","floor":1.0,"turns":5.0},{"damage":2.0,"enemies":"2 Louse","floor":5.0,"turns":2.0},{"damage":34.0,"enemies":"Gremlin Nob","floor":6.0,"turns":5.0},{"damage":3.0,"enemies":"Small Slimes","floor":7.0,"turns":2.0},{"damage":4.0,"enemies":"2 Fungi Beasts","floor":12.0,"turns":2.0},{"damage":10.0,"enemies":"Looter","floor":13.0,"turns":2.0},{"damage":6.0,"enemies":"3 Sentries","floor":14.0,"turns":4.0},{"damage":8.0,"enemies":"Hexaghost","floor":16.0,"turns":7.0},{"damage":10.0,"enemies":"2 Thieves","floor":18.0,"turns":2.0},{"damage":0.0,"enemies":"Chosen","floor":19.0,"turns":2.0},{"damage":15.0,"enemies":"Centurion and Healer","floor":22.0,"turns":2.0},{"damage":14.0,"enemies":"Book of Stabbing","floor":23.0,"turns":3.0},{"damage":18.0,"enemies":"Gremlin Leader","floor":25.0,"turns":3.0},{"damage":12.0,"enemies":"Book of Stabbing","floor":27.0,"turns":2.0},{"damage":5.0,"enemies":"Snake Plant","floor":29.0,"turns":2.0},{"damage":57.0,"enemies":"Collector","floor":33.0,"turns":8.0},{"damage":0.0,"enemies":"Orb Walker","floor":35.0,"turns":2.0},{"damage":0.0,"enemies":"3 Darklings","floor":37.0,"turns":3.0},{"damage":39.0,"enemies":"Writhing Mass","floor":39.0,"turns":4.0},{"damage":0.0,"enemies":"Reptomancer","floor":40.0,"turns":3.0},{"damage":36.0,"enemies":"Mind Bloom Boss Battle","floor":44.0,"turns":5.0},{"damage":2.0,"enemies":"Nemesis","floor":45.0,"turns":5.0},{"damage":0.0,"enemies":"Transient","floor":48.0,"turns":5.0},{"damage":70,"enemies":"Awakened One","floor":50,"turns":9},{"damage":7,"enemies":"Shield and Spear","floor":54,"turns":3},{"damage":70,"enemies":"The Heart","floor":55,"turns":9}],"seed_played":"-8482124785396427161","potions_obtained":[{"floor":7.0,"key":"Dexterity Potion"},{"floor":12.0,"key":"Energy Potion"},{"floor":13.0,"key":"FearPotion"},{"floor":19.0,"key":"GamblersBrew"},{"floor":23.0,"key":"Ancient Potion"},{"floor":28.0,"key":"FearPotion"},{"floor":28.0,"key":"BloodPotion"},{"floor":28.0,"key":"Fire Potion"},{"floor":33.0,"key":"SteroidPotion"},{"floor":39.0,"key":"Energy Potion"},{"floor":40.0,"key":"Fire Potion"},{"floor":45.0,"key":"Poison Potion"},{"floor":48.0,"key":"PowerPotion"}],"is_trial":false,"path_per_floor":["M","?","?","$","M","E","M","T","T","R","?","M","M","E","R","B",null,"M","M","$","?","M","E","R","E","T","E","?","M","R","$","R","B",null,"M","$","M","T","M","E","R","?","T","?","E","?","T","M","R","B",null,"R","$","E","B",null],"character_chosen":"IRONCLAD","items_purchased":["Toxic Egg 2","Twin Strike","Thunderclap","Shrug It Off+1","Anchor","Pen Nib","Pocketwatch","Orichalcum","Dexterity Potion","Enlightenment+1","Armaments+1"],"campfire_rested":5,"item_purchase_floors":[4,4,4,20,31,31,36,53,53,53,53],"current_hp_per_floor":[67,72,65,65,69,41,44,44,44,44,44,46,42,42,42,40,77,73,77,77,77,68,60,60,48,48,42,42,43,66,66,77,26,77,77,77,77,77,44,50,73,68,68,47,53,53,53,63,77,17,77,77,77,77,17],"gold":46,"neow_bonus":"TWO_FIFTY_GOLD","is_prod":false,"is_daily":false,"chose_seed":false,"campfire_upgraded":2,"win_rate":0,"timestamp":1546891362,"path_taken":["M","?","?","$","M","E","M","?","T","R","?","M","M","E","R","BOSS","M","M","$","?","M","E","R","E","T","E","?","?","R","$","R","BOSS","M","$","M","?","M","E","R","?","T","?","E","?","?","M","R","BOSS","R","$","E","BOSS"],"build_version":"2019-01-03v4","purchased_purges":0,"victory":true,"max_hp_per_floor":[72,77,77,77,77,77,77,77,77,77,77,77,77,77,77,77,77,77,77,77,77,77,77,77,77,77,77,77,77,77,77,77,77,77,77,77,77,77,77,77,77,77,77,77,77,77,77,77,77,77,77,77,77,77,77],"card_choices":[{"not_picked":["Body Slam","Blood for Blood"],"picked":"Perfected Strike","floor":1.0},{"not_picked":["Sword Boomerang","Hemokinesis"],"picked":"Shrug It Off+1","floor":5.0},{"not_picked":["Anger","Corruption","Bloodletting+1"],"picked":"SKIP","floor":6.0},{"not_picked":["Body Slam","Carnage"],"picked":"Impervious+1","floor":7.0},{"not_picked":["Sever Soul","Battle Trance+1"],"picked":"Pommel Strike","floor":12.0},{"not_picked":["Corruption","True Grit+1"],"picked":"Cleave","floor":13.0},{"not_picked":["Flex+1","Clash"],"picked":"Twin Strike","floor":14.0},{"not_picked":["Bludgeon","Exhume+1"],"picked":"Limit Break+1","floor":16.0},{"not_picked":["Flex+1","Rampage"],"picked":"Intimidate+1","floor":18.0},{"not_picked":["Corruption","Havoc+1"],"picked":"Wild Strike","floor":19.0},{"not_picked":["Sword Boomerang","Twin Strike"],"picked":"Perfected Strike","floor":22.0},{"not_picked":["Fiend Fire","Corruption"],"picked":"Battle Trance+1","floor":23.0},{"not_picked":["Iron Wave","Shrug It Off+1"],"picked":"Armaments+1","floor":25.0},{"not_picked":["Rampage","Seeing Red+1","Flex+1"],"picked":"SKIP","floor":27.0},{"not_picked":["Inflame+1","Headbutt"],"picked":"Wild Strike","floor":29.0},{"not_picked":["Brutality","Feed"],"picked":"Demon Form","floor":33.0},{"not_picked":["Entrench+1"],"picked":"SKIP","floor":35.0},{"not_picked":["True Grit+1"],"picked":"SKIP","floor":37.0},{"not_picked":[],"picked":"Headbutt","floor":39.0},{"not_picked":[],"picked":"Perfected Strike+1","floor":40.0},{"not_picked":[],"picked":"Fire Breathing+1","floor":45.0},{"not_picked":["Uppercut+1"],"picked":"SKIP","floor":48.0},{"not_picked":[],"picked":"Heavy Blade+1","floor":54}],"player_experience":2037727,"relics_obtained":[{"floor":6.0,"key":"Gremlin Horn"},{"floor":8.0,"key":"Bag of Marbles"},{"floor":9.0,"key":"Vajra"},{"floor":14.0,"key":"PreservedInsect"},{"floor":23.0,"key":"Potion Belt"},{"floor":25.0,"key":"Bird Faced Urn"},{"floor":26.0,"key":"Centennial Puzzle"},{"floor":27.0,"key":"Bottled Lightning"},{"floor":38.0,"key":"Kunai"},{"floor":40.0,"key":"Boot"},{"floor":44.0,"key":"Torii"},{"floor":45.0,"key":"Self Forming Clay"},{"floor":47.0,"key":"Omamori"},{"floor":54,"key":"War Paint"}],"event_choices":[{"damage_healed":0.0,"max_hp_gain":5.0,"max_hp_loss":0.0,"gold_gain":0.0,"event_name":"Big Fish","player_choice":"Donut","floor":2.0,"gold_loss":0.0,"damage_taken":0.0},{"cards_removed":["Defend_R"],"damage_healed":0.0,"max_hp_gain":0.0,"max_hp_loss":0.0,"gold_gain":0.0,"event_name":"Golden Wing","player_choice":"Card Removal","floor":3.0,"gold_loss":0.0,"damage_taken":7.0},{"damage_healed":0.0,"max_hp_gain":0.0,"max_hp_loss":0.0,"gold_gain":0.0,"event_name":"Shining Light","player_choice":"Ignored","floor":11.0,"gold_loss":0.0,"damage_taken":0.0},{"damage_healed":0.0,"max_hp_gain":0.0,"max_hp_loss":0.0,"gold_gain":99.0,"event_name":"Nest","player_choice":"Stole From Cult","floor":21.0,"gold_loss":0.0,"damage_taken":0.0},{"damage_healed":0.0,"max_hp_gain":0.0,"max_hp_loss":0.0,"gold_gain":0.0,"event_name":"Lab","player_choice":"Got Potions","floor":28.0,"gold_loss":0.0,"damage_taken":0.0},{"damage_healed":0.0,"max_hp_gain":0.0,"max_hp_loss":0.0,"gold_gain":0.0,"event_name":"SensoryStone","player_choice":"Memory 2","floor":42.0,"gold_loss":0.0,"damage_taken":5.0},{"damage_healed":0.0,"max_hp_gain":0.0,"max_hp_loss":0.0,"gold_gain":0.0,"event_name":"MindBloom","player_choice":"Fight","floor":44.0,"gold_loss":0.0,"damage_taken":0.0},{"damage_healed":0.0,"max_hp_gain":0.0,"max_hp_loss":0.0,"gold_gain":0.0,"event_name":"Tomb of Lord Red Mask","player_choice":"Ignored","floor":46.0,"gold_loss":0.0,"damage_taken":0.0}],"is_beta":false,"boss_relics":[{"not_picked":["Eternal Feather","Snecko Eye"],"picked":"Fusion Hammer"},{"not_picked":["Orrery","Black Blood"],"picked":"Busted Crown"}],"items_purged_floors":[],"is_endless":false,"potions_floor_spawned":[7,12,13,19,23,33,39,40,45,48],"ascension_level":0}