{"gold_per_floor":[111,121,24,44,57,57,67,85,162,162,162,16,36,48,48,147,147,165,65,81,81],"floor_reached":21,"playtime":731,"items_purged":["Defend_R","Rampage+1"],"score":175,"play_id":"400df59e-41b6-4315-b779-a5cd93b8b323","local_time":"20190208234209","is_ascension_mode":false,"campfire_choices":[{"data":"Perfected Strike","floor":6,"key":"SMITH"},{"data":"Warcry","floor":11,"key":"SMITH"},{"data":"Rampage","floor":15,"key":"SMITH"}],"neow_cost":"NONE","seed_source_timestamp":29746258733633,"circlet_count":0,"master_deck":["Strike_R","Strike_R","Strike_R","Strike_R","Defend_R","Defend_R","Defend_R","Bash","Berserk","Pommel Strike","Warcry","Flex","Perfected Strike+1","Warcry","Headbutt","Warcry+1","Strike_G","Feed","Cleave","Perfected Strike","Twin Strike"],"relics":["Burning Blood","Darkstone Periapt","Runic Pyramid"],"potions_floor_usage":[],"damage_taken":[{"damage":4,"enemies":"Cultist","floor":1,"turns":3},{"damage":0,"enemies":"Small Slimes","floor":2,"turns":3},{"damage":11,"enemies":"Jaw Worm","floor":4,"turns":3},{"damage":13,"enemies":"2 Fungi Beasts","floor":5,"turns":3},{"damage":15,"enemies":"Looter","floor":7,"turns":3},{"damage":15,"enemies":"Exordium Thugs","floor":8,"turns":4},{"damage":14,"enemies":"Gremlin Gang","floor":13,"turns":4},{"damage":11,"enemies":"Large Slime","floor":14,"turns":4},{"damage":27,"enemies":"Slime Boss","floor":16,"turns":9},{"damage":64,"enemies":"Shell Parasite","floor":18,"turns":5},{"damage":5,"enemies":"Chosen","floor":20,"turns":3},{"damage":45,"enemies":"Shelled Parasite and Fungi","floor":21,"turns":2}],"seed_played":"7660571845278145790","potions_obtained":[{"floor":2,"key":"EssenceOfSteel"},{"floor":4,"key":"FearPotion"},{"floor":7,"key":"Explosive Potion"},{"floor":8,"key":"Poison Potion"}],"is_trial":false,"path_per_floor":["M","M","$","M","M","R","M","M","T","?","R","$","M","M","R","B",null,"M","$","M","M"],"character_chosen":"IRONCLAD","items_purchased":["Flex","Feed"],"campfire_rested":0,"item_purchase_floors":[3,12],"current_hp_per_floor":[80,80,80,75,68,68,59,50,50,50,50,50,45,43,43,25,89,31,31,35,0],"gold":81,"neow_bonus":"ONE_RANDOM_RARE_CARD","is_prod":false,"is_daily":false,"chose_seed":false,"campfire_upgraded":3,"win_rate":0.0,"timestamp":1549665729,"path_taken":["M","M","$","M","?","R","M","M","T","?","R","$","?","M","R","BOSS","M","$","M","M"],"build_version":"2019-01-23","purchased_purges":2,"victory":false,"max_hp_per_floor":[80,80,80,80,80,80,80,80,80,80,80,80,83,86,86,89,89,89,89,92,92],"card_choices":[{"not_picked":["Iron Wave","Armaments"],"picked":"Pommel Strike","floor":1},{"not_picked":["Armaments","Dual Wield"],"picked":"Warcry","floor":2},{"not_picked":["Anger","Combust"],"picked":"Perfected Strike","floor":4},{"not_picked":["Whirlwind","Shrug It Off"],"picked":"Warcry","floor":5},{"not_picked":["Rage","True Grit"],"picked":"Headbutt","floor":7},{"not_picked":["Anger","Pommel Strike"],"picked":"Warcry","floor":8},{"not_picked":["Iron Wave","Perfected Strike"],"picked":"Rampage","floor":13},{"not_picked":["Clothesline","Shockwave"],"picked":"Cleave","floor":14},{"not_picked":["Disarm+1","Dual Wield+1"],"picked":"Perfected Strike","floor":18},{"not_picked":["Clash","Intimidate"],"picked":"Twin Strike","floor":20}],"player_experience":27564,"relics_obtained":[{"floor":9,"key":"Darkstone Periapt"}],"event_choices":[{"cards_removed":["Strike_R"],"damage_healed":0,"gold_gain":0,"player_choice":"Took Card","damage_taken":0,"max_hp_gain":0,"max_hp_loss":0,"event_name":"NoteForYourself","floor":10,"gold_loss":0,"cards_obtained":["Strike_G"]}],"is_beta":false,"boss_relics":[{"not_picked":["Cursed Key","Ectoplasm"],"picked":"Runic Pyramid"}],"items_purged_floors":[3,19],"is_endless":false,"potions_floor_spawned":[2,4,7,8,16],"killed_by":"Shelled Parasite and Fungi","ascension_level":0}