{"gold_per_floor":[217,217,245,22,22,22,37,37,37,37,53,53,69,86,86,185,185,204,30,30,49,49,49,49,49,49,49,0,10,10,24,24,123,123,141,158,158,31,31,31,47,47,47,147,147,162,186,486,486,486],"floor_reached":50,"playtime":2262,"items_purged":["Defend_B"],"score":688,"play_id":"1b2ea5b4-393a-4e81-b8e8-4c29886fb27f","local_time":"20190116205254","is_ascension_mode":true,"campfire_choices":[{"data":"Zap","floor":6.0,"key":"SMITH"},{"data":"Conserve Battery","floor":10.0,"key":"SMITH"},{"data":"Defragment","floor":12.0,"key":"SMITH"},{"data":"Go for the Eyes","floor":15.0,"key":"SMITH"},{"data":"Undo","floor":23.0,"key":"SMITH"},{"data":"Defragment","floor":25,"key":"SMITH"},{"floor":27,"key":"REST"},{"data":"Dualcast","floor":30,"key":"SMITH"},{"floor":32,"key":"REST"},{"data":"Thinking Ahead","floor":40,"key":"SMITH"},{"floor":45,"key":"REST"},{"data":"Echo Form","floor":49,"key":"SMITH"}],"neow_cost":"NONE","seed_source_timestamp":1021025111792044,"circlet_count":0,"master_deck":["AscendersBane","Defend_B","Defend_B","Zap+1","Dualcast+1","Doom and Gloom","Undo+1","Defragment+1","Conserve Battery+1","Defragment+1","Melter","Cold Snap","Hologram","Go for the Eyes+1","All For One","Self Repair","Tempest+1","FTL","Echo Form+1","Doom and Gloom+1","Hologram+1","Electrodynamics+1","Reinforced Body+1","Thinking Ahead+1","Capacitor+1"],"special_seed":0,"relics":["Cracked Core","MawBank","Tiny Chest","Blue Candle","Nuclear Battery","Bag of Preparation","Centennial Puzzle","Du-Vu Doll","Astrolabe","Bottled Flame","StoneCalendar","Art of War","Old Coin"],"potions_floor_usage":[33,33,50,50],"damage_taken":[{"damage":3.0,"enemies":"2 Louse","floor":1.0,"turns":2.0},{"damage":4.0,"enemies":"Jaw Worm","floor":3.0,"turns":4.0},{"damage":7.0,"enemies":"Small Slimes","floor":7.0,"turns":3.0},{"damage":8.0,"enemies":"Exordium Wildlife","floor":11.0,"turns":4.0},{"damage":10.0,"enemies":"3 Louse","floor":13.0,"turns":3.0},{"damage":0.0,"enemies":"2 Fungi Beasts","floor":14.0,"turns":3.0},{"damage":1.0,"enemies":"Hexaghost","floor":16.0,"turns":8.0},{"damage":0.0,"enemies":"Chosen","floor":18.0,"turns":4.0},{"damage":12.0,"enemies":"2 Thieves","floor":21.0,"turns":3.0},{"damage":13.0,"enemies":"Colosseum Slavers","floor":22.0,"turns":5.0},{"damage":20,"enemies":"3 Cultists","floor":29,"turns":4},{"damage":0,"enemies":"Cultist and Chosen","floor":31,"turns":7},{"damage":49,"enemies":"Champ","floor":33,"turns":10},{"damage":0,"enemies":"3 Shapes","floor":35,"turns":3},{"damage":1,"enemies":"3 Darklings","floor":36,"turns":3},{"damage":39,"enemies":"Writhing Mass","floor":41,"turns":5},{"damage":0,"enemies":"Mind Bloom Boss Battle","floor":44,"turns":7},{"damage":6,"enemies":"Maw","floor":46,"turns":7},{"damage":86,"enemies":"Donu and Deca","floor":50,"turns":6}],"seed_played":"-3210455741115202514","potions_obtained":[{"floor":1.0,"key":"PowerPotion"},{"floor":7.0,"key":"AttackPotion"},{"floor":16.0,"key":"Poison Potion"},{"floor":29,"key":"Dexterity Potion"},{"floor":33,"key":"LiquidBronze"},{"floor":44,"key":"Regen Potion"}],"is_trial":false,"path_per_floor":["M","?","M","$","?","R","M","?","T","R","M","R","M","M","R","B",null,"M","$","T","M","?","R","?","R","T","R","$","M","R","M","R","B",null,"M","M","?","$","?","R","M","$","T","?","R","M","T","T","R","B"],"character_chosen":"DEFECT","items_purchased":["Defragment","Tiny Chest","Conserve Battery","Bag of Preparation","Cold Snap","PowerPotion","Block Potion"],"campfire_rested":3,"item_purchase_floors":[4,4,4,19,19,28,38],"current_hp_per_floor":[65,62,58,58,51,51,44,44,44,44,36,36,26,26,26,25,63,63,63,63,51,45,45,45,45,45,67,67,54,54,54,75,33,65,72,71,71,71,71,71,39,39,39,46,68,69,69,69,69,0],"gold":486,"neow_bonus":"HUNDRED_GOLD","is_prod":false,"is_daily":false,"chose_seed":false,"campfire_upgraded":9,"win_rate":0,"timestamp":1547639574,"path_taken":["M","?","M","$","?","R","M","?","T","R","M","R","M","M","R","BOSS","M","?","?","M","?","R","?","R","T","R","?","M","R","M","R","BOSS","M","M","?","$","?","R","?","$","T","?","R","M","?","?","R","BOSS"],"build_version":"2019-01-10","purchased_purges":1,"victory":false,"max_hp_per_floor":[75,75,75,75,75,75,75,75,75,75,75,75,75,75,75,75,75,75,75,75,75,75,75,75,75,75,75,75,75,75,75,75,75,75,75,75,75,75,75,75,75,75,75,75,75,75,75,75,75,75],"card_choices":[{"not_picked":["Steam Power","Sweeping Beam"],"picked":"Doom and Gloom","floor":1.0},{"not_picked":["Capacitor","Coolheaded"],"picked":"Undo","floor":3.0},{"not_picked":["Consume","Cold Snap"],"picked":"Defragment","floor":7.0},{"not_picked":["Conserve Battery","Gash"],"picked":"Cold Snap","floor":11.0},{"not_picked":["Genetic Algorithm","Cold Snap"],"picked":"Hologram","floor":13.0},{"not_picked":["Hello World","Beam Cell"],"picked":"Go for the Eyes","floor":14.0},{"not_picked":["Fission","Core Surge"],"picked":"All For One","floor":16.0},{"not_picked":["Stack","Aggregate+1"],"picked":"Self Repair","floor":18.0},{"not_picked":["Go for the Eyes","Recycle"],"picked":"Tempest+1","floor":21.0},{"not_picked":["Sweeping Beam","Steam Power+1","Go for the Eyes"],"picked":"SKIP","floor":29},{"not_picked":["Blizzard","Hologram"],"picked":"FTL","floor":31},{"not_picked":["Hyperbeam","Rainbow"],"picked":"Echo Form","floor":33},{"not_picked":["Storm+1","BootSequence","Beam Cell+1"],"picked":"SKIP","floor":35},{"not_picked":["Go for the Eyes+1","Stack"],"picked":"Reinforced Body+1","floor":36},{"not_picked":["Good Instincts","Swift Strike"],"picked":"Thinking Ahead","floor":37},{"not_picked":["Loop","Turbo+1"],"picked":"Capacitor+1","floor":41},{"not_picked":["Beam Cell+1","Coolheaded+1","Sweeping Beam"],"picked":"SKIP","floor":46}],"player_experience":386909,"relics_obtained":[{"floor":9.0,"key":"Blue Candle"},{"floor":20.0,"key":"Centennial Puzzle"},{"floor":26,"key":"Du-Vu Doll"},{"floor":43,"key":"Bottled Flame"},{"floor":44,"key":"StoneCalendar"},{"floor":47,"key":"Art of War"},{"floor":48,"key":"Old Coin"}],"event_choices":[{"damage_healed":0.0,"max_hp_gain":0.0,"max_hp_loss":0.0,"gold_gain":0.0,"event_name":"Scrap Ooze","player_choice":"Success","floor":2.0,"gold_loss":0.0,"damage_taken":3.0,"relics_obtained":["MawBank"]},{"cards_removed":["Defend_B"],"damage_healed":0.0,"max_hp_gain":0.0,"max_hp_loss":0.0,"gold_gain":0.0,"event_name":"Golden Wing","player_choice":"Card Removal","floor":5.0,"gold_loss":0.0,"damage_taken":7.0},{"damage_healed":0.0,"max_hp_gain":0.0,"max_hp_loss":0.0,"gold_gain":0.0,"cards_transformed":["Strike_B"],"event_name":"Transmorgrifier","player_choice":"Transformed","floor":8.0,"gold_loss":0.0,"damage_taken":0.0,"cards_obtained":["Melter"]},{"damage_healed":0.0,"max_hp_gain":0.0,"max_hp_loss":0.0,"gold_gain":0.0,"event_name":"Colosseum","player_choice":"Fight","floor":22.0,"gold_loss":0.0,"damage_taken":0.0},{"damage_healed":0.0,"max_hp_gain":0.0,"max_hp_loss":0.0,"gold_gain":0.0,"event_name":"Colosseum","player_choice":"Fled From Nobs","floor":22.0,"gold_loss":0.0,"damage_taken":0.0},{"damage_healed":0,"gold_gain":0,"player_choice":"Ignored","damage_taken":0,"max_hp_gain":0,"max_hp_loss":0,"event_name":"The Mausoleum","floor":24,"gold_loss":0},{"damage_healed":0,"gold_gain":0,"player_choice":"Memory 1","damage_taken":0,"max_hp_gain":0,"max_hp_loss":0,"event_name":"SensoryStone","floor":37,"gold_loss":0},{"cards_removed":["Cold Snap"],"damage_healed":0,"gold_gain":0,"player_choice":"Removed Attack","damage_taken":0,"max_hp_gain":0,"max_hp_loss":0,"event_name":"Falling","floor":39,"gold_loss":0},{"damage_healed":0,"gold_gain":0,"player_choice":"Fight","damage_taken":0,"max_hp_gain":0,"max_hp_loss":0,"event_name":"MindBloom","floor":44,"gold_loss":0}],"is_beta":false,"boss_relics":[{"not_picked":["Snecko Eye","Calling Bell"],"picked":"Nuclear Battery"},{"not_picked":["Pandora\u0027s Box","Lizard Tail"],"picked":"Astrolabe"}],"items_purged_floors":[38],"is_endless":false,"potions_floor_spawned":[1,7,16,22,29,33,44,46],"killed_by":"Donu and Deca","ascension_level":11}