{"gold_per_floor":[110,60,60,60,75,75,98,117,186,229,77,77,113,113,113,234,234,247,247,247,271,52,90,102,114],"floor_reached":25,"playtime":795,"items_purged":["Strike_R"],"score":428,"play_id":"79e151e3-5b43-4112-8d58-1b81c74c0559","local_time":"20190205135813","is_ascension_mode":true,"campfire_choices":[{"data":"Carnage","floor":6.0,"key":"SMITH"},{"floor":12.0,"key":"REST"},{"data":"Berserk","floor":15.0,"key":"SMITH"},{"data":"Bludgeon","floor":24.0,"key":"SMITH"}],"neow_cost":"NONE","seed_source_timestamp":1138265928530503,"circlet_count":0,"master_deck":["AscendersBane","Strike_R","Strike_R","Strike_R","Defend_R","Defend_R","Defend_R","Defend_R","Bash+1","Double Tap+1","Flex","Carnage+1","Iron Wave","Power Through","Seeing Red","Double Tap","Berserk+1","Bludgeon+1","Inflame+1","Ghostly","Ghostly","Ghostly","Ghostly","Ghostly","Finesse"],"special_seed":0,"relics":["Burning Blood","Golden Idol","Blue Candle","Pen Nib","Bronze Scales","Omamori","Calling Bell","Anchor","Meat on the Bone","Shovel","MawBank"],"potions_floor_usage":[25],"damage_taken":[{"damage":15.0,"enemies":"Small Slimes","floor":1.0,"turns":4.0},{"damage":2.0,"enemies":"Jaw Worm","floor":5.0,"turns":3.0},{"damage":0.0,"enemies":"2 Louse","floor":7.0,"turns":2.0},{"damage":6.0,"enemies":"Looter","floor":8.0,"turns":2.0},{"damage":17.0,"enemies":"3 Sentries","floor":10.0,"turns":6.0},{"damage":27.0,"enemies":"Gremlin Nob","floor":13.0,"turns":5.0},{"damage":35.0,"enemies":"Hexaghost","floor":16.0,"turns":8.0},{"damage":12.0,"enemies":"Shell Parasite","floor":18.0,"turns":2.0},{"damage":10.0,"enemies":"2 Thieves","floor":21.0,"turns":4.0},{"damage":1.0,"enemies":"Book of Stabbing","floor":23.0,"turns":5.0},{"damage":38,"enemies":"Slavers","floor":25,"turns":7}],"seed_played":"1034707422577126948","potions_obtained":[{"floor":1.0,"key":"AttackPotion"},{"floor":5.0,"key":"EssenceOfSteel"},{"floor":8.0,"key":"Ancient Potion"},{"floor":16.0,"key":"SkillPotion"},{"floor":23.0,"key":"Strength Potion"}],"is_trial":false,"path_per_floor":["M","?","?","?","M","R","M","M","T","E","$","R","E","?","R","B",null,"M","?","?","M","$","E","R","E"],"character_chosen":"IRONCLAD","items_purchased":["Double Tap","Finesse","PowerPotion"],"campfire_rested":1,"item_purchase_floors":[11,22,22],"current_hp_per_floor":[63,63,47,47,51,51,57,57,57,46,46,68,47,44,44,15,59,53,37,37,33,33,37,37,0],"gold":114,"neow_bonus":"ONE_RANDOM_RARE_CARD","is_prod":false,"is_daily":false,"chose_seed":false,"campfire_upgraded":3,"win_rate":0,"timestamp":1549342693,"path_taken":["M","?","?","?","M","R","M","M","T","E","$","R","E","?","R","BOSS","M","?","?","?","$","E","R","E"],"build_version":"2019-01-23","purchased_purges":1,"victory":false,"max_hp_per_floor":[80,80,80,74,74,74,74,74,74,74,74,74,74,74,74,74,74,74,37,37,37,37,37,37,37],"card_choices":[{"not_picked":["Combust","Sword Boomerang"],"picked":"Flex","floor":1.0},{"not_picked":["Headbutt","True Grit"],"picked":"Carnage","floor":5.0},{"not_picked":["Shrug It Off","Wild Strike"],"picked":"Iron Wave","floor":7.0},{"not_picked":["Wild Strike","Anger"],"picked":"Power Through","floor":8.0},{"not_picked":["Sword Boomerang","Corruption"],"picked":"Seeing Red","floor":10.0},{"not_picked":["Burning Pact","Wild Strike"],"picked":"Berserk","floor":13.0},{"not_picked":["Exhume","Reaper"],"picked":"Bludgeon","floor":16.0},{"not_picked":["Armaments","Reckless Charge"],"picked":"Inflame+1","floor":18.0},{"not_picked":["Power Through","Dual Wield","Havoc"],"picked":"SKIP","floor":21.0},{"not_picked":["Armaments","Burning Pact","Shrug It Off"],"picked":"SKIP","floor":23.0}],"player_experience":468618,"relics_obtained":[{"floor":9.0,"key":"Blue Candle"},{"floor":10.0,"key":"Pen Nib"},{"floor":13.0,"key":"Bronze Scales"},{"floor":17.0,"key":"Anchor"},{"floor":17.0,"key":"Meat on the Bone"},{"floor":17.0,"key":"Shovel"},{"floor":23.0,"key":"MawBank"}],"event_choices":[{"cards_removed":["Strike_R"],"damage_healed":0.0,"max_hp_gain":0.0,"max_hp_loss":0.0,"gold_gain":0.0,"event_name":"The Cleric","player_choice":"Card Removal","floor":2.0,"gold_loss":50.0,"damage_taken":0.0},{"damage_healed":0.0,"max_hp_gain":0.0,"max_hp_loss":0.0,"gold_gain":0.0,"event_name":"Shining Light","player_choice":"Entered Light","floor":3.0,"gold_loss":0.0,"damage_taken":16.0,"cards_upgraded":["Bash","Double Tap"]},{"damage_healed":0.0,"max_hp_gain":0.0,"max_hp_loss":6.0,"gold_gain":0.0,"event_name":"Golden Idol","player_choice":"Lose Max HP","floor":4.0,"gold_loss":0.0,"damage_taken":0.0,"relics_obtained":["Golden Idol"]},{"damage_healed":0.0,"max_hp_gain":0.0,"max_hp_loss":0.0,"gold_gain":0.0,"event_name":"Scrap Ooze","player_choice":"Success","floor":14.0,"gold_loss":0.0,"damage_taken":3.0,"relics_obtained":["Omamori"]},{"damage_healed":0.0,"max_hp_gain":0.0,"max_hp_loss":37.0,"gold_gain":0.0,"event_name":"Ghosts","player_choice":"Became a Ghost","floor":19.0,"gold_loss":0.0,"damage_taken":0.0,"cards_obtained":["Ghostly","Ghostly","Ghostly","Ghostly","Ghostly"]},{"cards_removed":["Pain"],"damage_healed":0.0,"max_hp_gain":0.0,"max_hp_loss":0.0,"gold_gain":0.0,"event_name":"Fountain of Cleansing","player_choice":"Removed Curses","floor":20.0,"gold_loss":0.0,"damage_taken":0.0}],"is_beta":false,"boss_relics":[{"not_picked":["Eternal Feather","White Beast Statue"],"picked":"Calling Bell"}],"items_purged_floors":[22],"is_endless":false,"potions_floor_spawned":[1,5,8,16,23],"killed_by":"Slavers","ascension_level":12}