{"gold_per_floor":[112,112,112,112,125,155,155,169,169,185,235,235,16,33,33,33],"floor_reached":16,"playtime":428,"items_purged":[],"score":156,"play_id":"d9b1d792-a289-48c4-9c1d-f3ef87d6e41c","local_time":"20181106224738","is_ascension_mode":true,"campfire_choices":[{"data":"Glacier","floor":7,"key":"SMITH"},{"data":"Gash","floor":12,"key":"SMITH"},{"data":"Mayhem","floor":15,"key":"SMITH"}],"neow_cost":"NONE","seed_source_timestamp":86240059708864,"circlet_count":0,"master_deck":["Strike_B","Strike_B","Strike_B","Strike_B","Defend_B","Defend_B","Defend_B","Defend_B","Zap+1","Dualcast","Leap","Glacier+1","Capacitor","Gash+1","Cold Snap","Mayhem+1","Conserve Battery"],"relics":["Cracked Core","NeowsBlessing","Question Card","Blue Candle","Boot","Regal Pillow"],"potions_floor_usage":[],"damage_taken":[{"damage":0,"enemies":"Cultist","floor":1,"turns":1},{"damage":0,"enemies":"Jaw Worm","floor":5,"turns":1},{"damage":0,"enemies":"Gremlin Nob","floor":6,"turns":1},{"damage":0,"enemies":"Small Slimes","floor":8,"turns":5},{"damage":1,"enemies":"Looter","floor":10,"turns":3},{"damage":10,"enemies":"3 Louse","floor":14,"turns":4},{"damage":57,"enemies":"Hexaghost","floor":16,"turns":16}],"seed_played":"8209205875565716272","potions_obtained":[{"floor":5,"key":"Ancient Potion"},{"floor":14,"key":"Strength Potion"}],"is_trial":false,"path_per_floor":["M","?","?","?","M","E","R","M","T","M","T","R","$","M","R","B"],"character_chosen":"DEFECT","items_purchased":["Mayhem","Conserve Battery"],"campfire_rested":0,"item_purchase_floors":[13,13],"current_hp_per_floor":[75,68,68,68,68,68,68,68,68,67,67,67,67,57,57,0],"gold":33,"neow_bonus":"THREE_ENEMY_KILL","is_prod":false,"is_daily":false,"chose_seed":false,"campfire_upgraded":3,"win_rate":0,"timestamp":1541566058,"path_taken":["M","?","?","?","M","E","R","M","T","M","?","R","$","M","R","BOSS"],"build_version":"2018-11-05","purchased_purges":0,"victory":false,"max_hp_per_floor":[75,75,75,75,75,75,75,75,75,75,75,75,75,75,75,75],"card_choices":[{"not_picked":["Stack","Coolheaded"],"picked":"Leap","floor":1},{"not_picked":["Hello World","Reprogram","Consume"],"picked":"Glacier","floor":5},{"not_picked":["Fission","Lockon","Leap"],"picked":"Capacitor","floor":6},{"not_picked":["Turbo","Hologram","Sweeping Beam"],"picked":"Gash","floor":8},{"not_picked":["Turbo","Coolheaded","Loop"],"picked":"Cold Snap","floor":10},{"not_picked":["Barrage","White Noise","Redo","Darkness"],"picked":"SKIP","floor":14}],"player_experience":522627,"relics_obtained":[{"floor":6,"key":"Blue Candle"},{"floor":9,"key":"Boot"},{"floor":11,"key":"Regal Pillow"}],"event_choices":[{"damage_healed":0,"gold_gain":0,"player_choice":"Success","damage_taken":7,"relics_obtained":["Question Card"],"max_hp_gain":0,"max_hp_loss":0,"event_name":"Scrap Ooze","floor":2,"gold_loss":0},{"damage_healed":0,"gold_gain":0,"player_choice":"Ignored","damage_taken":0,"max_hp_gain":0,"max_hp_loss":0,"event_name":"Shining Light","floor":3,"gold_loss":0},{"damage_healed":0,"gold_gain":0,"player_choice":"Grow","damage_taken":0,"max_hp_gain":0,"max_hp_loss":0,"event_name":"Living Wall","floor":4,"gold_loss":0,"cards_upgraded":["Zap"]}],"is_beta":true,"boss_relics":[],"items_purged_floors":[],"is_endless":false,"potions_floor_spawned":[5,14],"killed_by":"Hexaghost","ascension_level":5}