{"gold_per_floor":[111,128,128,148,164,197,197,30,30,30,55,55,55,55,55,55],"floor_reached":16,"playtime":640,"items_purged":[],"score":211,"play_id":"878ac819-e3c9-4fe9-8d23-ce61cceb419d","local_time":"20190208105925","is_ascension_mode":true,"campfire_choices":[{"floor":7,"key":"REST"},{"floor":10,"key":"REST"},{"data":"Neutralize","floor":12,"key":"SMITH"},{"data":"Caltrops","floor":15,"key":"SMITH"}],"neow_cost":"NONE","seed_source_timestamp":256563573405869,"circlet_count":0,"master_deck":["AscendersBane","Defend_G","Defend_G","Defend_G","Defend_G","Defend_G","Strike_G","Strike_G","Strike_G","Survivor","Neutralize+1","Caltrops+1","Quick Slash","Finisher","Dagger Throw"],"relics":["Ring of the Snake","Omamori","Happy Flower","Pen Nib","Mercury Hourglass","Calipers"],"potions_floor_usage":[5,6,16],"damage_taken":[{"damage":7,"enemies":"Small Slimes","floor":1,"turns":5},{"damage":1,"enemies":"Cultist","floor":2,"turns":4},{"damage":0,"enemies":"2 Louse","floor":4,"turns":4},{"damage":27,"enemies":"Large Slime","floor":5,"turns":9},{"damage":21,"enemies":"Gremlin Nob","floor":6,"turns":4},{"damage":25,"enemies":"3 Sentries","floor":11,"turns":7},{"damage":41,"enemies":"Slime Boss","floor":16,"turns":8}],"seed_played":"-6176604737569383895","potions_obtained":[{"floor":4,"key":"GamblersBrew"},{"floor":5,"key":"SteroidPotion"},{"floor":11,"key":"Explosive Potion"}],"is_trial":false,"path_per_floor":["M","M","?","M","M","E","R","$","T","R","E","R","?","?","R","B"],"character_chosen":"THE_SILENT","items_purchased":["Pen Nib"],"campfire_rested":2,"item_purchase_floors":[8],"current_hp_per_floor":[52,51,51,51,24,3,22,22,22,41,16,16,32,32,32,0],"gold":55,"neow_bonus":"RANDOM_COMMON_RELIC","is_prod":false,"is_daily":false,"chose_seed":false,"campfire_upgraded":2,"win_rate":0,"timestamp":1549641565,"path_taken":["M","M","?","?","M","E","R","$","T","R","E","R","?","?","R","BOSS"],"build_version":"2019-01-23","purchased_purges":0,"victory":false,"max_hp_per_floor":[66,66,66,66,66,66,66,66,66,66,66,66,66,66,66,66],"card_choices":[{"not_picked":["Quick Slash","Heel Hook"],"picked":"Caltrops","floor":1},{"not_picked":["Distraction","Accuracy"],"picked":"Quick Slash","floor":2},{"not_picked":["Acrobatics","Deflect","Eviscerate"],"picked":"SKIP","floor":4},{"not_picked":["Catalyst","Underhanded Strike"],"picked":"Finisher","floor":5},{"not_picked":["Catalyst","Heel Hook"],"picked":"Dagger Throw","floor":6},{"not_picked":["Dagger Throw","Prepared","Concentrate"],"picked":"SKIP","floor":11}],"player_experience":627580,"relics_obtained":[{"floor":6,"key":"Happy Flower"},{"floor":9,"key":"Mercury Hourglass"},{"floor":11,"key":"Calipers"}],"event_choices":[{"cards_removed":["Strike_G"],"damage_healed":0,"gold_gain":0,"player_choice":"Purged","damage_taken":0,"max_hp_gain":0,"max_hp_loss":0,"event_name":"Purifier","floor":3,"gold_loss":0},{"damage_healed":16,"gold_gain":0,"player_choice":"Healed and dodged fight","damage_taken":0,"max_hp_gain":0,"max_hp_loss":0,"event_name":"Mushrooms","floor":13,"gold_loss":0,"cards_obtained":["Parasite"]},{"cards_removed":["Strike_G"],"damage_healed":0,"gold_gain":0,"player_choice":"Offered Basic","damage_taken":0,"max_hp_gain":0,"max_hp_loss":0,"event_name":"Bonfire Elementals","floor":14,"gold_loss":0}],"is_beta":false,"boss_relics":[],"items_purged_floors":[],"is_endless":false,"potions_floor_spawned":[4,5,11],"killed_by":"Slime Boss","ascension_level":19}