{"gold_per_floor":[147,147,164,179,25,25,42,68,68,68,81,81,105,122,122,220,220,233,243,33,45,61,61,90,90,90,90,90,5,17,40,40,142,192,212,212,0,0,13,13,28,28,28,46,46,58,58,71,71,71],"floor_reached":51,"playtime":1922,"items_purged":["Strike_R"],"score":813,"play_id":"53dd328c-b9a4-4a45-a89e-1cd768dae978","local_time":"20181226020448","is_ascension_mode":true,"campfire_choices":[{"data":"Shockwave","floor":6.0,"key":"SMITH"},{"data":"Whirlwind","floor":12.0,"key":"SMITH"},{"data":"Shrug It Off","floor":15.0,"key":"SMITH"},{"data":"Bludgeon","floor":23.0,"key":"SMITH"},{"data":"Immolate","floor":25.0,"key":"SMITH"},{"data":"Limit Break","floor":27.0,"key":"SMITH"},{"data":"Bloodletting","floor":32.0,"key":"SMITH"},{"data":"Ghostly Armor","floor":40.0,"key":"SMITH"},{"data":"Double Tap","floor":47.0,"key":"SMITH"},{"floor":49.0,"key":"REST"}],"neow_cost":"NONE","seed_source_timestamp":3450909410542,"circlet_count":0,"master_deck":["Strike_R+1","Strike_R","Strike_R","Strike_R+1","Defend_R","Defend_R","Defend_R","Defend_R","Bash","Iron Wave+1","Immolate+1","Shockwave+1","Spot Weakness","Whirlwind+1","Shrug It Off+1","Bludgeon+1","Ghostly Armor+1","Limit Break+1","Battle Trance+1","Bloodletting+1","Disarm","Flex+1","Shrug It Off+1","Double Tap+1","Seeing Red+1","Shrug It Off+1","Heavy Blade+1","Heavy Blade+1"],"special_seed":0,"relics":["Burning Blood","Tiny Chest","Anchor","Vajra","Pantograph","Art of War","Philosopher\u0027s Stone","Orichalcum","Red Skull","Matryoshka","Ornamental Fan","Bag of Marbles","Tiny House","Regal Pillow","Prayer Wheel","Red Mask","Potion Belt","Mummified Hand"],"potions_floor_usage":[50,50,50],"damage_taken":[{"damage":13.0,"enemies":"Jaw Worm","floor":1.0,"turns":4.0},{"damage":1.0,"enemies":"Cultist","floor":3.0,"turns":3.0},{"damage":1.0,"enemies":"2 Louse","floor":4.0,"turns":2.0},{"damage":11.0,"enemies":"Looter","floor":7.0,"turns":3.0},{"damage":0.0,"enemies":"Gremlin Gang","floor":11.0,"turns":3.0},{"damage":0.0,"enemies":"Large Slime","floor":14.0,"turns":4.0},{"damage":39.0,"enemies":"The Guardian","floor":16.0,"turns":11.0},{"damage":0.0,"enemies":"3 Byrds","floor":18.0,"turns":2.0},{"damage":0.0,"enemies":"Chosen","floor":19.0,"turns":3.0},{"damage":5.0,"enemies":"3 Cultists","floor":21.0,"turns":3.0},{"damage":13.0,"enemies":"Snecko","floor":22.0,"turns":4.0},{"damage":19.0,"enemies":"Book of Stabbing","floor":24.0,"turns":4.0},{"damage":1.0,"enemies":"Sentry and Sphere","floor":30.0,"turns":3.0},{"damage":72.0,"enemies":"Collector","floor":33.0,"turns":7.0},{"damage":15.0,"enemies":"3 Darklings","floor":35.0,"turns":4.0},{"damage":16.0,"enemies":"3 Shapes","floor":39.0,"turns":3.0},{"damage":15.0,"enemies":"Maw","floor":41.0,"turns":5.0},{"damage":19.0,"enemies":"Transient","floor":44.0,"turns":5.0},{"damage":0.0,"enemies":"Writhing Mass","floor":45.0,"turns":1.0},{"damage":12.0,"enemies":"3 Darklings","floor":46.0,"turns":2.0},{"damage":3.0,"enemies":"Jaw Worm Horde","floor":48.0,"turns":1.0},{"damage":64,"enemies":"Awakened One","floor":50,"turns":9}],"seed_played":"-4929161722437587585","potions_obtained":[{"floor":3.0,"key":"EssenceOfSteel"},{"floor":4.0,"key":"Fire Potion"},{"floor":11.0,"key":"SpeedPotion"},{"floor":16.0,"key":"Swift Potion"},{"floor":19.0,"key":"FearPotion"},{"floor":21.0,"key":"Swift Potion"},{"floor":34.0,"key":"SmokeBomb"},{"floor":39.0,"key":"FearPotion"},{"floor":41.0,"key":"Dexterity Potion"},{"floor":44.0,"key":"SmokeBomb"},{"floor":48.0,"key":"Strength Potion"}],"is_trial":false,"path_per_floor":["M","?","M","M","$","R","M","T","T","?","M","R","T","M","R","B",null,"M","M","$","M","M","R","E","R","T","R","?","?","M","T","R","B",null,"M","T","?","?","M","R","M","$","T","M","M","M","R","M","R","B",null],"character_chosen":"IRONCLAD","items_purchased":["Anchor","Limit Break"],"campfire_rested":1,"item_purchase_floors":[5,20],"current_hp_per_floor":[73,73,78,80,80,80,75,75,75,59,65,65,65,71,71,47,80,80,80,80,80,73,73,60,60,60,60,45,45,50,50,50,9,90,81,81,81,81,71,71,62,62,62,49,55,49,49,52,90,32],"gold":71,"neow_bonus":"RANDOM_COMMON_RELIC","is_prod":false,"is_daily":false,"chose_seed":false,"campfire_upgraded":9,"win_rate":0,"timestamp":1545757488,"path_taken":["M","?","M","?","$","R","M","?","T","?","M","R","?","M","R","BOSS","M","M","$","M","?","R","E","R","T","R","?","?","M","?","R","BOSS","M","?","?","?","M","R","M","$","T","?","M","M","R","M","R","BOSS"],"build_version":"2018-12-20","purchased_purges":1,"victory":true,"max_hp_per_floor":[80,80,80,80,80,80,80,80,80,80,80,80,80,80,80,80,80,80,80,80,80,80,80,80,80,80,80,85,85,85,85,85,85,90,90,90,90,90,90,90,90,90,90,90,90,90,90,90,90,90],"card_choices":[{"not_picked":["True Grit","Blood for Blood"],"picked":"Iron Wave","floor":1.0},{"not_picked":["Sever Soul","Heavy Blade","Twin Strike"],"picked":"SKIP","floor":3.0},{"not_picked":["Flex","Wild Strike"],"picked":"Spot Weakness","floor":4.0},{"not_picked":["Anger","Battle Trance"],"picked":"Whirlwind","floor":7.0},{"not_picked":["Dropkick","Dual Wield","Sentinel"],"picked":"SKIP","floor":11.0},{"not_picked":["Headbutt","Clash"],"picked":"Shrug It Off","floor":14.0},{"not_picked":["Barricade","Demon Form"],"picked":"Bludgeon","floor":16.0},{"not_picked":["Clash","Flex"],"picked":"Ghostly Armor","floor":18.0},{"not_picked":["Shockwave","Anger","Sentinel"],"picked":"SKIP","floor":19.0},{"not_picked":["Dual Wield","Clothesline+1"],"picked":"Battle Trance+1","floor":21.0},{"not_picked":["Warcry+1","Anger","Intimidate"],"picked":"SKIP","floor":22.0},{"not_picked":["Battle Trance","Power Through","Searing Blow"],"picked":"SKIP","floor":24.0},{"not_picked":["Body Slam","Perfected Strike+1"],"picked":"Bloodletting","floor":30.0},{"not_picked":["Sentinel","Twin Strike"],"picked":"Disarm","floor":34.0},{"not_picked":["Metallicize+1","Anger+1"],"picked":"Flex+1","floor":35.0},{"not_picked":["Pommel Strike+1","Bloodletting+1","Wild Strike"],"picked":"SKIP","floor":39.0},{"not_picked":["Cleave+1","Sever Soul","Combust"],"picked":"SKIP","floor":39.0},{"not_picked":["Havoc+1","Body Slam+1"],"picked":"Shrug It Off+1","floor":41.0},{"not_picked":["Armaments+1","Iron Wave+1"],"picked":"Double Tap","floor":41.0},{"not_picked":["Infernal Blade","Battle Trance"],"picked":"Seeing Red+1","floor":44.0},{"not_picked":["Anger+1","Warcry","Headbutt"],"picked":"SKIP","floor":44.0},{"not_picked":["Headbutt","Warcry"],"picked":"Shrug It Off+1","floor":46.0},{"not_picked":["Armaments","Wild Strike+1","Warcry"],"picked":"SKIP","floor":46.0},{"not_picked":["Pommel Strike+1","Cleave+1"],"picked":"Heavy Blade+1","floor":48.0},{"not_picked":["Perfected Strike+1","Corruption"],"picked":"Heavy Blade+1","floor":48.0}],"player_experience":241642,"relics_obtained":[{"floor":8.0,"key":"Vajra"},{"floor":9.0,"key":"Pantograph"},{"floor":13.0,"key":"Art of War"},{"floor":24.0,"key":"Orichalcum"},{"floor":26.0,"key":"Red Skull"},{"floor":31.0,"key":"Ornamental Fan"},{"floor":31.0,"key":"Bag of Marbles"},{"floor":36.0,"key":"Regal Pillow"},{"floor":36.0,"key":"Prayer Wheel"},{"floor":43.0,"key":"Mummified Hand"}],"event_choices":[{"damage_healed":0.0,"max_hp_gain":0.0,"max_hp_loss":0.0,"gold_gain":0.0,"event_name":"Match and Keep!","player_choice":"2 cards matched","floor":2.0,"gold_loss":0.0,"damage_taken":0.0,"cards_obtained":["Immolate","Shockwave"]},{"damage_healed":0.0,"max_hp_gain":0.0,"max_hp_loss":0.0,"gold_gain":0.0,"event_name":"Shining Light","player_choice":"Entered Light","floor":10.0,"gold_loss":0.0,"damage_taken":16.0,"cards_upgraded":["Strike_R","Strike_R"]},{"damage_healed":0.0,"max_hp_gain":5.0,"max_hp_loss":0.0,"gold_gain":0.0,"event_name":"Forgotten Altar","player_choice":"Shed Blood","floor":28.0,"gold_loss":0.0,"damage_taken":20.0},{"damage_healed":0.0,"max_hp_gain":0.0,"max_hp_loss":0.0,"gold_gain":0.0,"event_name":"Addict","player_choice":"Obtained Relic","floor":29.0,"gold_loss":85.0,"damage_taken":0.0,"relics_obtained":["Matryoshka"]},{"damage_healed":0.0,"max_hp_gain":0.0,"max_hp_loss":0.0,"gold_gain":0.0,"event_name":"Tomb of Lord Red Mask","player_choice":"Paid","floor":37.0,"gold_loss":212.0,"damage_taken":0.0,"relics_obtained":["Red Mask"]},{"damage_healed":0.0,"max_hp_gain":0.0,"max_hp_loss":0.0,"gold_gain":0.0,"event_name":"WeMeetAgain","player_choice":"Gave Potion","floor":38.0,"gold_loss":0.0,"damage_taken":0.0,"relics_obtained":["Potion Belt"]}],"is_beta":false,"boss_relics":[{"not_picked":["Runic Cube","Runic Dome"],"picked":"Philosopher\u0027s Stone"},{"not_picked":["Snecko Eye","Pandora\u0027s Box"],"picked":"Tiny House"}],"items_purged_floors":[20],"is_endless":false,"potions_floor_spawned":[3,4,11,16,19,21,22,39,41,44,45,48],"ascension_level":4}