{"gold_per_floor":[113,130,55,55,33,33,50,50,50,225,259,105,105,119,119,218,218,228,238,38,50,50,50,81,100,154,185,218,218,253,266,266,369,369,379,397,4,15,34,65,15,32,80,40,57,57,76,102,102,102],"floor_reached":51,"playtime":4282,"items_purged":["Strike_G","Doubt","Strike_G"],"score":792,"play_id":"ad9b8bdb-d698-4c16-9f79-8bf763184668","local_time":"20190113120626","is_ascension_mode":false,"campfire_choices":[{"data":"Glass Knife","floor":6,"key":"SMITH"},{"data":"Adrenaline","floor":15,"key":"SMITH"},{"data":"A Thousand Cuts","floor":23,"key":"SMITH"},{"floor":32,"key":"REST"},{"floor":46,"key":"DIG"},{"floor":49,"key":"REST"}],"neow_cost":"TEN_PERCENT_HP_LOSS","seed_source_timestamp":54126537023136,"circlet_count":0,"master_deck":["Defend_G","Defend_G","Defend_G","Defend_G+1","Defend_G","Survivor","Neutralize","Glass Knife+1","Dagger Spray","Terror","Flying Knee","Poisoned Stab+1","Adrenaline+1","Prepared","Slice","A Thousand Cuts+1","Blade Dance","Crippling Poison+1","Slice","Tools of the Trade+1","Deadly Poison+1","Mayhem+1","Footwork+1","Backflip+1","Parasite","Underhanded Strike"],"relics":["Ring of the Snake","Mummified Hand","Unceasing Top","Busted Crown","Medical Kit","Tough Bandages","Dream Catcher","Red Mask","Frozen Egg 2","FaceOfCleric","Shuriken","Black Star","Shovel","Dodecahedron","Potion Belt","Anchor","Blue Candle","Bag of Marbles"],"potions_floor_usage":[16,33,33,33,50,50,50,50],"damage_taken":[{"damage":0,"enemies":"Jaw Worm","floor":1,"turns":4},{"damage":0,"enemies":"Cultist","floor":2,"turns":3},{"damage":0,"enemies":"2 Louse","floor":7,"turns":2},{"damage":14,"enemies":"Gremlin Nob","floor":11,"turns":3},{"damage":0,"enemies":"Looter","floor":14,"turns":1},{"damage":31,"enemies":"Hexaghost","floor":16,"turns":11},{"damage":7,"enemies":"Shell Parasite","floor":18,"turns":2},{"damage":0,"enemies":"3 Byrds","floor":19,"turns":3},{"damage":0,"enemies":"Centurion and Healer","floor":21,"turns":5},{"damage":0,"enemies":"Gremlin Leader","floor":24,"turns":3},{"damage":0,"enemies":"Snecko","floor":25,"turns":3},{"damage":0,"enemies":"Masked Bandits","floor":27,"turns":2},{"damage":5,"enemies":"Book of Stabbing","floor":28,"turns":3},{"damage":24,"enemies":"Slavers","floor":30,"turns":3},{"damage":3,"enemies":"Shelled Parasite and Fungi","floor":31,"turns":3},{"damage":27,"enemies":"Champ","floor":33,"turns":6},{"damage":2,"enemies":"3 Darklings","floor":35,"turns":2},{"damage":0,"enemies":"Orb Walker","floor":36,"turns":2},{"damage":0,"enemies":"Transient","floor":38,"turns":5},{"damage":12,"enemies":"Jaw Worm Horde","floor":39,"turns":3},{"damage":0,"enemies":"Giant Head","floor":40,"turns":6},{"damage":0,"enemies":"Writhing Mass","floor":42,"turns":4},{"damage":5,"enemies":"4 Shapes","floor":45,"turns":3},{"damage":0,"enemies":"Spire Growth","floor":47,"turns":3},{"damage":0,"enemies":"Nemesis","floor":48,"turns":5},{"damage":21,"enemies":"Time Eater","floor":50,"turns":8}],"seed_played":"-9001762199473111979","potions_obtained":[{"floor":7,"key":"Regen Potion"},{"floor":11,"key":"Fire Potion"},{"floor":16,"key":"EssenceOfSteel"},{"floor":19,"key":"Poison Potion"},{"floor":33,"key":"GhostInAJar"},{"floor":35,"key":"Poison Potion"},{"floor":38,"key":"Dexterity Potion"},{"floor":39,"key":"Strength Potion"},{"floor":47,"key":"Energy Potion"}],"is_trial":false,"path_per_floor":["M","M","$","?","$","R","M","?","T","?","E","$","?","M","R","B",null,"M","M","$","M","$","R","E","M","T","?","E","?","E","M","R","B",null,"M","M","$","M","M","E","$","M","T","?","M","R","M","E","R","B",null],"character_chosen":"THE_SILENT","items_purchased":["Flying Knee","Prepared","Medical Kit","Mayhem+1","Footwork+1","PowerPotion"],"campfire_rested":2,"item_purchase_floors":[5,12,20,37,37,41],"current_hp_per_floor":[63,63,63,63,63,63,63,56,56,56,42,42,42,42,42,26,63,56,56,56,56,56,56,56,56,56,56,51,51,28,26,45,19,66,65,66,66,67,56,57,57,58,58,58,54,54,55,56,75,55],"gold":102,"neow_bonus":"THREE_RARE_CARDS","is_prod":false,"is_daily":false,"chose_seed":false,"campfire_upgraded":3,"win_rate":0,"timestamp":1547343386,"path_taken":["M","M","$","?","$","R","?","?","T","?","E","$","?","M","R","BOSS","M","M","$","M","$","R","E","M","T","?","E","?","E","M","R","BOSS","M","M","$","M","M","E","?","M","T","?","M","R","M","E","R","BOSS"],"build_version":"2019-01-10","purchased_purges":3,"victory":true,"max_hp_per_floor":[63,63,63,63,63,63,63,63,63,63,63,63,63,63,63,63,63,63,63,63,63,63,63,63,63,63,63,63,63,64,65,65,66,66,67,68,68,69,70,71,71,72,72,72,73,73,74,75,75,76],"card_choices":[{"not_picked":["Grand Finale","Bullet Time"],"picked":"Glass Knife","floor":0},{"not_picked":["Acrobatics","Skewer"],"picked":"Dagger Spray","floor":1},{"not_picked":["Bane","All Out Attack"],"picked":"Terror","floor":2},{"not_picked":["Catalyst","Sucker Punch"],"picked":"Poisoned Stab","floor":7},{"not_picked":["Finisher","Backflip"],"picked":"Adrenaline","floor":11},{"not_picked":["Dodge and Roll","Blur"],"picked":"Slice","floor":14},{"not_picked":["Grand Finale","Corpse Explosion"],"picked":"A Thousand Cuts","floor":16},{"not_picked":["PiercingWail"],"picked":"SKIP","floor":18},{"not_picked":[],"picked":"Blade Dance","floor":19},{"not_picked":["Tactician"],"picked":"SKIP","floor":21},{"not_picked":["Sucker Punch"],"picked":"SKIP","floor":24},{"not_picked":[],"picked":"Crippling Poison+1","floor":25},{"not_picked":["PiercingWail"],"picked":"SKIP","floor":28},{"not_picked":["Tactician+1"],"picked":"SKIP","floor":30},{"not_picked":["Dodge and Roll"],"picked":"SKIP","floor":31},{"not_picked":[],"picked":"Slice","floor":32},{"not_picked":[],"picked":"Tools of the Trade+1","floor":33},{"not_picked":[],"picked":"Deadly Poison+1","floor":35},{"not_picked":["Reflex+1"],"picked":"SKIP","floor":36},{"not_picked":["Dagger Spray"],"picked":"SKIP","floor":38},{"not_picked":["Cloak And Dagger"],"picked":"SKIP","floor":39},{"not_picked":[],"picked":"Backflip+1","floor":40},{"not_picked":["Sucker Punch"],"picked":"SKIP","floor":42},{"not_picked":["Sucker Punch+1"],"picked":"SKIP","floor":45},{"not_picked":[],"picked":"Underhanded Strike","floor":47},{"not_picked":["Riddle With Holes+1"],"picked":"SKIP","floor":48}],"player_experience":421988,"relics_obtained":[{"floor":9,"key":"Mummified Hand"},{"floor":11,"key":"Unceasing Top"},{"floor":24,"key":"Tough Bandages"},{"floor":26,"key":"Dream Catcher"},{"floor":27,"key":"Red Mask"},{"floor":28,"key":"Frozen Egg 2"},{"floor":30,"key":"Shuriken"},{"floor":40,"key":"Shovel"},{"floor":40,"key":"Dodecahedron"},{"floor":43,"key":"Potion Belt"},{"floor":46,"key":"Anchor"},{"floor":48,"key":"Blue Candle"},{"floor":48,"key":"Bag of Marbles"}],"event_choices":[{"cards_removed":["Strike_G"],"damage_healed":0,"gold_gain":0,"player_choice":"Purged","damage_taken":0,"max_hp_gain":0,"max_hp_loss":0,"event_name":"Purifier","floor":4,"gold_loss":0},{"cards_removed":["Strike_G"],"damage_healed":0,"gold_gain":0,"player_choice":"Card Removal","damage_taken":7,"max_hp_gain":0,"max_hp_loss":0,"event_name":"Golden Wing","floor":8,"gold_loss":0},{"damage_healed":0,"gold_gain":175,"player_choice":"AGREE","damage_taken":0,"max_hp_gain":0,"max_hp_loss":0,"event_name":"Liars Game","floor":10,"gold_loss":0,"cards_obtained":["Doubt"]},{"cards_removed":["Strike_G"],"damage_healed":0,"gold_gain":0,"player_choice":"Forget","damage_taken":0,"max_hp_gain":0,"max_hp_loss":0,"event_name":"Living Wall","floor":13,"gold_loss":0},{"damage_healed":0,"gold_gain":0,"player_choice":"Fought Bandits","damage_taken":0,"max_hp_gain":0,"max_hp_loss":0,"event_name":"Masked Bandits","floor":27,"gold_loss":0},{"damage_healed":0,"gold_gain":0,"player_choice":"Trade","damage_taken":0,"relics_obtained":["FaceOfCleric"],"max_hp_gain":0,"max_hp_loss":0,"event_name":"FaceTrader","floor":29,"gold_loss":0},{"damage_healed":0,"gold_gain":0,"player_choice":"Upgraded Two","damage_taken":0,"max_hp_gain":0,"max_hp_loss":0,"event_name":"Designer","floor":44,"gold_loss":40,"cards_upgraded":["Poisoned Stab","Defend_G"]}],"is_beta":false,"boss_relics":[{"not_picked":["Ectoplasm","Pandora\u0027s Box"],"picked":"Busted Crown"},{"not_picked":["Tiny House","Lizard Tail"],"picked":"Black Star"}],"items_purged_floors":[3,12,37],"is_endless":false,"potions_floor_spawned":[7,11,16,19,24,25,30,33,35,38,39,47],"ascension_level":0}