{"gold_per_floor":[110,61,61,61,61,101,120,120,171,171,196,210,250,23,23,23],"floor_reached":16,"playtime":509,"items_purged":["Bash"],"score":133,"play_id":"cf2eddcf-e9de-4d2b-a6bb-ec9a9334935c","local_time":"20190110173546","is_ascension_mode":false,"campfire_choices":[{"data":"Defend_R","floor":8,"key":"PURGE"},{"data":"Pommel Strike","floor":10,"key":"SMITH"},{"data":"Perfected Strike","floor":15,"key":"SMITH"}],"neow_cost":"NONE","seed_source_timestamp":89051003405156,"circlet_count":0,"master_deck":["Strike_R","Strike_R","Strike_R","Strike_R","Strike_R","Defend_R","Defend_R","Defend_R","Perfected Strike+1","Twin Strike","Pommel Strike+1","Shockwave","Perfected Strike+1"],"relics":["Burning Blood","NeowsBlessing","Golden Idol","Peace Pipe","Bag of Marbles","Dream Catcher","Bag of Preparation","Bronze Scales"],"potions_floor_usage":[],"damage_taken":[{"damage":0,"enemies":"Jaw Worm","floor":1,"turns":1},{"damage":0,"enemies":"Gremlin Nob","floor":6,"turns":1},{"damage":0,"enemies":"Small Slimes","floor":7,"turns":1},{"damage":0,"enemies":"2 Louse","floor":11,"turns":1},{"damage":7,"enemies":"Looter","floor":12,"turns":2},{"damage":13,"enemies":"3 Sentries","floor":13,"turns":4},{"damage":62,"enemies":"The Guardian","floor":16,"turns":9}],"seed_played":"-4793197151108808066","potions_obtained":[{"floor":1,"key":"FairyPotion"}],"is_trial":false,"path_per_floor":["M","$","?","?","?","E","M","R","T","R","M","M","E","$","R","B"],"character_chosen":"IRONCLAD","items_purchased":["Twin Strike","Bronze Scales"],"campfire_rested":0,"item_purchase_floors":[2,14],"current_hp_per_floor":[80,80,80,60,42,48,54,54,54,54,60,59,52,52,52,0],"gold":23,"neow_bonus":"THREE_ENEMY_KILL","is_prod":false,"is_daily":false,"chose_seed":false,"campfire_upgraded":2,"win_rate":0,"timestamp":1547103946,"path_taken":["M","$","?","?","?","E","M","R","T","R","M","M","E","$","R","BOSS"],"build_version":"2019-01-03v4","purchased_purges":1,"victory":false,"max_hp_per_floor":[80,80,80,80,80,80,80,80,80,80,80,80,80,80,80,80],"card_choices":[{"not_picked":["Hemokinesis","Sever Soul"],"picked":"Perfected Strike","floor":1},{"not_picked":["Iron Wave","Heavy Blade","Sentinel"],"picked":"SKIP","floor":6},{"not_picked":["Clothesline","Anger"],"picked":"Pommel Strike","floor":7},{"not_picked":["Offering","Rupture"],"picked":"Shockwave","floor":11},{"not_picked":["Twin Strike","Intimidate"],"picked":"Perfected Strike","floor":12},{"not_picked":["Ghostly Armor","Carnage","Clothesline"],"picked":"SKIP","floor":13}],"player_experience":399207,"relics_obtained":[{"floor":6,"key":"Bag of Marbles"},{"floor":9,"key":"Dream Catcher"},{"floor":13,"key":"Bag of Preparation"}],"event_choices":[{"damage_healed":0,"gold_gain":0,"player_choice":"Grow","damage_taken":0,"max_hp_gain":0,"max_hp_loss":0,"event_name":"Living Wall","floor":3,"gold_loss":0,"cards_upgraded":["Perfected Strike"]},{"damage_healed":0,"gold_gain":0,"player_choice":"Take Damage","damage_taken":20,"relics_obtained":["Golden Idol"],"max_hp_gain":0,"max_hp_loss":0,"event_name":"Golden Idol","floor":4,"gold_loss":0},{"damage_healed":0,"gold_gain":0,"player_choice":"Success","damage_taken":18,"relics_obtained":["Peace Pipe"],"max_hp_gain":0,"max_hp_loss":0,"event_name":"Scrap Ooze","floor":5,"gold_loss":0}],"is_beta":false,"boss_relics":[],"items_purged_floors":[14],"is_endless":false,"potions_floor_spawned":[1],"killed_by":"The Guardian","ascension_level":0}