{"gold_per_floor":[360,380,393,119,119,152,168,168,214,214,231,231,231,105,105,180,180,195,195,87,98,98,98,116,141,141,141],"floor_reached":27,"playtime":1015,"items_purged":["Normality"],"score":422,"play_id":"8503c8dd-a87f-4137-92b4-67321a77e981","local_time":"20190208082414","is_ascension_mode":true,"campfire_choices":[{"floor":8,"key":"REST"},{"data":"Zap","floor":10,"key":"SMITH"},{"data":"Consume","floor":12,"key":"SMITH"},{"floor":15,"key":"REST"},{"floor":23,"key":"REST"}],"neow_cost":"CURSE","seed_source_timestamp":410612717079176,"circlet_count":0,"master_deck":["AscendersBane","Strike_B","Strike_B","Strike_B","Defend_B","Defend_B","Defend_B","Defend_B","Zap+1","Dualcast","Gash","Consume+1","Rebound","Sweeping Beam","Skim","Steam","Gash","Capacitor+1","Go for the Eyes","Echo Form+1","Ball Lightning","Panacea","Leap+1"],"relics":["FrozenCore","Lee\u0027s Waffle","Frozen Egg 2","Oddly Smooth Stone","Regal Pillow","Pantograph"],"potions_floor_usage":[16,16],"damage_taken":[{"damage":2,"enemies":"Jaw Worm","floor":1,"turns":3},{"damage":1,"enemies":"Cultist","floor":2,"turns":3},{"damage":2,"enemies":"2 Louse","floor":3,"turns":2},{"damage":36,"enemies":"Gremlin Nob","floor":6,"turns":4},{"damage":9,"enemies":"2 Fungi Beasts","floor":7,"turns":3},{"damage":10,"enemies":"Blue Slaver","floor":11,"turns":4},{"damage":17,"enemies":"Slime Boss","floor":16,"turns":10},{"damage":11,"enemies":"Shell Parasite","floor":18,"turns":8},{"damage":24,"enemies":"3 Byrds","floor":21,"turns":6},{"damage":18,"enemies":"Snecko","floor":24,"turns":7},{"damage":26,"enemies":"Shelled Parasite and Fungi","floor":27,"turns":2}],"seed_played":"-8012042663919433474","potions_obtained":[{"floor":1,"key":"Dexterity Potion"},{"floor":7,"key":"SkillPotion"}],"is_trial":false,"path_per_floor":["M","M","M","$","?","E","M","R","T","R","M","R","?","$","R","B",null,"M","?","$","M","?","R","M","T","T","M"],"character_chosen":"DEFECT","items_purchased":["Lee\u0027s Waffle","Sweeping Beam","Go for the Eyes","Panacea"],"campfire_rested":3,"item_purchase_floors":[4,4,14,20],"current_hp_per_floor":[62,61,59,78,78,42,33,56,56,56,46,46,46,46,69,52,72,61,39,39,15,15,39,21,21,21,0],"gold":141,"neow_bonus":"TWO_FIFTY_GOLD","is_prod":false,"is_daily":false,"chose_seed":false,"campfire_upgraded":2,"win_rate":0,"timestamp":1549632254,"path_taken":["M","M","M","$","?","E","M","R","T","R","?","R","?","$","R","BOSS","M","?","$","M","?","R","M","?","T","M"],"build_version":"2019-01-23","purchased_purges":1,"victory":false,"max_hp_per_floor":[71,71,71,78,78,78,78,78,78,78,78,78,78,78,78,78,78,78,83,83,83,83,83,83,83,83,83],"card_choices":[{"not_picked":["Beam Cell","Stack"],"picked":"Gash","floor":1},{"not_picked":["Ball Lightning","Leap"],"picked":"Consume","floor":2},{"not_picked":["Ball Lightning","Compile Driver"],"picked":"Rebound","floor":3},{"not_picked":["Rebound","Compile Driver"],"picked":"Steam","floor":6},{"not_picked":["Self Repair+1","Heatsinks+1"],"picked":"Gash","floor":7},{"not_picked":["Redo","Force Field"],"picked":"Capacitor+1","floor":11},{"not_picked":["Creative AI+1","Fission"],"picked":"Echo Form+1","floor":16},{"not_picked":["Turbo","Rebound"],"picked":"Ball Lightning","floor":18},{"not_picked":["Sweeping Beam","Tempest"],"picked":"Leap+1","floor":21},{"not_picked":["Aggregate","Stack","FTL"],"picked":"SKIP","floor":24}],"player_experience":2351643,"relics_obtained":[{"floor":6,"key":"Frozen Egg 2"},{"floor":9,"key":"Oddly Smooth Stone"},{"floor":25,"key":"Regal Pillow"},{"floor":26,"key":"Pantograph"}],"event_choices":[{"damage_healed":0,"gold_gain":0,"cards_transformed":["Strike_B"],"player_choice":"Transformed","damage_taken":0,"max_hp_gain":0,"max_hp_loss":0,"event_name":"Transmorgrifier","floor":5,"gold_loss":0,"cards_obtained":["Skim"]},{"damage_healed":0,"gold_gain":0,"player_choice":"Ignored","damage_taken":0,"max_hp_gain":0,"max_hp_loss":0,"event_name":"Liars Game","floor":13,"gold_loss":0},{"damage_healed":0,"gold_gain":0,"player_choice":"Shed Blood","damage_taken":27,"max_hp_gain":5,"max_hp_loss":0,"event_name":"Forgotten Altar","floor":19,"gold_loss":0},{"damage_healed":0,"gold_gain":0,"player_choice":"Ignored","damage_taken":0,"max_hp_gain":0,"max_hp_loss":0,"event_name":"Ghosts","floor":22,"gold_loss":0}],"is_beta":false,"boss_relics":[{"not_picked":["Philosopher\u0027s Stone","Calling Bell"],"picked":"FrozenCore"}],"items_purged_floors":[14],"is_endless":false,"potions_floor_spawned":[1,7,11],"killed_by":"Shelled Parasite and Fungi","ascension_level":20}