{"path_per_floor":["M","?","$","M","?","R","E","R","T","M","M","M","$","M","R","B",null,"M","$","M","?","?","R","M","R","T","M","R","M","?","$","R"],"character_chosen":"IRONCLAD","items_purchased":["Infernal Blade","Dramatic Entrance","Pen Nib","Flame Barrier","Flash of Steel"],"gold_per_floor":[117,117,49,69,144,144,173,173,173,191,205,216,41,52,52,157,157,174,31,42,0,0,0,14,14,61,71,71,83,283,12,12,12],"floor_reached":33,"campfire_rested":7,"playtime":1447,"item_purchase_floors":[3,13,19,31,31],"current_hp_per_floor":[78,78,78,80,69,80,51,75,75,71,69,56,56,42,66,25,80,48,48,57,57,42,67,36,61,61,49,74,35,35,35,60,0],"items_purged":["Defend_R","Strike_R"],"gold":12,"score":296,"play_id":"26458432-2424-43f5-ad23-cac8b6f3ef32","local_time":"20180618131651","is_prod":false,"is_daily":false,"chose_seed":false,"is_ascension_mode":true,"campfire_upgraded":0,"win_rate":0,"timestamp":1529342211,"campfire_choices":[{"floor":6,"key":"REST"},{"floor":8,"key":"REST"},{"floor":15,"key":"REST"},{"floor":23,"key":"REST"},{"floor":25,"key":"REST"},{"floor":28,"key":"REST"},{"floor":32,"key":"REST"}],"path_taken":["M","?","$","M","?","R","E","R","T","M","M","M","$","?","R","BOSS","M","?","M","?","?","R","M","R","T","?","R","?","?","$","R","BOSS"],"build_version":"2018-06-14v2","seed_source_timestamp":380082481578345,"purchased_purges":2,"victory":false,"master_deck":["Strike_R","Strike_R","Defend_R","Defend_R","Defend_R","Bash","Seeing Red","Shockwave","Infernal Blade","Thunderclap","Inflame","Cleave","Pommel Strike","Thunderclap","Dramatic Entrance","Thunderclap","Reaper","Dual Wield+1","Flex","Whirlwind","Shrug It Off","Pommel Strike+1","Flame Barrier","Flash of Steel"],"max_hp_per_floor":[80,80,80,80,80,80,80,80,80,80,80,80,80,80,80,80,80,80,80,80,80,85,85,85,85,85,85,85,85,85,85,85,85],"relics":["Burning Blood","Oddly Smooth Stone","Darkstone Periapt","Empty Cage","Pen Nib","Bag of Marbles"],"card_choices":[{"not_picked":["Combust","Twin Strike"],"picked":"Seeing Red","floor":0},{"not_picked":["Anger","Perfected Strike"],"picked":"Shockwave","floor":1},{"not_picked":["Uppercut","Twin Strike"],"picked":"Thunderclap","floor":4},{"not_picked":["Body Slam","Sword Boomerang"],"picked":"Inflame","floor":7},{"not_picked":["Anger","Dropkick"],"picked":"Cleave","floor":10},{"not_picked":["Sword Boomerang","Clash"],"picked":"Pommel Strike","floor":11},{"not_picked":["Juggernaut","Heavy Blade"],"picked":"Thunderclap","floor":12},{"not_picked":["Twin Strike","Flex"],"picked":"Thunderclap","floor":14},{"not_picked":["Berserk","Fiend Fire"],"picked":"Reaper","floor":16},{"not_picked":["Body Slam+1","Second Wind"],"picked":"Dual Wield+1","floor":18},{"not_picked":["Seeing Red+1","Twin Strike"],"picked":"Flex","floor":20},{"not_picked":["Combust","Entrench"],"picked":"Whirlwind","floor":24},{"not_picked":["Shockwave","Dropkick"],"picked":"Shrug It Off","floor":27},{"not_picked":["Seeing Red+1","Warcry"],"picked":"Pommel Strike+1","floor":29}],"player_experience":640460,"potions_floor_usage":[24],"damage_taken":[{"damage":8,"enemies":"Jaw Worm","floor":1,"turns":4},{"damage":4,"enemies":"Cultist","floor":4,"turns":3},{"damage":35,"enemies":"3 Sentries","floor":7,"turns":10},{"damage":10,"enemies":"Small Slimes","floor":10,"turns":3},{"damage":8,"enemies":"Looter","floor":11,"turns":3},{"damage":19,"enemies":"Exordium Wildlife","floor":12,"turns":3},{"damage":20,"enemies":"Red Slaver","floor":14,"turns":4},{"damage":47,"enemies":"Slime Boss","floor":16,"turns":7},{"damage":38,"enemies":"2 Thieves","floor":18,"turns":3},{"damage":6,"enemies":"3 Byrds","floor":20,"turns":4},{"damage":58,"enemies":"Centurion and Healer","floor":24,"turns":8},{"damage":18,"enemies":"Snake Plant","floor":27,"turns":2},{"damage":56,"enemies":"Cultist and Chosen","floor":29,"turns":6},{"damage":76,"enemies":"Champ","floor":33,"turns":6}],"relics_obtained":[{"floor":7,"key":"Oddly Smooth Stone"},{"floor":9,"key":"Darkstone Periapt"},{"floor":26,"key":"Bag of Marbles"}],"event_choices":[{"event_name":"The Lab","player_choice":"Got Potions","floor":2,"damage_taken":0},{"event_name":"World of Goop","player_choice":"Gather Gold","floor":5,"damage_taken":0},{"event_name":"Masked Bandits","player_choice":"Paid Bandits 42 gold","floor":21,"damage_taken":0},{"event_name":"Forgotten Altar","player_choice":"Shed Blood","floor":22,"damage_taken":0},{"event_name":"The Joust","player_choice":"Bet on Owner","floor":30,"damage_taken":0}],"boss_relics":[{"not_picked":["White Beast Statue","Runic Dome"],"picked":"Empty Cage"}],"items_purged_floors":[13,31],"is_endless":false,"potions_floor_spawned":[7,12,20,29],"seed_played":"8962848939698153802","killed_by":"Champ","ascension_level":4,"potions_obtained":[{"floor":2,"key":"Regen Potion"},{"floor":2,"key":"SteroidPotion"},{"floor":2,"key":"SpeedPotion"},{"floor":12,"key":"PowerPotion"},{"floor":20,"key":"EntropicBrew"},{"floor":29,"key":"Regen Potion"}],"is_trial":false}