{"gold_per_floor":[15,29,29,29,48,48,71,91,91,91],"floor_reached":10,"playtime":1135,"items_purged":[],"score":60,"play_id":"e59eb8a6-4c8d-4d1d-8cea-fe98c490c657","local_time":"20190126184919","is_ascension_mode":false,"campfire_choices":[{"floor":6,"key":"REST"}],"neow_cost":"NO_GOLD","seed_source_timestamp":1230530354144299,"circlet_count":0,"master_deck":["Defend_G","Defend_G","Defend_G","Defend_G","Defend_G","Strike_G","Strike_G","Strike_G","Strike_G","Strike_G","Survivor","Neutralize","Forethought","Dramatic Entrance","Acrobatics","Footwork+1","Crippling Poison","Escape Plan","Well Laid Plans"],"relics":["Ring of the Snake","Golden Idol","Ancient Tea Set"],"potions_floor_usage":[],"damage_taken":[{"damage":1,"enemies":"2 Louse","floor":1,"turns":4},{"damage":0,"enemies":"Cultist","floor":2,"turns":4},{"damage":0,"enemies":"Small Slimes","floor":5,"turns":4},{"damage":5,"enemies":"Exordium Wildlife","floor":7,"turns":4},{"damage":3,"enemies":"Exordium Thugs","floor":8,"turns":6},{"damage":44,"enemies":"Lagavulin Event","floor":10,"turns":16}],"seed_played":"-1662143053176718577","potions_obtained":[{"floor":2,"key":"Energy Potion"},{"floor":5,"key":"FearPotion"},{"floor":8,"key":"EssenceOfSteel"}],"is_trial":false,"path_per_floor":["M","M","?","?","M","R","M","M","T","?"],"character_chosen":"THE_SILENT","items_purchased":[],"campfire_rested":1,"item_purchase_floors":[],"current_hp_per_floor":[69,69,52,52,52,70,65,62,62,18],"gold":91,"neow_bonus":"RANDOM_COLORLESS_2","is_prod":false,"is_daily":false,"chose_seed":false,"campfire_upgraded":0,"win_rate":0.0,"timestamp":1548499759,"path_taken":["M","M","?","?","M","R","M","M","T","?"],"build_version":"2019-01-23","purchased_purges":0,"victory":false,"max_hp_per_floor":[70,70,70,70,70,70,70,70,70,70],"card_choices":[{"not_picked":["Dodge and Roll","Poisoned Stab"],"picked":"Acrobatics","floor":1},{"not_picked":["Infinite Blades","Backflip"],"picked":"Footwork","floor":2},{"not_picked":["Backflip","Die Die Die"],"picked":"Crippling Poison","floor":5},{"not_picked":["Distraction","Prepared"],"picked":"Escape Plan","floor":7},{"not_picked":["Flechettes","Terror"],"picked":"Well Laid Plans","floor":8}],"player_experience":7232,"relics_obtained":[{"floor":9,"key":"Ancient Tea Set"}],"event_choices":[{"damage_healed":0,"gold_gain":0,"player_choice":"Take Damage","damage_taken":17,"relics_obtained":["Golden Idol"],"max_hp_gain":0,"max_hp_loss":0,"event_name":"Golden Idol","floor":3,"gold_loss":0},{"damage_healed":0,"gold_gain":0,"player_choice":"Grow","damage_taken":0,"max_hp_gain":0,"max_hp_loss":0,"event_name":"Living Wall","floor":4,"gold_loss":0,"cards_upgraded":["Footwork"]},{"damage_healed":0,"gold_gain":0,"player_choice":"Searched \u00271\u0027 times","damage_taken":0,"max_hp_gain":0,"max_hp_loss":0,"event_name":"Dead Adventurer","floor":10,"gold_loss":0}],"is_beta":false,"boss_relics":[],"items_purged_floors":[],"is_endless":false,"potions_floor_spawned":[2,5,8],"killed_by":"Lagavulin Event","ascension_level":0}