{"gold_per_floor":[212,212,227,283,303,330,39,57,83,83,15,15,62,79,79,155,155,174,22,22,22,41,41,41,51,51,65,111,122,122],"floor_reached":30,"playtime":1355,"items_purged":[],"score":403,"play_id":"285cbad2-55df-4f68-bb3c-b7d13dde90f4","local_time":"20190204110836","is_ascension_mode":true,"campfire_choices":[{"floor":10.0,"key":"REST"},{"floor":12.0,"key":"REST"},{"data":"Blade Dance","floor":15.0,"key":"SMITH"},{"data":"Envenom","floor":23.0,"key":"SMITH"}],"neow_cost":"NONE","seed_source_timestamp":74421387705018,"circlet_count":0,"master_deck":["AscendersBane","Defend_G","Defend_G","Defend_G","Defend_G","Defend_G","Strike_G","Strike_G","Strike_G","Survivor","Neutralize","Blade Dance+1","Dash","Flying Knee","Finisher","Footwork","Leap","Caltrops","Shrug It Off","Envenom+1","Sword Boomerang+1","Dagger Spray","Malaise","Expertise","Footwork","Twin Strike","Decay","Prepared"],"special_seed":0,"relics":["Ring of the Snake","Omamori","PrismaticShard","Blood Vial","Ancient Tea Set","Cursed Key","Juzu Bracelet","Strawberry","Letter Opener","Bag of Marbles"],"potions_floor_usage":[30,30],"damage_taken":[{"damage":2.0,"enemies":"Small Slimes","floor":1.0,"turns":4.0},{"damage":0.0,"enemies":"2 Louse","floor":3.0,"turns":2.0},{"damage":0.0,"enemies":"Jaw Worm","floor":5.0,"turns":5.0},{"damage":59.0,"enemies":"Gremlin Nob","floor":6.0,"turns":6.0},{"damage":1.0,"enemies":"2 Fungi Beasts","floor":8.0,"turns":3.0},{"damage":0.0,"enemies":"3 Louse","floor":14.0,"turns":5.0},{"damage":23.0,"enemies":"The Guardian","floor":16.0,"turns":12.0},{"damage":9.0,"enemies":"Shell Parasite","floor":18.0,"turns":5.0},{"damage":6.0,"enemies":"3 Byrds","floor":22.0,"turns":4.0},{"damage":3.0,"enemies":"Snake Plant","floor":25.0,"turns":6.0},{"damage":34.0,"enemies":"Shelled Parasite and Fungi","floor":27.0,"turns":5.0},{"damage":23,"enemies":"Snecko","floor":29,"turns":6},{"damage":4,"enemies":"Snake Plant","floor":30,"turns":2}],"seed_played":"920730090670205775","potions_obtained":[{"floor":3.0,"key":"Dexterity Potion"},{"floor":5.0,"key":"PowerPotion"},{"floor":14.0,"key":"PowerPotion"},{"floor":16.0,"key":"EssenceOfSteel"},{"floor":27.0,"key":"Dexterity Potion"},{"floor":29,"key":"GamblersBrew"}],"is_trial":false,"path_per_floor":["M","?","M","?","M","E","$","M","T","R","$","R","T","M","R","B",null,"M","$","?","?","M","R","?","M","T","M","T","M","M"],"character_chosen":"THE_SILENT","items_purchased":["PrismaticShard","Footwork","Caltrops","Juzu Bracelet"],"campfire_rested":2,"item_purchase_floors":[7,7,11,19],"current_hp_per_floor":[57,62,62,62,62,3,3,2,2,23,23,44,44,46,46,25,60,53,53,53,60,56,56,56,55,55,23,23,2,0],"gold":122,"neow_bonus":"HUNDRED_GOLD","is_prod":false,"is_daily":false,"chose_seed":false,"campfire_upgraded":2,"win_rate":0,"timestamp":1549296516,"path_taken":["M","?","M","?","M","E","$","M","T","R","$","R","?","M","R","BOSS","M","$","?","?","M","R","?","M","T","M","?","M","M"],"build_version":"2019-01-23","purchased_purges":0,"victory":false,"max_hp_per_floor":[66,71,71,71,71,71,71,71,71,71,71,71,71,71,71,71,71,71,71,71,78,78,78,78,78,78,78,78,78,78],"card_choices":[{"not_picked":["Slice","Bane"],"picked":"Blade Dance","floor":1.0},{"not_picked":["Bouncing Flask","Deflect"],"picked":"Dash","floor":3.0},{"not_picked":["Acrobatics","Leg Sweep"],"picked":"Flying Knee","floor":5.0},{"not_picked":["PiercingWail","Slice"],"picked":"Finisher","floor":6.0},{"not_picked":["Tools of the Trade","Bane"],"picked":"Leap","floor":8.0},{"not_picked":["Clash","Cleave"],"picked":"Shrug It Off","floor":14.0},{"not_picked":["Core Surge","Seek"],"picked":"Envenom","floor":16.0},{"not_picked":["Uppercut","Hemokinesis"],"picked":"Sword Boomerang+1","floor":18.0},{"not_picked":["Wild Strike","Underhanded Strike"],"picked":"Dagger Spray","floor":22.0},{"not_picked":["Pommel Strike","Feel No Pain"],"picked":"Footwork","floor":25.0},{"not_picked":["Thunder Strike","Deadly Poison"],"picked":"Twin Strike","floor":27.0},{"not_picked":["Darkness","Bane"],"picked":"Prepared","floor":29}],"player_experience":2308619,"relics_obtained":[{"floor":6.0,"key":"Omamori"},{"floor":9.0,"key":"Blood Vial"},{"floor":13.0,"key":"Ancient Tea Set"},{"floor":26.0,"key":"Letter Opener"},{"floor":28.0,"key":"Bag of Marbles"}],"event_choices":[{"damage_healed":0.0,"max_hp_gain":5.0,"max_hp_loss":0.0,"gold_gain":0.0,"event_name":"Big Fish","player_choice":"Donut","floor":2.0,"gold_loss":0.0,"damage_taken":0.0},{"damage_healed":0.0,"max_hp_gain":0.0,"max_hp_loss":0.0,"gold_gain":56.0,"event_name":"Golden Wing","player_choice":"Gained Gold","floor":4.0,"gold_loss":0.0,"damage_taken":0.0},{"damage_healed":0.0,"max_hp_gain":0.0,"max_hp_loss":0.0,"gold_gain":0.0,"event_name":"Cursed Tome","player_choice":"Ignored","floor":20.0,"gold_loss":0.0,"damage_taken":0.0},{"damage_healed":0.0,"max_hp_gain":0.0,"max_hp_loss":0.0,"gold_gain":0.0,"event_name":"Addict","player_choice":"Stole Relic","floor":21.0,"gold_loss":0.0,"damage_taken":0.0,"relics_obtained":["Strawberry"],"cards_obtained":["Shame"]},{"damage_healed":0.0,"max_hp_gain":0.0,"max_hp_loss":0.0,"gold_gain":0.0,"cards_transformed":["Strike_G","Strike_G"],"event_name":"Drug Dealer","player_choice":"Became Test Subject","floor":24.0,"gold_loss":0.0,"damage_taken":0.0,"cards_obtained":["Malaise","Expertise"]}],"is_beta":false,"boss_relics":[{"not_picked":["Runic Pyramid","Lizard Tail"],"picked":"Cursed Key"}],"items_purged_floors":[],"is_endless":false,"potions_floor_spawned":[3,5,14,16,27,29],"killed_by":"Snake Plant","ascension_level":15}