{"gold_per_floor":[113,11,25,37,37,52,52,52,97,116,116,130,130,140,140,140],"floor_reached":16,"playtime":800,"items_purged":["Strike_B"],"score":146,"play_id":"0281326a-e47e-4d76-87b6-cdb7ac81944b","local_time":"20180711170510","is_ascension_mode":true,"campfire_choices":[{"data":"Hologram","floor":7,"key":"SMITH"},{"floor":11,"key":"REST"},{"floor":13,"key":"REST"},{"floor":15,"key":"REST"}],"neow_cost":"NONE","seed_source_timestamp":48728850095013,"circlet_count":0,"master_deck":["Strike_B","Strike_B","Defend_B+1","Defend_B","Defend_B","Defend_B+1","Zap+1","Dualcast","AscendersBane","Cold Snap","Compile Driver","Loop","Hologram+1","White Noise","Coolheaded"],"relics":["Cracked Core","Strawberry"],"potions_floor_usage":[10],"damage_taken":[{"damage":5,"enemies":"Small Slimes","floor":1,"turns":3},{"damage":0,"enemies":"Cultist","floor":3,"turns":3},{"damage":6,"enemies":"2 Louse","floor":4,"turns":2},{"damage":5,"enemies":"2 Fungi Beasts","floor":6,"turns":3},{"damage":29,"enemies":"Gremlin Gang","floor":10,"turns":5},{"damage":14,"enemies":"Exordium Wildlife","floor":12,"turns":6},{"damage":6,"enemies":"Red Slaver","floor":14,"turns":3},{"damage":71,"enemies":"Slime Boss","floor":16,"turns":9}],"seed_played":"-5518583154166511757","potions_obtained":[{"floor":3,"key":"Block Potion"},{"floor":6,"key":"SpeedPotion"},{"floor":10,"key":"GamblersBrew"}],"is_trial":false,"path_per_floor":["M","$","M","M","?","M","R","?","T","M","R","M","R","M","R"],"character_chosen":"DEFECT","items_purchased":["Compile Driver"],"campfire_rested":3,"item_purchase_floors":[2],"current_hp_per_floor":[63,63,63,57,57,52,52,37,44,15,39,25,49,43,67,0],"gold":140,"neow_bonus":"UPGRADE_CARD","is_prod":false,"is_daily":false,"chose_seed":false,"campfire_upgraded":1,"win_rate":0,"timestamp":1531343110,"path_taken":["M","$","M","M","?","M","R","?","T","M","R","M","R","M","R","BOSS"],"build_version":"2018-07-05","purchased_purges":1,"victory":false,"max_hp_per_floor":[75,75,75,75,75,75,75,75,82,82,82,82,82,82,82,82],"card_choices":[{"not_picked":["Beam Cell","Hologram"],"picked":"Cold Snap","floor":1},{"not_picked":["Steam","Sunder","Barrage"],"picked":"SKIP","floor":3},{"not_picked":["Streamline","Beam Cell"],"picked":"Loop","floor":4},{"not_picked":["Chaos","Meteor Strike"],"picked":"Hologram","floor":6},{"not_picked":["Gash","Double Energy","Rebound"],"picked":"SKIP","floor":10},{"not_picked":["Steam","Gash"],"picked":"White Noise","floor":12},{"not_picked":["Streamline","Steam Power"],"picked":"Coolheaded","floor":14}],"player_experience":1039497,"relics_obtained":[{"floor":9,"key":"Strawberry"}],"event_choices":[{"event_name":"Bonfire Elementals","player_choice":"BASIC","floor":5,"damage_taken":0},{"event_name":"Shining Light","player_choice":"Entered Light","floor":8,"damage_taken":0}],"boss_relics":[],"items_purged_floors":[2],"is_endless":false,"potions_floor_spawned":[3,6,10],"killed_by":"Slime Boss","ascension_level":11}