{"gold_per_floor":[114,125,125,144,19,45,45,61,61,61,61,74,74,74,74,74],"floor_reached":16,"playtime":1493,"items_purged":[],"score":160,"play_id":"0152781b-5a8e-49cd-829d-b6ad1e554d84","local_time":"20181025153646","is_ascension_mode":true,"campfire_choices":[{"data":"Neutralize","floor":7,"key":"SMITH"},{"data":"Dash","floor":10,"key":"SMITH"},{"data":"Footwork","floor":13,"key":"SMITH"},{"data":"Deadly Poison","floor":15,"key":"SMITH"}],"neow_cost":"NONE","seed_source_timestamp":1338656606274468,"circlet_count":0,"master_deck":["Defend_G","Defend_G","Defend_G","Defend_G","Defend_G","Strike_G","Strike_G","Strike_G","Strike_G","Strike_G","Survivor","Neutralize+1","AscendersBane","Dash+1","Deadly Poison+1","Burst","Crippling Poison","Crippling Poison","Cloak And Dagger","Footwork+1","Dodge and Roll","Backflip","Poisoned Stab","PiercingWail"],"relics":["Orrery","Anchor","Paper Crane","Bottled Flame"],"potions_floor_usage":[12,16],"damage_taken":[{"damage":2,"enemies":"Cultist","floor":1,"turns":5},{"damage":8,"enemies":"Small Slimes","floor":2,"turns":4},{"damage":0,"enemies":"2 Louse","floor":4,"turns":2},{"damage":13,"enemies":"Lagavulin","floor":6,"turns":8},{"damage":2,"enemies":"Gremlin Gang","floor":8,"turns":5},{"damage":2,"enemies":"Exordium Thugs","floor":12,"turns":6},{"damage":52,"enemies":"Hexaghost","floor":16,"turns":16}],"seed_played":"-8424386113568094536","potions_obtained":[{"floor":2,"key":"FearPotion"},{"floor":8,"key":"Regen Potion"}],"is_trial":false,"path_per_floor":["M","M","T","M","$","E","R","M","T","R","?","M","R","$","R"],"character_chosen":"THE_SILENT","items_purchased":["Footwork","Dodge and Roll"],"campfire_rested":0,"item_purchase_floors":[5,5],"current_hp_per_floor":[61,53,53,53,53,40,40,38,38,38,38,51,51,51,51,0],"gold":74,"neow_bonus":"BOSS_RELIC","is_prod":false,"is_daily":false,"chose_seed":false,"campfire_upgraded":4,"win_rate":0,"timestamp":1540496206,"path_taken":["M","M","?","M","$","E","R","M","T","R","?","M","R","$","R","BOSS"],"build_version":"2018-10-18","purchased_purges":0,"victory":false,"max_hp_per_floor":[70,70,70,70,70,70,70,70,70,70,70,70,70,70,70,70],"card_choices":[{"not_picked":["Setup","Predator"],"picked":"Dash","floor":0},{"not_picked":["Acrobatics","Accuracy"],"picked":"Deadly Poison","floor":0},{"not_picked":["Slice","Acrobatics"],"picked":"Burst","floor":0},{"not_picked":["Bane","Slice"],"picked":"Crippling Poison","floor":0},{"not_picked":["Dagger Throw","Masterful Stab"],"picked":"Crippling Poison","floor":1},{"not_picked":["Distraction","Underhanded Strike","Deflect"],"picked":"SKIP","floor":2},{"not_picked":["Storm of Steel","Skewer"],"picked":"Cloak And Dagger","floor":4},{"not_picked":["Crippling Poison","PiercingWail"],"picked":"Backflip","floor":6},{"not_picked":["Flying Knee","Predator"],"picked":"Poisoned Stab","floor":8},{"not_picked":["Well Laid Plans","Bane"],"picked":"PiercingWail","floor":12}],"player_experience":1592806,"relics_obtained":[{"floor":3,"key":"Anchor"},{"floor":6,"key":"Paper Crane"},{"floor":9,"key":"Bottled Flame"}],"event_choices":[{"damage_healed":0,"gold_gain":0,"player_choice":"Ignored","damage_taken":0,"max_hp_gain":0,"max_hp_loss":0,"event_name":"Liars Game","floor":11,"gold_loss":0}],"is_beta":false,"boss_relics":[],"items_purged_floors":[],"is_endless":false,"potions_floor_spawned":[2,8],"killed_by":"Hexaghost","ascension_level":12}