{"gold_per_floor":[111,129,129,140,154,183,198,198,198,198,210,237,237],"floor_reached":13,"playtime":482,"items_purged":[],"score":184,"play_id":"cbd66e15-e1f7-4f93-b0a7-a492c22e2a97","local_time":"20190129164525","is_ascension_mode":true,"campfire_choices":[{"floor":8,"key":"REST"}],"neow_cost":"NONE","seed_source_timestamp":447729350314156,"circlet_count":0,"master_deck":["AscendersBane","Strike_B","Strike_B","Strike_B","Strike_B","Defend_B","Defend_B","Defend_B","Defend_B","Zap","Dualcast","Storm","Cold Snap","Sunder","Creative AI","Heatsinks","Capacitor","Amplify","White Noise","Conserve Battery"],"relics":["Cracked Core","NeowsBlessing","Art of War","Oddly Smooth Stone","Nunchaku","Bottled Tornado"],"potions_floor_usage":[5,7],"damage_taken":[{"damage":0,"enemies":"Cultist","floor":1,"turns":1},{"damage":0,"enemies":"Jaw Worm","floor":2,"turns":1},{"damage":0,"enemies":"2 Louse","floor":4,"turns":1},{"damage":0,"enemies":"Looter","floor":5,"turns":2},{"damage":34,"enemies":"3 Sentries","floor":6,"turns":5},{"damage":5,"enemies":"3 Louse","floor":7,"turns":4},{"damage":14,"enemies":"Lots of Slimes","floor":11,"turns":4},{"damage":24,"enemies":"Lagavulin","floor":12,"turns":5},{"damage":14,"enemies":"2 Fungi Beasts","floor":13,"turns":4}],"seed_played":"5014765745941420464","potions_obtained":[{"floor":1,"key":"Poison Potion"},{"floor":2,"key":"Block Potion"},{"floor":6,"key":"Swift Potion"}],"is_trial":false,"path_per_floor":["M","M","T","M","M","E","M","R","T","?","M","E","M"],"character_chosen":"DEFECT","items_purchased":[],"campfire_rested":1,"item_purchase_floors":[],"current_hp_per_floor":[64,64,64,64,64,30,25,46,46,46,32,8,0],"gold":237,"neow_bonus":"THREE_ENEMY_KILL","is_prod":false,"is_daily":false,"chose_seed":false,"campfire_upgraded":0,"win_rate":0,"timestamp":1548798325,"path_taken":["M","M","?","M","M","E","M","R","T","?","?","E","M"],"build_version":"2019-01-23","purchased_purges":0,"victory":false,"max_hp_per_floor":[71,71,71,71,71,71,71,71,71,71,71,71,71],"card_choices":[{"not_picked":["Aggregate","Genetic Algorithm"],"picked":"Storm","floor":1},{"not_picked":["Beam Cell","Stack"],"picked":"Cold Snap","floor":2},{"not_picked":["Turbo","Coolheaded"],"picked":"Sunder","floor":4},{"not_picked":["Hello World","Go for the Eyes"],"picked":"Creative AI","floor":5},{"not_picked":["Steam","BootSequence"],"picked":"Heatsinks","floor":6},{"not_picked":["Chill","Doom and Gloom"],"picked":"Capacitor","floor":7},{"not_picked":["Hologram","Rebound"],"picked":"White Noise","floor":11},{"not_picked":["Fission","Hello World"],"picked":"Conserve Battery","floor":12}],"player_experience":2205408,"relics_obtained":[{"floor":3,"key":"Art of War"},{"floor":6,"key":"Oddly Smooth Stone"},{"floor":9,"key":"Nunchaku"},{"floor":12,"key":"Bottled Tornado"}],"event_choices":[{"damage_healed":0,"gold_gain":0,"player_choice":"1 cards matched","damage_taken":0,"max_hp_gain":0,"max_hp_loss":0,"event_name":"Match and Keep!","floor":10,"gold_loss":0,"cards_obtained":["Amplify"]}],"is_beta":false,"boss_relics":[],"items_purged_floors":[],"is_endless":false,"potions_floor_spawned":[1,2,4,6],"killed_by":"2 Fungi Beasts","ascension_level":18}