{"gold_per_floor":[112,62,77,77,94,94,94,169,196,52,52],"floor_reached":11,"playtime":283,"items_purged":[],"score":61,"play_id":"348d1529-eee2-42e3-a879-e3fd17fd3fa5","local_time":"20190123004110","is_ascension_mode":false,"campfire_choices":[{"data":"Chaos","floor":6,"key":"SMITH"}],"neow_cost":"PERCENT_DAMAGE","seed_source_timestamp":268448427625534,"circlet_count":0,"master_deck":["Strike_B","Strike_B+1","Strike_B","Defend_B","Defend_B","Defend_B","Defend_B","Zap","Dualcast","Echo Form","Chaos+1","Conserve Battery","Genetic Algorithm+1","Buffer","Thunder Strike","Storm"],"relics":["Cracked Core"],"potions_floor_usage":[11],"damage_taken":[{"damage":1,"enemies":"2 Louse","floor":1,"turns":3},{"damage":0,"enemies":"Small Slimes","floor":3,"turns":3},{"damage":15,"enemies":"Jaw Worm","floor":5,"turns":4},{"damage":10,"enemies":"Gremlin Nob","floor":11,"turns":2}],"seed_played":"4637934484092896776","potions_obtained":[{"floor":1,"key":"Weak Potion"}],"is_trial":false,"path_per_floor":["M","$","M","?","M","R","?","?","T","$","E"],"character_chosen":"DEFECT","items_purchased":["Conserve Battery","Thunder Strike","Storm"],"campfire_rested":0,"item_purchase_floors":[2,10,10],"current_hp_per_floor":[53,53,53,38,23,23,16,5,5,5,0],"gold":52,"neow_bonus":"THREE_RARE_CARDS","is_prod":false,"is_daily":false,"chose_seed":false,"campfire_upgraded":1,"win_rate":0,"timestamp":1548166270,"path_taken":["M","$","M","?","M","R","?","?","T","$","E"],"build_version":"2019-01-17v2","purchased_purges":0,"victory":false,"max_hp_per_floor":[75,75,75,75,75,75,75,75,75,75,75],"card_choices":[{"not_picked":["Buffer","Core Surge"],"picked":"Echo Form","floor":0},{"not_picked":["Melter","Doom and Gloom"],"picked":"Chaos","floor":1},{"not_picked":["Melter","Rebound"],"picked":"Genetic Algorithm","floor":3},{"not_picked":["Compile Driver","Coolheaded"],"picked":"Buffer","floor":5}],"player_experience":496079,"relics_obtained":[],"event_choices":[{"damage_healed":0,"gold_gain":0,"player_choice":"Entered Light","damage_taken":15,"max_hp_gain":0,"max_hp_loss":0,"event_name":"Shining Light","floor":4,"gold_loss":0,"cards_upgraded":["Genetic Algorithm","Strike_B"]},{"cards_removed":["Strike_B"],"damage_healed":0,"gold_gain":0,"player_choice":"Card Removal","damage_taken":7,"max_hp_gain":0,"max_hp_loss":0,"event_name":"Golden Wing","floor":7,"gold_loss":0},{"damage_healed":0,"gold_gain":75,"player_choice":"Gather Gold","damage_taken":11,"max_hp_gain":0,"max_hp_loss":0,"event_name":"World of Goop","floor":8,"gold_loss":0}],"is_beta":false,"boss_relics":[],"items_purged_floors":[],"is_endless":false,"potions_floor_spawned":[1],"killed_by":"Gremlin Nob","ascension_level":0}