{"gold_per_floor":[114,114,129,144,2,2,32,32,57,57,72,102,117,132,132,232,232,247,207,222,237,252,252,52,82,82,97,97,97,127,142,142,242,242,257,272,272,287,287,287,317,332,407,55,55,70,100,115,115,115],"floor_reached":51,"playtime":2067,"items_purged":[],"score":861,"play_id":"fc8dbaee-0dc2-4ca7-ba18-ed278326ba03","local_time":"20181201144508","daily_mods":["Allstar","ControlledChaos","Night Terrors"],"is_ascension_mode":false,"campfire_choices":[{"data":"Chill","floor":6,"key":"SMITH"},{"data":"Zap","floor":8,"key":"SMITH"},{"data":"Hologram","floor":10,"key":"SMITH"},{"data":"Ball Lightning","floor":15,"key":"SMITH"},{"data":"Go for the Eyes","floor":23,"key":"SMITH"},{"data":"Go for the Eyes","floor":28,"key":"SMITH"},{"data":"White Noise","floor":32,"key":"SMITH"},{"data":"Madness","floor":40,"key":"SMITH"},{"data":"Madness","floor":49,"key":"SMITH"}],"neow_cost":"","seed_source_timestamp":0,"circlet_count":0,"master_deck":["Strike_B+1","Strike_B","Strike_B","Strike_B","Defend_B","Defend_B","Defend_B","Defend_B","Zap+1","Dualcast+1","Panacea+1","Chrysalis","Sadistic Nature","Thinking Ahead","Mind Blast+1","Chill+1","Hologram+1","Conserve Battery","Cold Snap","Skim","Sweeping Beam+1","White Noise+1","Chaos","Rainbow","Go for the Eyes+1","BootSequence+1","Skim+1","Go for the Eyes+1","Conserve Battery","Beam Cell+1","Self Repair","Redo+1","FTL+1","Echo Form","Compile Driver","Melter+1","Madness+1","Madness+1","Sweeping Beam+1","White Noise+1","Redo+1","Ball Lightning","Go for the Eyes","Stack","Genetic Algorithm","Compile Driver+1","Hologram+1","Defragment+1"],"special_seed":17866,"relics":["Cracked Core","Frozen Eye","Dream Catcher","Whetstone","Bottled Lightning","Inserter","DataDisk","Peace Pipe","Matryoshka","Dead Branch","Philosopher\u0027s Stone","Calipers","Centennial Puzzle","Ornamental Fan","Lantern","Pear"],"potions_floor_usage":[16,33,33,33,50,50,50,50,50,50,50],"damage_taken":[{"damage":5,"enemies":"Small Slimes","floor":1,"turns":3},{"damage":0,"enemies":"Cultist","floor":3,"turns":2},{"damage":0,"enemies":"Jaw Worm","floor":4,"turns":1},{"damage":10,"enemies":"Gremlin Nob","floor":7,"turns":3},{"damage":3,"enemies":"Exordium Thugs","floor":11,"turns":3},{"damage":11,"enemies":"Lagavulin","floor":12,"turns":4},{"damage":0,"enemies":"2 Fungi Beasts","floor":13,"turns":1},{"damage":0,"enemies":"Exordium Wildlife","floor":14,"turns":1},{"damage":15,"enemies":"Slime Boss","floor":16,"turns":6},{"damage":1,"enemies":"2 Thieves","floor":18,"turns":3},{"damage":0,"enemies":"Spheric Guardian","floor":20,"turns":1},{"damage":2,"enemies":"3 Cultists","floor":21,"turns":4},{"damage":0,"enemies":"Shelled Parasite and Fungi","floor":22,"turns":4},{"damage":15,"enemies":"Book of Stabbing","floor":25,"turns":5},{"damage":0,"enemies":"Chosen and Byrds","floor":27,"turns":3},{"damage":2,"enemies":"Gremlin Leader","floor":30,"turns":6},{"damage":0,"enemies":"Snake Plant","floor":31,"turns":2},{"damage":27,"enemies":"Collector","floor":33,"turns":9},{"damage":0,"enemies":"3 Shapes","floor":35,"turns":3},{"damage":0,"enemies":"3 Darklings","floor":36,"turns":6},{"damage":0,"enemies":"Spire Growth","floor":38,"turns":2},{"damage":6,"enemies":"Reptomancer","floor":41,"turns":6},{"damage":0,"enemies":"4 Shapes","floor":42,"turns":8},{"damage":0,"enemies":"Jaw Worm Horde","floor":46,"turns":2},{"damage":0,"enemies":"Giant Head","floor":47,"turns":7},{"damage":0,"enemies":"3 Darklings","floor":48,"turns":2},{"damage":0,"enemies":"Donu and Deca","floor":50,"turns":6}],"seed_played":"-48262847405377226","potions_obtained":[{"floor":3,"key":"Swift Potion"},{"floor":7,"key":"Dexterity Potion"},{"floor":16,"key":"SpeedPotion"},{"floor":25,"key":"Ancient Potion"},{"floor":33,"key":"EntropicBrew"},{"floor":35,"key":"Block Potion"},{"floor":38,"key":"SpeedPotion"},{"floor":47,"key":"FocusPotion"}],"is_trial":false,"path_per_floor":["M","?","M","M","$","R","E","R","T","R","M","E","M","M","R","B",null,"M","?","M","M","M","R","$","E","T","M","R","?","E","M","R","B",null,"M","M","?","M","?","R","E","M","T","$","?","M","E","M","R","B",null],"character_chosen":"DEFECT","items_purchased":["Cold Snap","Skim","Poison Potion","DataDisk","Conserve Battery","Lantern","Ball Lightning","Go for the Eyes","Stack","Genetic Algorithm"],"campfire_rested":0,"item_purchase_floors":[5,5,5,24,24,44,44,44,44,44],"current_hp_per_floor":[70,70,70,70,70,70,60,60,60,60,57,46,46,46,46,31,75,74,74,74,72,72,72,72,57,57,57,57,57,55,55,55,28,75,75,75,66,66,66,66,67,74,74,74,74,75,85,85,85,85],"gold":115,"neow_bonus":"","is_prod":false,"is_daily":true,"chose_seed":false,"campfire_upgraded":9,"win_rate":0,"timestamp":1543671908,"path_taken":["M","?","M","?","$","R","E","R","T","R","M","E","M","M","R","BOSS","M","?","M","?","M","R","?","E","T","M","R","?","E","M","R","BOSS","M","M","?","M","?","R","E","M","T","$","?","M","E","M","R","BOSS"],"build_version":"2018-11-15","purchased_purges":0,"victory":true,"max_hp_per_floor":[75,75,75,75,75,75,75,75,75,75,75,75,75,75,75,75,75,75,75,75,75,75,75,75,75,75,75,75,75,75,75,75,75,75,75,75,75,75,75,75,75,75,75,75,75,75,85,85,85,85],"card_choices":[{"not_picked":["Cold Snap","Stack"],"picked":"Chill","floor":1},{"not_picked":["Aggregate","Redo"],"picked":"Hologram","floor":3},{"not_picked":["Capacitor","Stack"],"picked":"Conserve Battery","floor":4},{"not_picked":["Turbo","Rainbow"],"picked":"Sweeping Beam","floor":7},{"not_picked":["Steam","Leap","Conserve Battery"],"picked":"SKIP","floor":11},{"not_picked":["Steam","Darkness"],"picked":"Ball Lightning","floor":12},{"not_picked":["Fusion","Redo"],"picked":"White Noise","floor":13},{"not_picked":["Genetic Algorithm","Rip and Tear"],"picked":"Chaos","floor":14},{"not_picked":["Meteor Strike","Reboot"],"picked":"Rainbow","floor":16},{"not_picked":["Recycle","Rebound"],"picked":"Go for the Eyes","floor":18},{"not_picked":["Darkness+1","Capacitor"],"picked":"BootSequence+1","floor":20},{"not_picked":["Steam","Leap"],"picked":"Skim+1","floor":21},{"not_picked":["Reprogram","Leap"],"picked":"Go for the Eyes","floor":22},{"not_picked":["Reprogram","Barrage"],"picked":"Beam Cell+1","floor":25},{"not_picked":["Static Discharge","Chill"],"picked":"Self Repair","floor":27},{"not_picked":["Turbo","Sweeping Beam"],"picked":"Redo+1","floor":30},{"not_picked":["Aggregate","Barrage"],"picked":"FTL+1","floor":31},{"not_picked":["Reboot","Buffer"],"picked":"Echo Form","floor":33},{"not_picked":["Redo+1","Coolheaded"],"picked":"Compile Driver","floor":35},{"not_picked":["Leap+1","Beam Cell"],"picked":"Melter+1","floor":36},{"not_picked":["Beam Cell+1","Thunder Strike"],"picked":"Sweeping Beam+1","floor":38},{"not_picked":["Rip and Tear","Beam Cell"],"picked":"White Noise+1","floor":41},{"not_picked":["Rebound","Turbo+1"],"picked":"Redo+1","floor":42},{"not_picked":["Gash+1","Stack"],"picked":"Compile Driver+1","floor":46},{"not_picked":["Coolheaded+1","Conserve Battery+1"],"picked":"Hologram+1","floor":47},{"not_picked":["Undo+1","Lockon+1"],"picked":"Defragment+1","floor":48}],"player_experience":1756672,"relics_obtained":[{"floor":7,"key":"Dream Catcher"},{"floor":9,"key":"Whetstone"},{"floor":12,"key":"Bottled Lightning"},{"floor":25,"key":"Peace Pipe"},{"floor":26,"key":"Matryoshka"},{"floor":30,"key":"Dead Branch"},{"floor":41,"key":"Calipers"},{"floor":43,"key":"Centennial Puzzle"},{"floor":43,"key":"Ornamental Fan"},{"floor":47,"key":"Pear"}],"event_choices":[{"damage_healed":0,"gold_gain":0,"player_choice":"Forge","damage_taken":0,"max_hp_gain":0,"max_hp_loss":0,"event_name":"Accursed Blacksmith","floor":2,"gold_loss":0,"cards_upgraded":["Mind Blast"]},{"damage_healed":0,"gold_gain":0,"player_choice":"Upgraded Two","damage_taken":0,"max_hp_gain":0,"max_hp_loss":0,"event_name":"Designer","floor":19,"gold_loss":40,"cards_upgraded":["Panacea","Dualcast"]},{"damage_healed":0,"gold_gain":0,"player_choice":"Ignored","damage_taken":0,"max_hp_gain":0,"max_hp_loss":0,"event_name":"Beggar","floor":29,"gold_loss":0},{"damage_healed":0,"gold_gain":0,"player_choice":"Embrace Madness","damage_taken":9,"max_hp_gain":0,"max_hp_loss":0,"event_name":"Winding Halls","floor":37,"gold_loss":0,"cards_obtained":["Madness","Madness"]},{"cards_removed":["Ball Lightning"],"damage_healed":0,"gold_gain":0,"player_choice":"Removed Attack","damage_taken":0,"max_hp_gain":0,"max_hp_loss":0,"event_name":"Falling","floor":39,"gold_loss":0},{"damage_healed":0,"gold_gain":0,"player_choice":"Ignored","damage_taken":0,"max_hp_gain":0,"max_hp_loss":0,"event_name":"Purifier","floor":45,"gold_loss":0}],"is_beta":false,"boss_relics":[{"not_picked":["Calling Bell","Velvet Choker"],"picked":"Inserter"},{"not_picked":["Pandora\u0027s Box","Snecko Eye"],"picked":"Philosopher\u0027s Stone"}],"items_purged_floors":[],"is_endless":false,"potions_floor_spawned":[3,7,11,12,13,16,20,25,33,35,38,42,47],"ascension_level":0}