{"path_per_floor":["M","?","?","?","T","R","$","?","T","$","M","M","E","M","R","B",null,"M","?","?","M","?","E","R","M","T","$"],"character_chosen":"DEFECT","items_purchased":["Pantograph","Redo+1","Hello World","Finesse+1","Darkness+1","Static Discharge","Core Surge"],"gold_per_floor":[116,291,291,291,373,373,12,12,12,12,30,49,81,101,101,198,198,212,212,412,432,432,465,465,475,475,34,34],"floor_reached":28,"campfire_rested":3,"playtime":1329,"item_purchase_floors":[7,7,7,27,27,27,27],"current_hp_per_floor":[73,73,73,58,58,75,75,80,80,80,78,66,41,40,64,18,80,65,65,65,38,38,19,43,20,20,20,0],"items_purged":["Strike_B"],"gold":34,"score":269,"play_id":"45208309-1d06-4a7c-a40c-327582bc24a0","local_time":"20180608103655","is_prod":false,"is_daily":false,"chose_seed":false,"is_ascension_mode":true,"campfire_upgraded":0,"win_rate":0,"timestamp":1528468615,"campfire_choices":[{"floor":6,"key":"REST"},{"floor":15,"key":"REST"},{"floor":24,"key":"REST"}],"path_taken":["M","?","?","?","?","R","$","?","T","$","M","M","E","M","R","BOSS","M","?","?","?","?","E","R","M","T","$","M"],"build_version":"2018-06-07","seed_source_timestamp":141665566001551,"purchased_purges":1,"victory":false,"master_deck":["Strike_B","Strike_B","Defend_B","Defend_B","Defend_B","Defend_B","Zap","Dualcast+1","Leap+1","Doubt","Redo+1","Hello World","Lockon+1","Go for the Eyes","Ball Lightning+1","Streamline","Electrodynamics","Static Discharge","Defragment","Glacier+1","Double Energy+1","Steam+1","Finesse+1","Darkness+1","Static Discharge","Core Surge"],"max_hp_per_floor":[75,75,75,75,75,75,75,80,80,80,80,80,80,80,80,80,80,80,80,80,80,80,80,80,80,80,80,80],"relics":["Cracked Core","Toxic Egg 2","Pantograph","Toolbox","Anchor","Velvet Choker","Whetstone","Centennial Puzzle"],"card_choices":[{"not_picked":["Scrape","Sweeping Beam"],"picked":"Leap","floor":1},{"not_picked":["Leap+1","Storm"],"picked":"Lockon","floor":11},{"not_picked":["Sweeping Beam","Streamline"],"picked":"Go for the Eyes","floor":12},{"not_picked":["Sweeping Beam","Barrage"],"picked":"Ball Lightning","floor":13},{"not_picked":["Hologram+1","Rebound"],"picked":"Streamline","floor":14},{"not_picked":["Meteor Strike","Rainbow+1"],"picked":"Electrodynamics","floor":16},{"not_picked":["Hologram+1","Turbo+1"],"picked":"Static Discharge","floor":18},{"not_picked":["Hologram+1","Beam Cell+1"],"picked":"Glacier+1","floor":21},{"not_picked":["Blizzard","Beam Cell"],"picked":"Double Energy+1","floor":23},{"not_picked":["Beam Cell","Ball Lightning"],"picked":"Steam+1","floor":25}],"player_experience":411600,"potions_floor_usage":[18,21,23,23],"damage_taken":[{"damage":2,"enemies":"2 Louse","floor":1,"turns":3},{"damage":2,"enemies":"Jaw Worm","floor":11,"turns":3},{"damage":12,"enemies":"Small Slimes","floor":12,"turns":3},{"damage":25,"enemies":"Gremlin Nob","floor":13,"turns":4},{"damage":1,"enemies":"Exordium Thugs","floor":14,"turns":3},{"damage":62,"enemies":"Slime Boss","floor":16,"turns":11},{"damage":15,"enemies":"Shell Parasite","floor":18,"turns":5},{"damage":27,"enemies":"2 Thieves","floor":21,"turns":3},{"damage":24,"enemies":"Slavers","floor":23,"turns":2},{"damage":23,"enemies":"Snake Plant","floor":25,"turns":3},{"damage":24,"enemies":"Cultist and Chosen","floor":28,"turns":4}],"relics_obtained":[{"floor":5,"key":"Toxic Egg 2"},{"floor":9,"key":"Toolbox"},{"floor":13,"key":"Anchor"},{"floor":23,"key":"Whetstone"},{"floor":26,"key":"Centennial Puzzle"}],"event_choices":[{"event_name":"Liars Game","player_choice":"agreed","floor":2,"damage_taken":0},{"event_name":"Match and Keep!","player_choice":"0 cards matched","floor":3,"damage_taken":0},{"event_name":"Shining Light","player_choice":"Entered Light","floor":4,"damage_taken":0},{"event_name":"Big Fish","player_choice":"Donut","floor":8,"damage_taken":0},{"event_name":"The Library","player_choice":"Read","floor":19,"damage_taken":0},{"event_name":"Wheel of Change","player_choice":"Gold","floor":20,"damage_taken":0},{"event_name":"The Lab","player_choice":"Got Potions","floor":22,"damage_taken":0}],"boss_relics":[{"not_picked":["Calling Bell","Ectoplasm"],"picked":"Velvet Choker"}],"items_purged_floors":[27],"potions_floor_spawned":[12,13,14,18,21],"seed_played":"5770324710546933992","killed_by":"Cultist and Chosen","ascension_level":3,"potions_obtained":[{"floor":12,"key":"Energy Potion"},{"floor":13,"key":"SteroidPotion"},{"floor":14,"key":"Weak Potion"},{"floor":18,"key":"SkillPotion"},{"floor":21,"key":"Swift Potion"},{"floor":22,"key":"FocusPotion"},{"floor":22,"key":"Regen Potion"}],"is_trial":false}