{"gold_per_floor":[119,136,136,150,150,150,176,193,193,193,204,220,220,261,261,261],"floor_reached":16,"playtime":631,"items_purged":[],"score":185,"play_id":"85a5e600-ba23-46c1-8b07-c82e57da7ddb","local_time":"20181115202745","is_ascension_mode":true,"campfire_choices":[{"data":"Blade Dance","floor":6,"key":"SMITH"},{"floor":10,"key":"REST"},{"floor":15,"key":"REST"}],"neow_cost":"NONE","seed_source_timestamp":861152253554861,"circlet_count":0,"master_deck":["AscendersBane","Defend_G","Defend_G","Defend_G","Defend_G","Defend_G","Strike_G","Strike_G","Strike_G","Strike_G","Strike_G","Survivor","Neutralize+1","Footwork","Blade Dance+1","Backstab","Backflip","Choke","Noxious Fumes","Escape Plan","Escape Plan"],"relics":["Ring of the Snake","NeowsBlessing","NlothsMask","Omamori","Golden Idol","Gremlin Horn"],"potions_floor_usage":[7,7,11,14,16],"damage_taken":[{"damage":0,"enemies":"Jaw Worm","floor":1,"turns":1},{"damage":0,"enemies":"Cultist","floor":2,"turns":1},{"damage":0,"enemies":"2 Louse","floor":4,"turns":1},{"damage":20,"enemies":"Gremlin Nob","floor":7,"turns":5},{"damage":17,"enemies":"Lots of Slimes","floor":8,"turns":7},{"damage":2,"enemies":"Blue Slaver","floor":11,"turns":3},{"damage":6,"enemies":"Exordium Wildlife","floor":12,"turns":5},{"damage":21,"enemies":"Lagavulin","floor":14,"turns":6},{"damage":45,"enemies":"Slime Boss","floor":16,"turns":8}],"seed_played":"-7155466478176110837","potions_obtained":[{"floor":1,"key":"EssenceOfSteel"},{"floor":4,"key":"Weak Potion"},{"floor":8,"key":"SkillPotion"},{"floor":11,"key":"Block Potion"},{"floor":14,"key":"Block Potion"}],"is_trial":false,"path_per_floor":["M","M","?","M","?","R","E","M","T","R","M","M","?","E","R","B"],"character_chosen":"THE_SILENT","items_purchased":[],"campfire_rested":2,"item_purchase_floors":[],"current_hp_per_floor":[63,63,63,63,63,63,43,26,26,47,45,39,39,18,39,0],"gold":261,"neow_bonus":"THREE_ENEMY_KILL","is_prod":false,"is_daily":false,"chose_seed":false,"campfire_upgraded":1,"win_rate":0,"timestamp":1542331665,"path_taken":["M","M","?","?","?","R","E","M","T","R","M","?","?","E","R","BOSS"],"build_version":"2018-11-15","purchased_purges":0,"victory":false,"max_hp_per_floor":[70,70,70,70,70,70,70,70,70,70,70,70,70,70,70,70],"card_choices":[{"not_picked":["Flying Knee","Acrobatics"],"picked":"Footwork","floor":1},{"not_picked":["Dodge and Roll","Crippling Poison"],"picked":"Blade Dance","floor":2},{"not_picked":["Well Laid Plans","All Out Attack"],"picked":"Backstab","floor":4},{"not_picked":["Blade Dance","Slice"],"picked":"Backflip","floor":7},{"not_picked":["Masterful Stab","Outmaneuver"],"picked":"Choke","floor":8},{"not_picked":["Expertise","Bane"],"picked":"Noxious Fumes","floor":11},{"not_picked":["Terror","Sucker Punch"],"picked":"Escape Plan","floor":12},{"not_picked":["Deadly Poison","Quick Slash"],"picked":"Escape Plan","floor":14}],"player_experience":1692170,"relics_obtained":[{"floor":7,"key":"Omamori"},{"floor":14,"key":"Gremlin Horn"}],"event_choices":[{"damage_healed":0,"gold_gain":0,"player_choice":"Upgraded","damage_taken":0,"max_hp_gain":0,"max_hp_loss":0,"event_name":"Upgrade Shrine","floor":3,"gold_loss":0,"cards_upgraded":["Neutralize"]},{"damage_healed":0,"gold_gain":0,"player_choice":"Trade","damage_taken":0,"relics_obtained":["NlothsMask"],"max_hp_gain":0,"max_hp_loss":0,"event_name":"FaceTrader","floor":5,"gold_loss":0},{"damage_healed":0,"gold_gain":0,"player_choice":"Take Wound","damage_taken":0,"relics_obtained":["Golden Idol"],"max_hp_gain":0,"max_hp_loss":0,"event_name":"Golden Idol","floor":13,"gold_loss":0,"cards_obtained":["Injury"]}],"is_beta":false,"boss_relics":[],"items_purged_floors":[],"is_endless":false,"potions_floor_spawned":[1,4,8,11,14],"killed_by":"Slime Boss","ascension_level":13}