{"path_per_floor":["M","?","?","M","?","E","R","?","T","M","M","T","R","M","R","B",null,"M","$","?","$","?","R","M","M","T","?","T","R"],"character_chosen":"DEFECT","items_purchased":["Glacier","Letter Opener","Storm"],"gold_per_floor":[111,111,111,130,130,164,164,239,262,274,291,318,318,332,332,429,429,445,118,118,9,9,9,19,35,62,62,62,62,62],"floor_reached":30,"campfire_rested":3,"playtime":1125,"item_purchase_floors":[19,19,21],"current_hp_per_floor":[75,80,80,80,80,80,80,69,69,57,50,50,74,55,79,16,80,51,51,51,51,51,51,43,18,18,18,18,42,0],"items_purged":["Strike_B"],"gold":62,"score":289,"play_id":"b16a3faf-9a97-485e-a3bc-b23497e5bcd3","local_time":"20180613214815","is_prod":false,"is_daily":false,"chose_seed":false,"is_ascension_mode":true,"campfire_upgraded":2,"win_rate":0,"timestamp":1528940895,"campfire_choices":[{"data":"Loop","floor":7,"key":"SMITH"},{"floor":13,"key":"REST"},{"floor":15,"key":"REST"},{"data":"Hello World","floor":23,"key":"SMITH"},{"floor":29,"key":"REST"}],"path_taken":["M","?","?","?","?","E","R","?","T","M","M","?","R","M","R","BOSS","M","$","?","$","?","R","M","?","T","?","?","R","M"],"build_version":"2018-06-07v3","seed_source_timestamp":614080224787725,"purchased_purges":1,"victory":false,"master_deck":["Strike_B","Strike_B","Strike_B","Defend_B","Defend_B","Defend_B","Defend_B","Zap","Dualcast","Leap","Chill","Loop+1","Loop","Hello World+1","Leap","Amplify","Electrodynamics","Glacier","Storm","Cold Snap","Coolheaded"],"max_hp_per_floor":[75,80,80,80,80,80,80,80,80,80,80,80,80,80,80,80,80,80,80,80,80,80,80,80,80,80,80,80,80,80],"relics":["Cracked Core","NeowsBlessing","Oddly Smooth Stone","Lantern","Omamori","Inserter","Letter Opener","Gremlin Horn","DataDisk","Frozen Egg 2"],"card_choices":[{"not_picked":["Barrage","Sunder"],"picked":"Leap","floor":1},{"not_picked":["Capacitor","Chaos"],"picked":"Loop","floor":4},{"not_picked":["Steam","Sweeping Beam"],"picked":"Loop","floor":6},{"not_picked":["Ball Lightning","Conserve Battery"],"picked":"Hello World","floor":10},{"not_picked":["Barrage","Ball Lightning"],"picked":"Leap","floor":11},{"not_picked":["Blizzard","Leap"],"picked":"Amplify","floor":14},{"not_picked":["Thunder Strike","Reboot"],"picked":"Electrodynamics","floor":16},{"not_picked":["Gash","Barrage","Go for the Eyes+1"],"picked":"SKIP","floor":18},{"not_picked":["Conserve Battery","Rebound+1"],"picked":"Cold Snap","floor":24},{"not_picked":["Conserve Battery","Steam Power+1"],"picked":"Coolheaded","floor":25}],"player_experience":529176,"potions_floor_usage":[11,14,16],"damage_taken":[{"damage":0,"enemies":"2 Louse","floor":1,"turns":1},{"damage":0,"enemies":"Small Slimes","floor":4,"turns":1},{"damage":0,"enemies":"Gremlin Nob","floor":6,"turns":1},{"damage":12,"enemies":"Jaw Worm","floor":10,"turns":3},{"damage":7,"enemies":"Blue Slaver","floor":11,"turns":4},{"damage":19,"enemies":"Gremlin Gang","floor":14,"turns":7},{"damage":63,"enemies":"Hexaghost","floor":16,"turns":12},{"damage":29,"enemies":"Spheric Guardian","floor":18,"turns":4},{"damage":8,"enemies":"3 Byrds","floor":24,"turns":5},{"damage":25,"enemies":"Snecko","floor":25,"turns":5},{"damage":45,"enemies":"Cultist and Chosen","floor":30,"turns":4}],"relics_obtained":[{"floor":6,"key":"Oddly Smooth Stone"},{"floor":9,"key":"Lantern"},{"floor":12,"key":"Omamori"},{"floor":26,"key":"DataDisk"},{"floor":28,"key":"Frozen Egg 2"}],"event_choices":[{"event_name":"Big Fish","player_choice":"Donut","floor":2,"damage_taken":0},{"event_name":"Match and Keep!","player_choice":"1 cards matched","floor":3,"damage_taken":0},{"event_name":"Liars Game","player_choice":"disagreed","floor":5,"damage_taken":0},{"event_name":"World of Goop","player_choice":"Gather Gold","floor":8,"damage_taken":0},{"event_name":"Ghosts","player_choice":"Ignored","floor":20,"damage_taken":0},{"event_name":"The Mausoleum","player_choice":"Yes","floor":22,"damage_taken":0},{"event_name":"Vampires","player_choice":"Ignored","floor":27,"damage_taken":0}],"boss_relics":[{"not_picked":["Runic Dome","Tiny House"],"picked":"Inserter"}],"items_purged_floors":[21],"potions_floor_spawned":[10,11,14,18],"seed_played":"-6156026264396385332","killed_by":"Cultist and Chosen","ascension_level":3,"potions_obtained":[{"floor":10,"key":"SkillPotion"},{"floor":11,"key":"Weak Potion"},{"floor":14,"key":"Explosive Potion"},{"floor":18,"key":"Fire Potion"}],"is_trial":false}