{"gold_per_floor":[117,135,152,162,172,172,200,200,200,219,6,6,81,96,96,167,167,182,194,212,262,276,276,302,302,302,327,337,337,351,371,371,371],"floor_reached":33,"playtime":2016,"items_purged":["Strike_B"],"score":671,"play_id":"78798fbd-091f-4a61-8d11-617210802bbe","local_time":"20181109074932","is_ascension_mode":true,"campfire_choices":[{"floor":6,"key":"REST"},{"data":"Zap","floor":8,"key":"SMITH"},{"floor":12,"key":"REST"},{"floor":15,"key":"REST"},{"floor":23,"key":"REST"},{"floor":29,"key":"REST"},{"floor":32,"key":"REST"}],"neow_cost":"NONE","seed_source_timestamp":0,"circlet_count":0,"master_deck":["AscendersBane","Strike_B","Strike_B","Strike_B","Defend_B","Defend_B","Defend_B","Defend_B","Zap+1","Dualcast","Compile Driver","Go for the Eyes","Ball Lightning","Conserve Battery","Stack","Hologram","Glacier","Lockon","Echo Form","Darkness+1","Skim","Capacitor","Capacitor","Leap","Coolheaded","Loop","Self Repair","Steam"],"special_seed":0,"relics":["Lizard Tail","Smiling Mask","Letter Opener","DataDisk","Bottled Flame","Sozu","Boot","Sundial","Pear","Red Mask"],"potions_floor_usage":[5,7,16,24],"damage_taken":[{"damage":10,"enemies":"Cultist","floor":1,"turns":5},{"damage":9,"enemies":"Jaw Worm","floor":2,"turns":4},{"damage":7,"enemies":"Small Slimes","floor":3,"turns":3},{"damage":4,"enemies":"3 Louse","floor":4,"turns":3},{"damage":15,"enemies":"Exordium Wildlife","floor":5,"turns":4},{"damage":9,"enemies":"Gremlin Nob","floor":7,"turns":4},{"damage":6,"enemies":"Blue Slaver","floor":10,"turns":3},{"damage":0,"enemies":"Large Slime","floor":14,"turns":5},{"damage":18,"enemies":"Slime Boss","floor":16,"turns":13},{"damage":20,"enemies":"2 Thieves","floor":18,"turns":4},{"damage":10,"enemies":"Shell Parasite","floor":19,"turns":5},{"damage":10,"enemies":"Snecko","floor":20,"turns":6},{"damage":14,"enemies":"Centurion and Healer","floor":22,"turns":7},{"damage":26,"enemies":"Book of Stabbing","floor":24,"turns":7},{"damage":32,"enemies":"Masked Bandits","floor":27,"turns":6},{"damage":32,"enemies":"Chosen and Byrds","floor":28,"turns":8},{"damage":8,"enemies":"Snake Plant","floor":30,"turns":5},{"damage":7,"enemies":"3 Cultists","floor":31,"turns":7},{"damage":57,"enemies":"Champ","floor":33,"turns":10}],"seed_played":"6224595517391136590","potions_obtained":[{"floor":3,"key":"Poison Potion"},{"floor":4,"key":"GamblersBrew"},{"floor":7,"key":"FocusPotion"},{"floor":16,"key":"Dexterity Potion"}],"is_trial":false,"path_per_floor":["M","M","M","M","M","R","E","R","T","M","$","R","T","M","R","B",null,"M","M","M","?","M","R","E","T","T","?","M","R","M","M","R","B"],"character_chosen":"DEFECT","items_purchased":["DataDisk"],"campfire_rested":6,"item_purchase_floors":[11],"current_hp_per_floor":[54,45,38,34,19,40,31,31,31,25,25,46,46,46,67,49,66,46,36,26,26,12,33,7,7,17,40,8,32,24,24,48,0],"gold":371,"neow_bonus":"BOSS_RELIC","is_prod":false,"is_daily":false,"chose_seed":false,"campfire_upgraded":1,"win_rate":0,"timestamp":1541767772,"path_taken":["M","M","?","M","M","R","E","R","T","M","$","R","?","?","R","BOSS","M","M","?","?","M","R","E","?","T","?","M","R","M","M","R","BOSS"],"build_version":"2018-11-08","purchased_purges":1,"victory":false,"max_hp_per_floor":[71,71,71,71,71,71,71,71,71,71,71,71,71,71,71,71,71,71,71,71,71,71,71,71,71,81,81,81,81,81,81,81,81],"card_choices":[{"not_picked":["Beam Cell","Turbo"],"picked":"Compile Driver","floor":1},{"not_picked":["Undo","Redo"],"picked":"Go for the Eyes","floor":2},{"not_picked":["Sweeping Beam","Streamline"],"picked":"Ball Lightning","floor":3},{"not_picked":["Barrage","Chill"],"picked":"Conserve Battery","floor":4},{"not_picked":["Undo","Steam"],"picked":"Stack","floor":5},{"not_picked":["Hyperbeam","Tempest"],"picked":"Hologram","floor":7},{"not_picked":["Coolheaded","Steam"],"picked":"Glacier","floor":10},{"not_picked":["Hello World","Rip and Tear"],"picked":"Lockon","floor":14},{"not_picked":["Hyperbeam","Rainbow"],"picked":"Echo Form","floor":16},{"not_picked":["Redo","Hologram"],"picked":"Darkness+1","floor":18},{"not_picked":["Go for the Eyes+1","Cold Snap"],"picked":"Skim","floor":19},{"not_picked":["Redo","Rebound+1"],"picked":"Capacitor","floor":20},{"not_picked":["Sweeping Beam","Go for the Eyes"],"picked":"Capacitor","floor":22},{"not_picked":["Go for the Eyes","Hologram"],"picked":"Leap","floor":24},{"not_picked":["Biased Cognition","Redo"],"picked":"Coolheaded","floor":27},{"not_picked":["Rip and Tear+1","Aggregate"],"picked":"Loop","floor":28},{"not_picked":["Streamline","Cold Snap"],"picked":"Self Repair","floor":30},{"not_picked":["Go for the Eyes","Stack"],"picked":"Steam","floor":31}],"player_experience":1666465,"relics_obtained":[{"floor":7,"key":"Smiling Mask"},{"floor":9,"key":"Letter Opener"},{"floor":13,"key":"Bottled Flame"},{"floor":24,"key":"Boot"},{"floor":25,"key":"Sundial"},{"floor":26,"key":"Pear"},{"floor":27,"key":"Red Mask"}],"event_choices":[{"damage_healed":0,"gold_gain":50,"player_choice":"Stole From Cult","damage_taken":0,"max_hp_gain":0,"max_hp_loss":0,"event_name":"Nest","floor":21,"gold_loss":0},{"damage_healed":0,"gold_gain":0,"player_choice":"Fought Bandits","damage_taken":0,"max_hp_gain":0,"max_hp_loss":0,"event_name":"Masked Bandits","floor":27,"gold_loss":0}],"is_beta":false,"boss_relics":[{"not_picked":["White Beast Statue","Busted Crown"],"picked":"Sozu"}],"items_purged_floors":[11],"is_endless":false,"potions_floor_spawned":[3,4,7,16,20,27,28,30],"killed_by":"Champ","ascension_level":16}