{"gold_per_floor":[117,127,138,150,0,0,27,27,27,58,23,23,43,103,103,205,205,217,229,252,269,269,298,298,44,67,84,0,0,30,30,30,30],"floor_reached":33,"playtime":1658,"items_purged":["Regret"],"score":394,"play_id":"b40119f4-ff41-4c65-9f1c-00a295c7b787","local_time":"20180714035348","is_ascension_mode":true,"campfire_choices":[{"data":"Catalyst","floor":6,"key":"SMITH"},{"data":"Bouncing Flask","floor":8,"key":"SMITH"},{"data":"Corpse Explosion","floor":15,"key":"SMITH"},{"floor":24,"key":"REST"},{"floor":29,"key":"REST"},{"floor":32,"key":"REST"}],"neow_cost":"","seed_source_timestamp":193143632304481,"circlet_count":0,"master_deck":["Defend_G","Defend_G+1","Defend_G","Defend_G","Defend_G+1","Strike_G","Strike_G","Strike_G","Strike_G","Strike_G","Survivor","Neutralize","Setup","Catalyst+1","Bouncing Flask+1","Dagger Spray","Grand Finale","Deadly Poison","Noxious Fumes","Corpse Explosion+1","Corpse Explosion","Bouncing Flask+1","Dagger Spray+1","PiercingWail","Bullet Time","PiercingWail","Dash"],"relics":["Ring of the Snake","Blood Vial","Matryoshka","Bronze Scales","Pantograph","Juzu Bracelet","Tiny Chest","Sozu","Happy Flower","Strawberry","Nilry\u0027s Codex","War Paint","Pen Nib","Bag of Marbles","Nloth\u0027s Gift"],"potions_floor_usage":[7,7,13,14,27],"damage_taken":[{"damage":1,"enemies":"Cultist","floor":1,"turns":5},{"damage":0,"enemies":"2 Louse","floor":2,"turns":4},{"damage":0,"enemies":"Jaw Worm","floor":3,"turns":6},{"damage":21,"enemies":"Exordium Wildlife","floor":4,"turns":5},{"damage":10,"enemies":"3 Sentries","floor":7,"turns":8},{"damage":9,"enemies":"Gremlin Nob","floor":10,"turns":3},{"damage":19,"enemies":"Looter","floor":13,"turns":2},{"damage":10,"enemies":"Lagavulin","floor":14,"turns":4},{"damage":39,"enemies":"The Guardian","floor":16,"turns":6},{"damage":0,"enemies":"Spheric Guardian","floor":18,"turns":2},{"damage":8,"enemies":"Chosen","floor":19,"turns":4},{"damage":21,"enemies":"Snake Plant","floor":21,"turns":2},{"damage":24,"enemies":"Slavers","floor":23,"turns":3},{"damage":4,"enemies":"Snecko","floor":27,"turns":3},{"damage":55,"enemies":"Gremlin Leader","floor":30,"turns":8},{"damage":61,"enemies":"Champ","floor":33,"turns":7}],"seed_played":"5568750578795555044","potions_obtained":[{"floor":1,"key":"GamblersBrew"},{"floor":2,"key":"Block Potion"},{"floor":4,"key":"EssenceOfSteel"},{"floor":10,"key":"Swift Potion"},{"floor":13,"key":"Regen Potion"}],"is_trial":false,"path_per_floor":["M","M","M","M","$","R","E","R","T","E","?","?","M","E","R","B",null,"M","M","T","M","?","E","R","$","T","M","?","R","E","?","R"],"character_chosen":"THE_SILENT","items_purchased":["Blood Vial","Bullet Time","PiercingWail"],"campfire_rested":3,"item_purchase_floors":[5,25,25],"current_hp_per_floor":[69,69,69,48,48,48,40,40,40,33,50,50,33,39,39,27,70,70,62,69,50,34,12,35,35,35,33,33,56,3,3,26,0],"gold":30,"neow_bonus":"","is_prod":false,"is_daily":false,"chose_seed":false,"campfire_upgraded":3,"win_rate":0,"timestamp":1531506228,"path_taken":["M","M","M","M","$","R","E","R","T","E","?","?","M","E","R","BOSS","M","M","?","M","?","E","R","$","T","M","?","R","E","?","R","BOSS"],"build_version":"2018-07-12","purchased_purges":1,"victory":false,"max_hp_per_floor":[70,70,70,70,70,70,70,70,70,70,70,70,70,70,70,70,70,70,70,77,77,77,77,77,77,77,77,77,77,77,77,77,77],"card_choices":[{"not_picked":["Bane","Calculated Gamble"],"picked":"Setup","floor":1},{"not_picked":["Terror","Blur"],"picked":"Catalyst","floor":2},{"not_picked":["Prepared","Leg Sweep"],"picked":"Bouncing Flask","floor":3},{"not_picked":["Blade Dance","Setup"],"picked":"Dagger Spray","floor":4},{"not_picked":["Underhanded Strike","Outmaneuver"],"picked":"Grand Finale","floor":7},{"not_picked":["Terror","Acrobatics"],"picked":"Deadly Poison","floor":10},{"not_picked":["Cloak And Dagger","Eviscerate"],"picked":"Noxious Fumes","floor":13},{"not_picked":["After Image","Masterful Stab"],"picked":"Corpse Explosion","floor":14},{"not_picked":["Storm of Steel","Night Terror"],"picked":"Corpse Explosion","floor":16},{"not_picked":["Dodge and Roll","Slice"],"picked":"Bouncing Flask+1","floor":18},{"not_picked":["Quick Slash","Heel Hook+1","Caltrops"],"picked":"SKIP","floor":19},{"not_picked":["Accuracy","Heel Hook+1"],"picked":"Dagger Spray+1","floor":21},{"not_picked":["Tools of the Trade","Acrobatics"],"picked":"PiercingWail","floor":23},{"not_picked":["Backflip","Quick Slash+1","Cloak And Dagger"],"picked":"SKIP","floor":27},{"not_picked":["Terror","Predator"],"picked":"Dash","floor":30}],"player_experience":128570,"relics_obtained":[{"floor":7,"key":"Matryoshka"},{"floor":9,"key":"Bronze Scales"},{"floor":9,"key":"Paper Crane"},{"floor":10,"key":"Pantograph"},{"floor":14,"key":"Tiny Chest"},{"floor":20,"key":"Happy Flower"},{"floor":20,"key":"Strawberry"},{"floor":22,"key":"Nilry\u0027s Codex"},{"floor":23,"key":"War Paint"},{"floor":26,"key":"Pen Nib"},{"floor":30,"key":"Bag of Marbles"}],"event_choices":[{"event_name":"The Cleric","player_choice":"Healed","floor":11,"damage_taken":0},{"event_name":"Big Fish","player_choice":"Box","floor":12,"damage_taken":0},{"event_name":"Cursed Tome","player_choice":"Obtained Book","floor":22,"damage_taken":0},{"event_name":"Masked Bandits","player_choice":"Paid Bandits 84 gold","floor":28,"damage_taken":0},{"event_name":"N\u0027loth","player_choice":"Traded a Paper Crane","floor":31,"damage_taken":0}],"boss_relics":[{"not_picked":["Velvet Choker","Fusion Hammer"],"picked":"Sozu"}],"items_purged_floors":[25],"is_endless":false,"potions_floor_spawned":[1,2,4,10,13,19,23,27,30],"killed_by":"Champ","ascension_level":4}