{"gold_per_floor":[109,125,135,135,210,210,210,160,160,204,204,217,241,262,262,386,386,399,324,342,173,173,173,173],"floor_reached":24,"playtime":1082,"items_purged":["Strike_B"],"score":196,"play_id":"c92784f0-627e-429c-8504-61301f4ecc88","local_time":"20180712232959","is_ascension_mode":false,"campfire_choices":[{"floor":6,"key":"REST"},{"floor":11,"key":"REST"},{"floor":15,"key":"REST"},{"data":"Double Energy","floor":23,"key":"SMITH"}],"neow_cost":"","seed_source_timestamp":0,"circlet_count":0,"master_deck":["Defend_B","Defend_B","Defend_B","Defend_B","Zap","Dualcast","Coolheaded","Beam Cell","Redo","Hologram","Gash","Gash","Beam Cell","Echo Form","Go for the Eyes","Go for the Eyes","Self Repair","Self Repair","Double Energy+1","Steam","Bandage Up"],"relics":["Unceasing Top","Golden Idol","Mercury Hourglass","DataDisk","Orrery"],"potions_floor_usage":[10,12,14,16,24],"damage_taken":[{"damage":1,"enemies":"2 Louse","floor":1,"turns":2},{"damage":10,"enemies":"Small Slimes","floor":2,"turns":3},{"damage":11,"enemies":"Jaw Worm","floor":3,"turns":4},{"damage":30,"enemies":"Gremlin Nob","floor":10,"turns":5},{"damage":0,"enemies":"3 Louse","floor":12,"turns":1},{"damage":10,"enemies":"Lots of Slimes","floor":13,"turns":3},{"damage":8,"enemies":"Exordium Wildlife","floor":14,"turns":5},{"damage":51,"enemies":"Hexaghost","floor":16,"turns":10},{"damage":25,"enemies":"Shell Parasite","floor":18,"turns":6},{"damage":21,"enemies":"Spheric Guardian","floor":20,"turns":5},{"damage":72,"enemies":"Chosen and Byrds","floor":24,"turns":8}],"seed_played":"190275764079520804","potions_obtained":[{"floor":1,"key":"Regen Potion"},{"floor":10,"key":"Fire Potion"},{"floor":12,"key":"AttackPotion"},{"floor":13,"key":"Block Potion"},{"floor":18,"key":"SkillPotion"}],"is_trial":true,"path_per_floor":["M","M","M","?","?","R","?","?","T","E","R","M","M","M","R","B",null,"M","?","M","$","?","R"],"character_chosen":"DEFECT","items_purchased":["Bandage Up"],"campfire_rested":3,"item_purchase_floors":[21],"current_hp_per_floor":[74,64,53,35,24,46,46,46,46,30,52,52,42,34,56,5,75,71,71,57,57,57,57,0],"gold":173,"neow_bonus":"","is_prod":false,"is_daily":false,"chose_seed":false,"campfire_upgraded":1,"win_rate":0,"timestamp":1531452599,"path_taken":["M","M","M","?","?","R","?","?","T","E","R","M","?","M","R","BOSS","M","?","?","$","?","R","M"],"build_version":"2018-07-12","purchased_purges":1,"victory":false,"max_hp_per_floor":[75,75,75,75,75,75,75,75,75,75,75,75,75,75,75,75,75,75,75,75,75,75,75,75],"card_choices":[{"not_picked":["Darkness","Stack"],"picked":"Coolheaded","floor":1},{"not_picked":["Genetic Algorithm","Hologram"],"picked":"Beam Cell","floor":2},{"not_picked":["Coolheaded","Leap"],"picked":"Redo","floor":3},{"not_picked":["Undo","Buffer"],"picked":"Hologram","floor":10},{"not_picked":["Turbo","Aggregate"],"picked":"Gash","floor":12},{"not_picked":["Compile Driver","Recycle"],"picked":"Gash","floor":13},{"not_picked":["Capacitor","White Noise"],"picked":"Beam Cell","floor":14},{"not_picked":["Buffer","Creative AI"],"picked":"Echo Form","floor":16},{"not_picked":["Rebound","Beam Cell"],"picked":"Go for the Eyes","floor":17},{"not_picked":["Streamline","Force Field"],"picked":"Go for the Eyes","floor":17},{"not_picked":["Conserve Battery","Barrage"],"picked":"Self Repair","floor":17},{"not_picked":["Stack","Ball Lightning"],"picked":"Self Repair","floor":17},{"not_picked":["BootSequence","White Noise"],"picked":"Double Energy","floor":18},{"not_picked":["Machine Learning","Stack"],"picked":"Steam","floor":20}],"player_experience":1056265,"relics_obtained":[{"floor":9,"key":"Mercury Hourglass"},{"floor":10,"key":"DataDisk"}],"event_choices":[{"event_name":"Golden Idol","player_choice":"Take Damage","floor":4,"damage_taken":0},{"event_name":"World of Goop","player_choice":"Gather Gold","floor":5,"damage_taken":0},{"event_name":"Bonfire Elementals","player_choice":"BASIC","floor":7,"damage_taken":0},{"event_name":"The Cleric","player_choice":"Card Removal","floor":8,"damage_taken":0},{"event_name":"Beggar","player_choice":"Gave Gold","floor":19,"damage_taken":0},{"event_name":"The Mausoleum","player_choice":"No","floor":22,"damage_taken":0}],"boss_relics":[{"not_picked":["Lizard Tail","Astrolabe"],"picked":"Orrery"}],"items_purged_floors":[21],"is_endless":false,"potions_floor_spawned":[1,10,12,13,18],"killed_by":"Chosen and Byrds","ascension_level":0}