{"path_per_floor":["M","?","M","?","?","E","R","$","T","E","M","M","R","M","R","B",null,"M","?","M","$","?","E","R"],"character_chosen":"IRONCLAD","items_purchased":["Apotheosis","Inflame","Entrench","Potion Belt","Sword Boomerang"],"gold_per_floor":[118,293,309,309,309,336,336,25,25,52,71,89,89,105,105,209,209,220,220,235,39,39,73,73,73],"floor_reached":25,"campfire_rested":3,"playtime":5163,"current_hp_per_floor":[80,80,75,75,75,55,79,79,79,61,63,75,80,80,80,9,80,69,69,78,78,78,28,69,0],"items_purged":[],"gold":73,"score":229,"play_id":"626a70c4-c907-44bc-9176-2e83ac4f0baf","local_time":"20180520225528","is_prod":false,"is_daily":false,"chose_seed":false,"is_ascension_mode":false,"campfire_upgraded":1,"timestamp":1526871328,"campfire_choices":[{"floor":7,"key":"REST"},{"floor":13,"key":"REST"},{"data":"Pommel Strike","floor":15,"key":"SMITH"},{"floor":24,"key":"REST"}],"path_taken":["M","?","M","?","?","E","R","$","T","E","M","M","R","M","R","BOSS","M","?","?","$","?","E","R","E"],"build_version":"2018-05-17","seed_source_timestamp":164599155038444,"purchased_purges":0,"victory":false,"master_deck":["Strike_R","Strike_R","Strike_R","Strike_R","Defend_R","Defend_R","Defend_R","Defend_R","Bash+1","Cleave","Dropkick","Whirlwind","Pommel Strike","Iron Wave","Apotheosis","Inflame","Entrench","Shockwave","Reaper","Pommel Strike+1","Cleave","Rampage","Feed","Clothesline+1","Shrug It Off","Sword Boomerang","Impervious","Flame Barrier"],"max_hp_per_floor":[80,80,80,80,80,80,80,80,80,80,80,80,80,80,80,80,80,84,84,87,87,87,87,87,87],"relics":["Burning Blood","Dream Catcher","Anchor","Regal Pillow","Runic Pyramid","Potion Belt","Bag of Preparation"],"card_choices":[{"not_picked":["Carnage","Iron Wave"],"picked":"Cleave","floor":1},{"not_picked":["Thunderclap","Iron Wave"],"picked":"Dropkick","floor":3},{"not_picked":["Dual Wield","Combust"],"picked":"Pommel Strike","floor":6},{"not_picked":["Headbutt","Shrug It Off"],"picked":"Iron Wave","floor":7},{"not_picked":["Shrug It Off","Bloodletting"],"picked":"Shockwave","floor":10},{"not_picked":["Armaments","Thunderclap"],"picked":"Reaper","floor":11},{"not_picked":["Armaments","True Grit"],"picked":"Pommel Strike","floor":12},{"not_picked":["Dual Wield","Twin Strike"],"picked":"Cleave","floor":13},{"not_picked":["Pommel Strike","Flex"],"picked":"Rampage","floor":14},{"not_picked":["Reaper","Fiend Fire"],"picked":"Feed","floor":16},{"not_picked":["Uppercut","Perfected Strike"],"picked":"Clothesline+1","floor":18},{"not_picked":["Warcry","Armaments"],"picked":"Shrug It Off","floor":20},{"not_picked":["Thunderclap","Perfected Strike+1"],"picked":"Impervious","floor":23},{"not_picked":["Thunderclap","True Grit+1"],"picked":"Flame Barrier","floor":24}],"player_experience":2684,"potions_floor_usage":[6,16,16,25],"damage_taken":[{"damage":0,"enemies":"Small Slimes","floor":1,"turns":3},{"damage":11,"enemies":"Jaw Worm","floor":3,"turns":3},{"damage":34,"enemies":"Gremlin Nob","floor":6,"turns":5},{"damage":24,"enemies":"3 Sentries","floor":10,"turns":6},{"damage":4,"enemies":"2 Louse","floor":11,"turns":3},{"damage":1,"enemies":"Red Slaver","floor":12,"turns":4},{"damage":6,"enemies":"Exordium Wildlife","floor":14,"turns":4},{"damage":84,"enemies":"Hexaghost","floor":16,"turns":12},{"damage":21,"enemies":"Chosen","floor":18,"turns":5},{"damage":0,"enemies":"3 Byrds","floor":20,"turns":4},{"damage":63,"enemies":"Gremlin Leader","floor":23,"turns":9},{"damage":78,"enemies":"Book of Stabbing","floor":25,"turns":7}],"relics_obtained":[{"floor":6,"key":"Dream Catcher"},{"floor":9,"key":"Anchor"},{"floor":10,"key":"Regal Pillow"},{"floor":23,"key":"Bag of Preparation"}],"event_choices":[{"event_name":"Liars Game","player_choice":"agreed","floor":2,"damage_taken":0},{"event_name":"Transmorgrifier","player_choice":"Transform","floor":4,"damage_taken":0},{"event_name":"Wheel of Change","player_choice":"Card Removal","floor":5,"damage_taken":0},{"event_name":"Beggar","player_choice":"Ignored","floor":19,"damage_taken":0},{"event_name":"Vampires","player_choice":"Ignored","floor":22,"damage_taken":0}],"boss_relics":[{"not_picked":["Tiny House","Orrery"],"picked":"Runic Pyramid"}],"potions_floor_spawned":[1,3,14,20],"seed_played":"2191206925880905448","killed_by":"Book of Stabbing","ascension_level":0,"potions_obtained":[{"floor":1,"key":"PowerPotion"},{"floor":3,"key":"BloodPotion"},{"floor":14,"key":"Explosive Potion"},{"floor":20,"key":"Strength Potion"}],"is_trial":false}