{"gold_per_floor":[114,129,144,144,159,159,189,204,204,234,249,46,61,11,11,111,111,138,150,177,204,55,55,70,100,125,125,49,64,64,64],"floor_reached":31,"playtime":1085,"items_purged":[],"score":394,"play_id":"d447a2c7-39e2-4cba-9797-5b8272e52023","local_time":"20181130233817","daily_mods":["Insanity","Diverse","Lethality"],"is_ascension_mode":false,"campfire_choices":[{"data":"Seek","floor":15,"key":"SMITH"},{"data":"Go for the Eyes","floor":23,"key":"SMITH"},{"floor":27,"key":"REST"}],"neow_cost":"","seed_source_timestamp":0,"circlet_count":0,"master_deck":["Aggregate","Acrobatics","Barrage","Chill","Leap","Glacier","Flying Knee","Burning Pact","Armaments","Reckless Charge","Sword Boomerang","Go for the Eyes+1","Rupture","Accuracy","Conserve Battery","Bloodletting","Anger","Genetic Algorithm","Chaos","Streamline","Rupture","Predator","Hemokinesis","Dash","Clash","Armaments","Stack","Clash","Sucker Punch","Perfected Strike","Twin Strike","Stack","Flying Knee","Dropkick","Dodge and Roll","Dagger Spray","Blade Dance","Clash","Finisher","Streamline","Flechettes","Perfected Strike","Uppercut","Underhanded Strike","Auto Shields","Blood for Blood","Turbo","Dodge and Roll","Shrug It Off","Leg Sweep","Flying Knee","Echo Form","True Grit","Blade Dance","Cloak And Dagger","Seek+1","Dagger Spray","Body Slam","Limit Break+1","Normality","Pain","Parasite","Stack","Uppercut","Endless Agony+1","Dash","Twin Strike","Loop","Heavy Blade+1","Limit Break","Leg Sweep","Glacier","Limit Break+1"],"special_seed":17865,"relics":["Cracked Core","Art of War","Letter Opener","Blue Candle","Bag of Preparation","Calling Bell","MawBank","Symbiotic Virus","Mango","Vajra","Regal Pillow"],"potions_floor_usage":[7,10,25,25],"damage_taken":[{"damage":0,"enemies":"Cultist","floor":1,"turns":2},{"damage":0,"enemies":"Small Slimes","floor":2,"turns":2},{"damage":13,"enemies":"Jaw Worm","floor":3,"turns":2},{"damage":3,"enemies":"Blue Slaver","floor":5,"turns":3},{"damage":0,"enemies":"Lagavulin","floor":7,"turns":5},{"damage":13,"enemies":"Exordium Thugs","floor":8,"turns":2},{"damage":1,"enemies":"3 Sentries","floor":10,"turns":4},{"damage":2,"enemies":"Looter","floor":11,"turns":2},{"damage":0,"enemies":"Gremlin Gang","floor":13,"turns":2},{"damage":3,"enemies":"Slime Boss","floor":16,"turns":4},{"damage":20,"enemies":"Spheric Guardian","floor":18,"turns":5},{"damage":17,"enemies":"2 Thieves","floor":20,"turns":2},{"damage":5,"enemies":"Centurion and Healer","floor":21,"turns":4},{"damage":13,"enemies":"Snecko","floor":24,"turns":4},{"damage":25,"enemies":"Book of Stabbing","floor":25,"turns":4},{"damage":43,"enemies":"Snake Plant","floor":29,"turns":5},{"damage":12,"enemies":"Shelled Parasite and Fungi","floor":31,"turns":1}],"seed_played":"-379525432082753387","potions_obtained":[{"floor":1,"key":"Regen Potion"},{"floor":3,"key":"SteroidPotion"},{"floor":5,"key":"Poison Potion"},{"floor":11,"key":"Ancient Potion"},{"floor":16,"key":"Block Potion"},{"floor":20,"key":"LiquidBronze"}],"is_trial":false,"path_per_floor":["M","M","M","$","M","?","E","M","T","E","M","$","M","?","R","B",null,"M","?","M","M","$","R","M","E","T","R","$","M","?","M"],"character_chosen":"DEFECT","items_purchased":["Dagger Spray","Bag of Preparation","Dash","Twin Strike","Loop","Leg Sweep"],"campfire_rested":1,"item_purchase_floors":[12,12,22,22,22,28],"current_hp_per_floor":[75,75,62,62,59,59,71,58,58,57,55,55,55,55,55,52,89,69,69,52,47,47,47,34,9,9,50,50,7,7,0],"gold":64,"neow_bonus":"","is_prod":false,"is_daily":true,"chose_seed":false,"campfire_upgraded":2,"win_rate":0,"timestamp":1543617497,"path_taken":["M","M","M","$","?","?","E","M","T","E","M","?","?","?","R","BOSS","M","?","M","M","$","R","M","E","T","R","?","?","?","M"],"build_version":"2018-11-15","purchased_purges":0,"victory":false,"max_hp_per_floor":[75,75,75,75,75,75,75,75,75,75,75,75,75,75,75,75,89,89,89,89,89,89,89,89,89,89,89,89,89,89,89],"card_choices":[{"not_picked":["Sword Boomerang","Warcry"],"picked":"Shrug It Off","floor":1},{"not_picked":["Self Repair","Redo"],"picked":"Leg Sweep","floor":2},{"not_picked":["Sucker Punch","Stack"],"picked":"Flying Knee","floor":3},{"not_picked":["Anger","True Grit"],"picked":"Echo Form","floor":5},{"not_picked":["Outmaneuver","Steam Power"],"picked":"True Grit","floor":7},{"not_picked":["Searing Blow","Evolve"],"picked":"Blade Dance","floor":8},{"not_picked":["Poisoned Stab","Sentinel"],"picked":"Cloak And Dagger","floor":10},{"not_picked":["Stack","Clothesline"],"picked":"Seek","floor":11},{"not_picked":["Deadly Poison","Havoc"],"picked":"Body Slam","floor":13},{"not_picked":["Berserk","Immolate"],"picked":"Limit Break","floor":16},{"not_picked":["Hologram","Tempest"],"picked":"Stack","floor":18},{"not_picked":["Barrage","Beam Cell"],"picked":"Uppercut","floor":20},{"not_picked":["Second Wind","Backflip+1"],"picked":"Endless Agony+1","floor":21},{"not_picked":["Wild Strike","Pommel Strike"],"picked":"Heavy Blade+1","floor":24},{"not_picked":["Double Energy+1","Dash+1"],"picked":"Limit Break","floor":25},{"not_picked":["Inflame","Pommel Strike"],"picked":"Glacier","floor":29}],"player_experience":1755587,"relics_obtained":[{"floor":7,"key":"Art of War"},{"floor":9,"key":"Letter Opener"},{"floor":10,"key":"Blue Candle"},{"floor":17,"key":"MawBank"},{"floor":17,"key":"Symbiotic Virus"},{"floor":17,"key":"Mango"},{"floor":25,"key":"Vajra"},{"floor":26,"key":"Regal Pillow"}],"event_choices":[{"cards_removed":["Bane"],"damage_healed":0,"gold_gain":0,"player_choice":"Purged","damage_taken":0,"max_hp_gain":0,"max_hp_loss":0,"event_name":"Purifier","floor":6,"gold_loss":0},{"cards_removed":["Perfected Strike"],"damage_healed":0,"gold_gain":0,"player_choice":"Card Removal","damage_taken":0,"max_hp_gain":0,"max_hp_loss":0,"event_name":"The Cleric","floor":14,"gold_loss":50},{"damage_healed":0,"gold_gain":0,"player_choice":"Forge","damage_taken":0,"max_hp_gain":0,"max_hp_loss":0,"event_name":"Accursed Blacksmith","floor":19,"gold_loss":0,"cards_upgraded":["Limit Break"]},{"damage_healed":0,"gold_gain":0,"player_choice":"Copied","damage_taken":0,"max_hp_gain":0,"max_hp_loss":0,"event_name":"Duplicator","floor":30,"gold_loss":0,"cards_obtained":["Limit Break"]}],"is_beta":false,"boss_relics":[{"not_picked":["Sozu","Astrolabe"],"picked":"Calling Bell"}],"items_purged_floors":[],"is_endless":false,"potions_floor_spawned":[1,3,5,11,16,20,21],"killed_by":"Shelled Parasite and Fungi","ascension_level":0}