{"gold_per_floor":[116,191,204,220,279,279,298,330,330,343,343,343,353,46,46,141,141,152,152,171,18,33,67,67,100,100,100],"floor_reached":27,"playtime":2512,"items_purged":["Strike_G"],"score":354,"play_id":"c29686af-1d1d-4382-bbd8-740e8fb3e068","local_time":"20180731143751","is_ascension_mode":true,"campfire_choices":[{"data":"Neutralize","floor":6,"key":"SMITH"},{"data":"Dagger Spray","floor":11,"key":"SMITH"},{"data":"Footwork","floor":15,"key":"SMITH"},{"data":"Malaise","floor":24,"key":"SMITH"}],"neow_cost":"NONE","seed_source_timestamp":388358685559365,"circlet_count":0,"master_deck":["Defend_G","Defend_G","Defend_G","Defend_G","Defend_G","Strike_G+1","Strike_G+1","Strike_G","Strike_G","Survivor","Neutralize+1","Dagger Spray+1","Backstab","Backflip","Footwork+1","Malaise+1","Caltrops","Corpse Explosion","Cloak And Dagger+1","Backstab","Footwork+1"],"relics":["Ring of the Snake","Whetstone","Bag of Marbles","Dodecahedron","WristBlade","Bronze Scales","Bottled Tornado","Anchor","Question Card"],"potions_floor_usage":[8,8],"damage_taken":[{"damage":5,"enemies":"Cultist","floor":1,"turns":4},{"damage":0,"enemies":"Jaw Worm","floor":3,"turns":4},{"damage":0,"enemies":"Small Slimes","floor":4,"turns":3},{"damage":0,"enemies":"Looter","floor":7,"turns":4},{"damage":14,"enemies":"Lagavulin","floor":8,"turns":8},{"damage":0,"enemies":"Exordium Wildlife","floor":10,"turns":3},{"damage":0,"enemies":"Lots of Slimes","floor":13,"turns":1},{"damage":12,"enemies":"The Guardian","floor":16,"turns":13},{"damage":11,"enemies":"Spheric Guardian","floor":18,"turns":8},{"damage":0,"enemies":"Chosen","floor":20,"turns":4},{"damage":0,"enemies":"Centurion and Healer","floor":22,"turns":4},{"damage":36,"enemies":"Gremlin Leader","floor":23,"turns":8},{"damage":17,"enemies":"Slavers","floor":25,"turns":4},{"damage":24,"enemies":"Gremlin Leader","floor":27,"turns":4}],"seed_played":"7044400294895558577","potions_obtained":[{"floor":1,"key":"AttackPotion"},{"floor":3,"key":"SteroidPotion"},{"floor":7,"key":"EssenceOfSteel"},{"floor":10,"key":"FearPotion"},{"floor":13,"key":"Strength Potion"},{"floor":22,"key":"Fire Potion"}],"is_trial":false,"path_per_floor":["M","?","M","M","?","R","M","E","T","M","R","?","M","$","R","B",null,"M","?","M","$","M","E","R","E","T"],"character_chosen":"THE_SILENT","items_purchased":["Malaise","Caltrops","Bronze Scales"],"campfire_rested":0,"item_purchase_floors":[14,14,21],"current_hp_per_floor":[58,47,47,47,47,47,47,33,33,33,33,33,33,33,33,21,58,47,70,70,70,70,34,34,17,17,0],"gold":100,"neow_bonus":"RANDOM_COMMON_RELIC","is_prod":false,"is_daily":false,"chose_seed":false,"campfire_upgraded":4,"win_rate":0,"timestamp":1533065871,"path_taken":["M","?","M","M","?","R","M","E","T","?","R","?","?","$","R","BOSS","M","?","?","$","M","E","R","E","T","E"],"build_version":"2018-07-30","purchased_purges":1,"victory":false,"max_hp_per_floor":[70,70,70,70,70,70,70,70,70,70,70,70,70,70,70,70,70,70,70,70,70,70,70,70,70,70,70],"card_choices":[{"not_picked":["Slice","Concentrate"],"picked":"Dagger Spray","floor":1},{"not_picked":["Bane","Venomology","Poisoned Stab"],"picked":"SKIP","floor":3},{"not_picked":["Predator","Skewer"],"picked":"Backstab","floor":4},{"not_picked":["Tactician","Sucker Punch","Flechettes"],"picked":"SKIP","floor":7},{"not_picked":["Acrobatics","Outmaneuver","Quick Slash"],"picked":"SKIP","floor":8},{"not_picked":["Acrobatics","Outmaneuver","Quick Slash"],"picked":"SKIP","floor":8},{"not_picked":["Poisoned Stab","Sucker Punch"],"picked":"Backflip","floor":10},{"not_picked":["Deflect","Skewer"],"picked":"Footwork","floor":13},{"not_picked":["Venomology","Storm of Steel"],"picked":"Corpse Explosion","floor":16},{"not_picked":["Blur","Caltrops+1"],"picked":"Cloak And Dagger+1","floor":18},{"not_picked":["Acrobatics","Expertise","Bane"],"picked":"SKIP","floor":20},{"not_picked":["Reflex","Flying Knee","Dagger Spray"],"picked":"SKIP","floor":22},{"not_picked":["Catalyst+1","Finisher"],"picked":"Backstab","floor":23},{"not_picked":["Unload","Poisoned Stab"],"picked":"Footwork+1","floor":25}],"player_experience":307108,"relics_obtained":[{"floor":8,"key":"Bag of Marbles"},{"floor":9,"key":"Dodecahedron"},{"floor":23,"key":"Bottled Tornado"},{"floor":25,"key":"Anchor"},{"floor":26,"key":"Question Card"}],"event_choices":[{"event_name":"World of Goop","player_choice":"Gather Gold","floor":2,"damage_taken":0},{"event_name":"Golden Wing","player_choice":"Gained Gold","floor":5,"damage_taken":0},{"event_name":"Scrap Ooze","player_choice":"unsuccessful","floor":12,"damage_taken":0},{"event_name":"Wheel of Change","player_choice":"Full Heal","floor":19,"damage_taken":0}],"is_beta":true,"boss_relics":[{"not_picked":["Pandora\u0027s Box","Runic Dome"],"picked":"WristBlade"}],"items_purged_floors":[14],"is_endless":false,"potions_floor_spawned":[1,3,7,10,13,18,22,23],"killed_by":"Gremlin Leader","ascension_level":8}