{"gold_per_floor":[110,35,45,45,59,59,59,75,121,137,170,170,185,150,150,250,250,260,260,260,108,108,108,120,120,120,120],"floor_reached":27,"playtime":1495,"items_purged":["Strike_G","Strike_G"],"score":338,"play_id":"efe2777a-5847-4dae-8f53-2c1c2065989c","local_time":"20181025090208","is_ascension_mode":true,"campfire_choices":[{"data":"Cloak And Dagger","floor":6,"key":"SMITH"},{"floor":12,"key":"REST"},{"floor":15,"key":"REST"},{"floor":23,"key":"REST"},{"floor":25,"key":"REST"}],"neow_cost":"NONE","seed_source_timestamp":1314976919391202,"circlet_count":0,"master_deck":["Defend_G","Defend_G","Defend_G","Defend_G","Defend_G","Strike_G","Strike_G","Survivor","Neutralize","AscendersBane","Accuracy","Cloak And Dagger","Cloak And Dagger+1","Riddle With Holes","Infinite Blades","Reflex","Blade Dance","Adrenaline","Blur","Dodge and Roll","Accuracy"],"relics":["Runic Pyramid","Ancient Tea Set","Art of War","Black Star","The Courier"],"potions_floor_usage":[11,16,19,27],"damage_taken":[{"damage":2,"enemies":"2 Louse","floor":1,"turns":3},{"damage":4,"enemies":"Jaw Worm","floor":3,"turns":5},{"damage":1,"enemies":"Cultist","floor":5,"turns":5},{"damage":10,"enemies":"Large Slime","floor":8,"turns":7},{"damage":8,"enemies":"Looter","floor":10,"turns":3},{"damage":25,"enemies":"Gremlin Nob","floor":11,"turns":5},{"damage":13,"enemies":"Exordium Thugs","floor":13,"turns":5},{"damage":36,"enemies":"The Guardian","floor":16,"turns":16},{"damage":14,"enemies":"Spheric Guardian","floor":18,"turns":5},{"damage":41,"enemies":"Colosseum Slavers","floor":19,"turns":8},{"damage":26,"enemies":"3 Byrds","floor":24,"turns":7},{"damage":38,"enemies":"Cultist and Chosen","floor":27,"turns":8}],"seed_played":"-7470231137697858807","potions_obtained":[{"floor":10,"key":"EssenceOfSteel"},{"floor":13,"key":"Regen Potion"},{"floor":16,"key":"Dexterity Potion"},{"floor":18,"key":"Dexterity Potion"},{"floor":20,"key":"FairyPotion"},{"floor":24,"key":"Swift Potion"}],"is_trial":false,"path_per_floor":["M","$","M","?","M","R","?","M","T","M","E","R","M","?","R","B",null,"M","?","?","$","?","R","M","R","T"],"character_chosen":"THE_SILENT","items_purchased":["Dodge and Roll"],"campfire_rested":4,"item_purchase_floors":[21],"current_hp_per_floor":[61,61,57,50,49,49,49,39,39,31,6,27,14,31,52,31,60,46,5,5,5,5,26,7,28,28,0],"gold":120,"neow_bonus":"BOSS_RELIC","is_prod":false,"is_daily":false,"chose_seed":false,"campfire_upgraded":1,"win_rate":0,"timestamp":1540472528,"path_taken":["M","$","M","?","M","R","?","M","T","M","E","R","M","?","R","BOSS","M","?","?","$","?","R","M","R","T","?"],"build_version":"2018-10-18","purchased_purges":2,"victory":false,"max_hp_per_floor":[70,70,70,70,70,70,70,70,70,70,70,70,70,70,70,70,70,70,70,70,70,70,70,70,70,70,70],"card_choices":[{"not_picked":["Prepared","Flying Knee"],"picked":"Accuracy","floor":1},{"not_picked":["Quick Slash","Backflip"],"picked":"Cloak And Dagger","floor":3},{"not_picked":["Bouncing Flask","Deadly Poison"],"picked":"Cloak And Dagger","floor":5},{"not_picked":["Tactician","Flying Knee"],"picked":"Riddle With Holes","floor":8},{"not_picked":["Cloak And Dagger","Deflect"],"picked":"Infinite Blades","floor":10},{"not_picked":["Well Laid Plans","Bane"],"picked":"Reflex","floor":11},{"not_picked":["Distraction","Masterful Stab"],"picked":"Blade Dance","floor":13},{"not_picked":["Grand Finale","Corpse Explosion"],"picked":"Adrenaline","floor":16},{"not_picked":["Bane+1","Slice"],"picked":"Blur","floor":18},{"not_picked":["Underhanded Strike","Deflect"],"picked":"Accuracy","floor":24}],"player_experience":1578964,"relics_obtained":[{"floor":9,"key":"Ancient Tea Set"},{"floor":11,"key":"Art of War"},{"floor":26,"key":"The Courier"}],"event_choices":[{"cards_removed":["Strike_G"],"damage_healed":0,"gold_gain":0,"player_choice":"Card Removal","damage_taken":7,"max_hp_gain":0,"max_hp_loss":0,"event_name":"Golden Wing","floor":4,"gold_loss":0},{"damage_healed":0,"gold_gain":0,"player_choice":"Ignored","damage_taken":0,"max_hp_gain":0,"max_hp_loss":0,"event_name":"Shining Light","floor":7,"gold_loss":0},{"damage_healed":17,"gold_gain":0,"player_choice":"Healed","damage_taken":0,"max_hp_gain":0,"max_hp_loss":0,"event_name":"The Cleric","floor":14,"gold_loss":35},{"damage_healed":0,"gold_gain":0,"player_choice":"Fight","damage_taken":0,"max_hp_gain":0,"max_hp_loss":0,"event_name":"Colosseum","floor":19,"gold_loss":0},{"damage_healed":0,"gold_gain":0,"player_choice":"Fled From Nobs","damage_taken":0,"max_hp_gain":0,"max_hp_loss":0,"event_name":"Colosseum","floor":19,"gold_loss":0},{"damage_healed":0,"gold_gain":0,"player_choice":"Got Potions","damage_taken":0,"max_hp_gain":0,"max_hp_loss":0,"event_name":"The Lab","floor":20,"gold_loss":0},{"damage_healed":0,"gold_gain":0,"player_choice":"Ignored","damage_taken":0,"max_hp_gain":0,"max_hp_loss":0,"event_name":"Vampires","floor":22,"gold_loss":0}],"is_beta":false,"boss_relics":[{"not_picked":["Runic Dome","HoveringKite"],"picked":"Black Star"}],"items_purged_floors":[2,21],"is_endless":false,"potions_floor_spawned":[10,13,16,18,19,24],"killed_by":"Cultist and Chosen","ascension_level":12}