{"gold_per_floor":[10,10,28,47,59,59,79,92,164,164,177,177,194,194,194,194],"floor_reached":16,"playtime":976,"items_purged":[],"score":182,"play_id":"f88da487-c527-4821-8d19-5c62661b3838","local_time":"20190125170211","is_ascension_mode":true,"campfire_choices":[{"data":"Neutralize","floor":6,"key":"SMITH"},{"data":"Well Laid Plans","floor":10,"key":"SMITH"},{"floor":12,"key":"REST"},{"data":"hubris:TrickCloak","floor":15,"key":"SMITH"}],"neow_cost":"NO_GOLD","seed_source_timestamp":262548569986292,"circlet_count":0,"master_deck":["AscendersBane","Defend_G","Defend_G","Defend_G","Defend_G","Defend_G","Strike_G","Strike_G","Strike_G","Survivor","Neutralize+1","Well Laid Plans+1","Deadly Poison","PiercingWail","Backflip","hubris:TrickCloak+1","Distraction","Cloak And Dagger","Footwork+1"],"special_seed":0,"relics":["Ring of the Snake","hubris:Reverence","Dream Catcher"],"potions_floor_usage":[11,16],"damage_taken":[{"damage":4.0,"enemies":"Cultist","floor":1.0,"turns":5.0},{"damage":10.0,"enemies":"2 Louse","floor":3.0,"turns":4.0},{"damage":5.0,"enemies":"Small Slimes","floor":4.0,"turns":5.0},{"damage":25,"enemies":"Exordium Thugs","floor":5,"turns":6},{"damage":10,"enemies":"Exordium Wildlife","floor":7,"turns":5},{"damage":1,"enemies":"3 Louse","floor":8,"turns":7},{"damage":0,"enemies":"Lots of Slimes","floor":11,"turns":6},{"damage":13,"enemies":"Exordium Wildlife","floor":13,"turns":8},{"damage":10,"enemies":"Fading Forest","floor":16,"turns":7}],"seed_played":"5187910163522860910","potions_obtained":[{"floor":3.0,"key":"Strength Potion"},{"floor":8,"key":"FearPotion"},{"floor":13,"key":"Adrenaline Potion"}],"is_trial":false,"path_per_floor":["M","T","M","M","M","R","M","M","T","R","M","R","M","?","R","B"],"character_chosen":"THE_SILENT","items_purchased":[],"campfire_rested":1,"item_purchase_floors":[],"current_hp_per_floor":[55,55,45,40,15,15,5,4,4,4,4,23,10,10,10,0],"gold":194,"neow_bonus":"REMOVE_TWO","is_prod":false,"is_daily":false,"chose_seed":false,"campfire_upgraded":3,"win_rate":0,"timestamp":1548432131,"path_taken":["M","?","M","M","M","R","M","M","T","R","M","R","M","?","R","BOSS"],"build_version":"2019-01-23","purchased_purges":0,"victory":false,"max_hp_per_floor":[66,66,66,66,66,66,66,66,66,66,66,66,66,66,66,66],"card_choices":[{"not_picked":["Eviscerate","hubris:SlightOfHand"],"picked":"Well Laid Plans","floor":1.0},{"not_picked":["Quick Slash","Deflect"],"picked":"Deadly Poison","floor":3.0},{"not_picked":["Deadly Poison","hubris:TrickCloak"],"picked":"PiercingWail","floor":4.0},{"not_picked":["Setup","ReplayTheSpireMod:Speed Training"],"picked":"Backflip","floor":5},{"not_picked":["Deadly Poison","Outmaneuver","hubris:Sniper"],"picked":"SKIP","floor":7},{"not_picked":["Sucker Punch","Outmaneuver"],"picked":"hubris:TrickCloak","floor":8},{"not_picked":["Prepared","Accuracy"],"picked":"Distraction","floor":11},{"not_picked":["Hidden Blade","Quick Slash"],"picked":"Cloak And Dagger","floor":12},{"not_picked":["Tactician","hubris:SlightOfHand"],"picked":"Footwork","floor":13}],"player_experience":1348284,"relics_obtained":[{"floor":2.0,"key":"Dream Catcher"},{"floor":9,"key":"hubris:Reverence"}],"event_choices":[{"damage_healed":0,"gold_gain":0,"player_choice":"Forge","damage_taken":0,"max_hp_gain":0,"max_hp_loss":0,"event_name":"Accursed Blacksmith","floor":14,"gold_loss":0,"cards_upgraded":["Footwork"]}],"is_beta":false,"boss_relics":[],"items_purged_floors":[],"is_endless":false,"potions_floor_spawned":[3,8,13],"killed_by":"Fading Forest","ascension_level":18}