{"gold_per_floor":[109,35,35,55,55,87,87,105,105,105,122,122,152,152,152,276,276,201,219,244,93,93,124,51,95,95,115,115,115,115,138,138,269,269,282,106,231,250,0,33,33,76,76,76,97,57,57,82,82,82],"floor_reached":51,"playtime":4237,"items_purged":["Strike_B","Strike_B"],"score":839,"play_id":"9ad31c0d-781c-48b0-8e92-def16363a039","local_time":"20190208194926","is_ascension_mode":true,"campfire_choices":[{"data":"Heatsinks","floor":7,"key":"SMITH"},{"data":"Loop","floor":10,"key":"SMITH"},{"data":"Capacitor","floor":12,"key":"SMITH"},{"data":"Zap","floor":15,"key":"SMITH"},{"data":"Fission","floor":28,"key":"SMITH"},{"data":"Capacitor","floor":30,"key":"SMITH"},{"data":"Heatsinks","floor":32,"key":"SMITH"},{"data":"Amplify","floor":41,"key":"SMITH"},{"data":"Creative AI","floor":44,"key":"SMITH"},{"floor":49,"key":"REST"}],"neow_cost":"NONE","seed_source_timestamp":802152249851241,"circlet_count":0,"master_deck":["Defend_B","Defend_B","Defend_B","Defend_B+1","Zap+1","Dualcast","Heatsinks+1","Capacitor+1","Coolheaded","Loop+1","Fission+1","Coolheaded+1","Defragment+1","Chaos","Capacitor+1","Darkness","Creative AI+1","Heatsinks+1","Amplify+1","Heatsinks+1","Defragment","Consume+1","Capacitor","Chaos+1","Static Discharge"],"relics":["FrozenCore","NeowsBlessing","Letter Opener","Cables","DataDisk","Meat on the Bone","Golden Idol","Blood Vial","Sundial","Bag of Preparation","Lantern","Lizard Tail","Unceasing Top","Red Mask","War Paint","Potion Belt","Darkstone Periapt"],"potions_floor_usage":[16,16,40,40,48,48,50,50],"damage_taken":[{"damage":0,"enemies":"Jaw Worm","floor":1,"turns":1},{"damage":0,"enemies":"Cultist","floor":4,"turns":1},{"damage":0,"enemies":"3 Sentries","floor":6,"turns":1},{"damage":1,"enemies":"Small Slimes","floor":8,"turns":2},{"damage":0,"enemies":"Blue Slaver","floor":11,"turns":4},{"damage":3,"enemies":"Lagavulin","floor":13,"turns":7},{"damage":31,"enemies":"The Guardian","floor":16,"turns":7},{"damage":9,"enemies":"2 Thieves","floor":18,"turns":5},{"damage":1,"enemies":"Spheric Guardian","floor":19,"turns":8},{"damage":0,"enemies":"Centurion and Healer","floor":20,"turns":12},{"damage":7,"enemies":"Gremlin Leader","floor":23,"turns":12},{"damage":11,"enemies":"Book of Stabbing","floor":25,"turns":7},{"damage":25,"enemies":"Snake Plant","floor":27,"turns":4},{"damage":0,"enemies":"Cultist and Chosen","floor":31,"turns":6},{"damage":0,"enemies":"Champ","floor":33,"turns":9},{"damage":7,"enemies":"3 Shapes","floor":35,"turns":5},{"damage":0,"enemies":"Mind Bloom Boss Battle","floor":37,"turns":9},{"damage":16,"enemies":"3 Darklings","floor":38,"turns":7},{"damage":37,"enemies":"Reptomancer","floor":40,"turns":7},{"damage":21,"enemies":"Nemesis","floor":42,"turns":7},{"damage":26,"enemies":"Sphere and 2 Shapes","floor":45,"turns":4},{"damage":10,"enemies":"Jaw Worm Horde","floor":48,"turns":9},{"damage":4,"enemies":"Time Eater","floor":50,"turns":10}],"seed_played":"-8595088821239178977","potions_obtained":[{"floor":4,"key":"Poison Potion"},{"floor":11,"key":"PowerPotion"},{"floor":16,"key":"GamblersBrew"},{"floor":31,"key":"EssenceOfSteel"},{"floor":33,"key":"Weak Potion"},{"floor":42,"key":"Dexterity Potion"},{"floor":45,"key":"Weak Potion"},{"floor":48,"key":"SkillPotion"}],"is_trial":false,"path_per_floor":["M","$","?","M","?","E","R","M","T","R","M","R","E","?","R","B",null,"M","M","M","$","?","E","$","E","T","M","R","?","R","M","R","B",null,"M","$","?","M","?","E","R","E","T","R","M","$","?","M","R","B",null],"character_chosen":"DEFECT","items_purchased":["Capacitor","Capacitor","Darkness","Defragment","Static Discharge"],"campfire_rested":1,"item_purchase_floors":[2,21,24,36,46],"current_hp_per_floor":[75,75,75,75,68,68,68,67,67,67,67,67,64,46,46,27,75,66,65,65,65,65,58,58,49,49,38,38,38,38,40,40,42,75,68,68,70,56,56,33,33,26,26,26,14,14,14,18,40,38],"gold":82,"neow_bonus":"THREE_ENEMY_KILL","is_prod":false,"is_daily":false,"chose_seed":false,"campfire_upgraded":9,"win_rate":0,"timestamp":1549617566,"path_taken":["M","$","?","?","?","E","R","M","T","R","M","R","E","?","R","BOSS","M","M","M","$","?","E","$","E","T","M","R","?","R","M","R","BOSS","M","$","?","M","?","E","R","E","T","R","M","$","?","M","R","BOSS"],"build_version":"2019-01-23","purchased_purges":2,"victory":true,"max_hp_per_floor":[75,75,75,75,75,75,75,75,75,75,75,75,75,75,75,75,75,75,75,75,75,75,75,75,75,75,75,75,75,75,75,75,75,75,75,75,75,75,75,75,75,75,75,75,75,75,75,75,75,75],"card_choices":[{"not_picked":["Barrage","Genetic Algorithm"],"picked":"Heatsinks","floor":1},{"not_picked":["Gash","Redo"],"picked":"Coolheaded","floor":4},{"not_picked":["Turbo","Go for the Eyes","Tempest"],"picked":"SKIP","floor":6},{"not_picked":["Static Discharge","Sweeping Beam"],"picked":"Loop","floor":8},{"not_picked":["Ball Lightning","Go for the Eyes","Hologram"],"picked":"SKIP","floor":11},{"not_picked":["Reprogram","Redo","Streamline"],"picked":"SKIP","floor":13},{"not_picked":["Seek","Multi-Cast"],"picked":"Fission","floor":16},{"not_picked":["Hologram","Lockon"],"picked":"Coolheaded","floor":18},{"not_picked":["Stack","Coolheaded+1"],"picked":"Defragment+1","floor":19},{"not_picked":["Steam","Sweeping Beam"],"picked":"Chaos","floor":20},{"not_picked":["Go for the Eyes","Barrage","Skim"],"picked":"SKIP","floor":23},{"not_picked":["Turbo+1","FTL+1"],"picked":"Creative AI","floor":25},{"not_picked":["Gash+1","Conserve Battery","Self Repair"],"picked":"SKIP","floor":27},{"not_picked":["Lockon","Steam+1","Heatsinks"],"picked":"SKIP","floor":31},{"not_picked":["Lockon","Steam+1"],"picked":"Heatsinks","floor":31},{"not_picked":["Hyperbeam","All For One"],"picked":"Amplify","floor":33},{"not_picked":["Chaos+1","Beam Cell"],"picked":"Heatsinks+1","floor":35},{"not_picked":["Aggregate","Chill+1"],"picked":"Consume+1","floor":37},{"not_picked":["Cold Snap+1","Compile Driver+1","Redo+1"],"picked":"SKIP","floor":38},{"not_picked":["Conserve Battery","Steam","Barrage"],"picked":"SKIP","floor":40},{"not_picked":["White Noise","Tempest+1"],"picked":"Capacitor","floor":42},{"not_picked":["Scrape","Hologram"],"picked":"Chaos+1","floor":45},{"not_picked":["Steam+1","Lockon","Stack"],"picked":"SKIP","floor":48}],"player_experience":549906,"relics_obtained":[{"floor":6,"key":"Cables"},{"floor":9,"key":"DataDisk"},{"floor":13,"key":"Meat on the Bone"},{"floor":23,"key":"Blood Vial"},{"floor":25,"key":"Sundial"},{"floor":26,"key":"Bag of Preparation"},{"floor":37,"key":"Unceasing Top"},{"floor":40,"key":"War Paint"},{"floor":42,"key":"Potion Belt"},{"floor":43,"key":"Darkstone Periapt"}],"event_choices":[{"cards_removed":["Strike_B"],"damage_healed":0,"gold_gain":0,"player_choice":"Offered Basic","damage_taken":0,"max_hp_gain":0,"max_hp_loss":0,"event_name":"Bonfire Elementals","floor":3,"gold_loss":0},{"damage_healed":0,"gold_gain":0,"player_choice":"Success","damage_taken":7,"relics_obtained":["Letter Opener"],"max_hp_gain":0,"max_hp_loss":0,"event_name":"Scrap Ooze","floor":5,"gold_loss":0},{"damage_healed":0,"gold_gain":0,"player_choice":"Take Damage","damage_taken":18,"relics_obtained":["Golden Idol"],"max_hp_gain":0,"max_hp_loss":0,"event_name":"Golden Idol","floor":14,"gold_loss":0},{"damage_healed":0,"gold_gain":0,"player_choice":"Ignored","damage_taken":0,"max_hp_gain":0,"max_hp_loss":0,"event_name":"Ghosts","floor":22,"gold_loss":0},{"damage_healed":0,"gold_gain":0,"player_choice":"Opened","damage_taken":0,"relics_obtained":["Lantern"],"max_hp_gain":0,"max_hp_loss":0,"event_name":"The Mausoleum","floor":29,"gold_loss":0},{"damage_healed":0,"gold_gain":0,"player_choice":"Fight","damage_taken":0,"max_hp_gain":0,"max_hp_loss":0,"event_name":"MindBloom","floor":37,"gold_loss":0},{"damage_healed":0,"gold_gain":0,"player_choice":"Paid","damage_taken":0,"relics_obtained":["Red Mask"],"max_hp_gain":0,"max_hp_loss":0,"event_name":"Tomb of Lord Red Mask","floor":39,"gold_loss":250},{"cards_removed":["Strike_B"],"damage_healed":0,"gold_gain":0,"player_choice":"Removed Attack","damage_taken":0,"max_hp_gain":0,"max_hp_loss":0,"event_name":"Falling","floor":47,"gold_loss":0}],"is_beta":false,"boss_relics":[{"not_picked":["Orrery","Ectoplasm"],"picked":"FrozenCore"},{"not_picked":["White Beast Statue","Calling Bell"],"picked":"Lizard Tail"}],"items_purged_floors":[21,36],"is_endless":false,"potions_floor_spawned":[4,11,16,31,33,42,45,48],"ascension_level":1}