{"gold_per_floor":[211,230,305,321,159,184,32,44,124,188,188,207,220,25,25,122,122,137,34,234,251,270,270,283,283],"floor_reached":25,"playtime":1398,"items_purged":["Strike_R","Strike_R","Strike_R"],"score":302,"play_id":"e38c6176-c705-45ce-a094-6405f821efd8","local_time":"20180719173326","is_ascension_mode":true,"campfire_choices":[{"floor":11,"key":"REST"},{"data":"Bash","floor":15,"key":"SMITH"},{"floor":23,"key":"REST"}],"neow_cost":"NONE","seed_source_timestamp":499056345774668,"circlet_count":0,"master_deck":["Strike_R","Strike_R","Defend_R","Defend_R","Defend_R","Defend_R","Bash+1","Clothesline","Shrug It Off","Spot Weakness","Pummel","True Grit","Shrug It Off","Flex","Rampage","Evolve","Feed","Headbutt","Heavy Blade","Heavy Blade+1"],"relics":["Burning Blood","Magic Flower","Oddly Smooth Stone","Smiling Mask","Happy Flower","Strawberry","Runic Cube"],"potions_floor_usage":[6,10,16,16,16,18,25],"damage_taken":[{"damage":3,"enemies":"2 Louse","floor":1,"turns":2},{"damage":7,"enemies":"Jaw Worm","floor":2,"turns":3},{"damage":12,"enemies":"Small Slimes","floor":4,"turns":4},{"damage":30,"enemies":"Lagavulin","floor":6,"turns":6},{"damage":8,"enemies":"Looter","floor":8,"turns":3},{"damage":22,"enemies":"Lagavulin Event","floor":10,"turns":6},{"damage":3,"enemies":"3 Louse","floor":12,"turns":4},{"damage":13,"enemies":"Exordium Wildlife","floor":13,"turns":4},{"damage":60,"enemies":"Hexaghost","floor":16,"turns":11},{"damage":20,"enemies":"Shell Parasite","floor":18,"turns":5},{"damage":25,"enemies":"3 Byrds","floor":21,"turns":6},{"damage":13,"enemies":"Centurion and Healer","floor":22,"turns":6},{"damage":55,"enemies":"Sentry and Sphere","floor":24,"turns":6},{"damage":51,"enemies":"Book of Stabbing","floor":25,"turns":4}],"seed_played":"4404686851592188851","potions_obtained":[{"floor":1,"key":"Energy Potion"},{"floor":8,"key":"Swift Potion"},{"floor":10,"key":"SteroidPotion"},{"floor":12,"key":"AttackPotion"},{"floor":13,"key":"Regen Potion"},{"floor":16,"key":"BloodPotion"},{"floor":22,"key":"Swift Potion"},{"floor":24,"key":"Fire Potion"}],"is_trial":false,"path_per_floor":["M","M","?","M","$","E","$","M","T","?","R","M","M","$","R","B",null,"M","$","?","M","M","R","M"],"character_chosen":"IRONCLAD","items_purchased":["Pummel","True Grit","Oddly Smooth Stone","Strawberry","Headbutt"],"campfire_rested":2,"item_purchase_floors":[5,5,7,14,19],"current_hp_per_floor":[75,74,63,57,57,33,33,34,34,21,45,51,47,54,54,33,74,80,80,80,64,65,92,50,0],"gold":283,"neow_bonus":"HUNDRED_GOLD","is_prod":false,"is_daily":false,"chose_seed":false,"campfire_upgraded":1,"win_rate":0,"timestamp":1532036006,"path_taken":["M","M","?","M","$","E","$","M","T","?","R","M","M","$","R","BOSS","M","$","?","M","M","R","M","E"],"build_version":"2018-07-12","purchased_purges":3,"victory":false,"max_hp_per_floor":[80,80,80,80,80,80,80,80,80,80,80,80,80,87,87,87,87,90,90,90,90,93,93,96,96],"card_choices":[{"not_picked":["Infernal Blade","Blood for Blood"],"picked":"Clothesline","floor":1},{"not_picked":["Battle Trance","Entrench"],"picked":"Shrug It Off","floor":2},{"not_picked":["Clash","Cleave"],"picked":"Spot Weakness","floor":4},{"not_picked":["Feel No Pain","Sentinel"],"picked":"Shrug It Off","floor":6},{"not_picked":["Cleave","Havoc"],"picked":"Flex","floor":8},{"not_picked":["Fire Breathing","Burning Pact"],"picked":"Rampage","floor":10},{"not_picked":["Infernal Blade","Iron Wave"],"picked":"Evolve","floor":12},{"not_picked":["Sword Boomerang","Body Slam","Fire Breathing"],"picked":"SKIP","floor":13},{"not_picked":["Berserk","Brutality"],"picked":"Feed","floor":16},{"not_picked":["Infernal Blade+1","Entrench+1","Iron Wave"],"picked":"SKIP","floor":18},{"not_picked":["Sentinel+1","Warcry","Perfected Strike"],"picked":"SKIP","floor":21},{"not_picked":["Bloodletting","Wild Strike"],"picked":"Heavy Blade","floor":22},{"not_picked":["Feel No Pain","Havoc"],"picked":"Heavy Blade+1","floor":24}],"player_experience":1173535,"relics_obtained":[{"floor":6,"key":"Magic Flower"},{"floor":9,"key":"Smiling Mask"},{"floor":10,"key":"Happy Flower"}],"event_choices":[{"event_name":"World of Goop","player_choice":"Gather Gold","floor":3,"damage_taken":0},{"event_name":"Dead Adventurer","player_choice":"Searched \u00271\u0027 times","floor":10,"damage_taken":0},{"event_name":"Wheel of Change","player_choice":"Gold","floor":20,"damage_taken":0}],"boss_relics":[{"not_picked":["Black Star","Tiny House"],"picked":"Runic Cube"}],"items_purged_floors":[5,14,19],"is_endless":false,"potions_floor_spawned":[1,8,10,12,13,16,22,24],"killed_by":"Book of Stabbing","ascension_level":7}