{"gold_per_floor":[119,136,136,159,177,177,220,220,271,235,251,276,276,231,231,231],"floor_reached":16,"playtime":739,"items_purged":[],"score":153,"play_id":"852b815c-848f-499e-a9a9-1f80c655264b","local_time":"20181216171554","is_ascension_mode":true,"campfire_choices":[{"data":"Neutralize","floor":6,"key":"SMITH"},{"data":"Burst","floor":8,"key":"SMITH"},{"data":"Dagger Spray","floor":13,"key":"SMITH"},{"floor":15,"key":"REST"}],"neow_cost":"TEN_PERCENT_HP_LOSS","seed_source_timestamp":275654952580307,"circlet_count":0,"master_deck":["AscendersBane","Defend_G","Defend_G","Defend_G","Defend_G","Defend_G","Strike_G","Strike_G","Strike_G","Survivor","Neutralize+1","PiercingWail","Infinite Blades","Quick Slash","Burst+1","Infinite Blades","Dagger Spray+1","Flechettes"],"relics":["Ring of the Snake","Golden Idol","Question Card","Orichalcum"],"potions_floor_usage":[12,16],"damage_taken":[{"damage":1,"enemies":"Cultist","floor":1,"turns":4},{"damage":4,"enemies":"Jaw Worm","floor":2,"turns":10},{"damage":2,"enemies":"Small Slimes","floor":4,"turns":6},{"damage":20,"enemies":"Exordium Wildlife","floor":5,"turns":10},{"damage":20,"enemies":"3 Sentries","floor":7,"turns":11},{"damage":7,"enemies":"2 Fungi Beasts","floor":11,"turns":5},{"damage":0,"enemies":"Large Slime","floor":12,"turns":5},{"damage":2,"enemies":"Looter","floor":14,"turns":5},{"damage":28,"enemies":"Slime Boss","floor":16,"turns":6}],"seed_played":"-2128336849152982007","potions_obtained":[{"floor":4,"key":"Ancient Potion"},{"floor":7,"key":"AttackPotion"},{"floor":11,"key":"SpeedPotion"}],"is_trial":false,"path_per_floor":["M","M","?","M","M","R","E","R","T","?","M","M","R","M","R","B"],"character_chosen":"THE_SILENT","items_purchased":[],"campfire_rested":1,"item_purchase_floors":[],"current_hp_per_floor":[62,58,58,56,36,36,16,16,16,16,9,9,9,7,24,0],"gold":231,"neow_bonus":"REMOVE_TWO","is_prod":false,"is_daily":false,"chose_seed":false,"campfire_upgraded":3,"win_rate":0,"timestamp":1544976954,"path_taken":["M","M","?","M","M","R","E","R","T","?","M","M","R","M","R","BOSS"],"build_version":"2018-12-13","purchased_purges":0,"victory":false,"max_hp_per_floor":[63,63,58,58,58,58,58,58,58,58,58,58,58,58,58,58],"card_choices":[{"not_picked":["Dagger Spray","Bane"],"picked":"PiercingWail","floor":1},{"not_picked":["Caltrops","Deflect"],"picked":"Infinite Blades","floor":2},{"not_picked":["Heel Hook","Underhanded Strike","Poisoned Stab"],"picked":"SKIP","floor":4},{"not_picked":["Masterful Stab","Outmaneuver"],"picked":"Quick Slash","floor":5},{"not_picked":["Expertise","PiercingWail"],"picked":"Burst","floor":7},{"not_picked":["Distraction","Sucker Punch","Slice"],"picked":"Infinite Blades","floor":11},{"not_picked":["Dagger Throw","Reflex","Sucker Punch"],"picked":"Dagger Spray","floor":12},{"not_picked":["Quick Slash","Poisoned Stab","Endless Agony"],"picked":"Flechettes","floor":14}],"player_experience":1147542,"relics_obtained":[{"floor":7,"key":"Question Card"},{"floor":9,"key":"Orichalcum"}],"event_choices":[{"damage_healed":0,"gold_gain":0,"player_choice":"Lose Max HP","damage_taken":0,"relics_obtained":["Golden Idol"],"max_hp_gain":0,"max_hp_loss":5,"event_name":"Golden Idol","floor":3,"gold_loss":0},{"damage_healed":0,"gold_gain":0,"player_choice":"Left Gold","damage_taken":0,"max_hp_gain":0,"max_hp_loss":0,"event_name":"World of Goop","floor":10,"gold_loss":36}],"is_beta":false,"boss_relics":[],"items_purged_floors":[],"is_endless":false,"potions_floor_spawned":[4,7,11],"killed_by":"Slime Boss","ascension_level":10}