{"gold_per_floor":[116,135,60,8,19,19,39,39,117,19,30,30,40,59,59,130,130,148,168,168,41,57,75,86,86,112,128,141,141,155,155,155,233,233,250,250,250,173,187,187,201,201,201,201],"floor_reached":44,"playtime":2469,"items_purged":["Strike_G"],"score":732,"play_id":"084c471c-536e-4780-b099-ccf6e7e19cf4","local_time":"20190118144236","is_ascension_mode":true,"campfire_choices":[{"data":"Neutralize","floor":6.0,"key":"SMITH"},{"data":"Cloak And Dagger","floor":8.0,"key":"SMITH"},{"floor":12.0,"key":"REST"},{"data":"Flechettes","floor":15.0,"key":"SMITH"},{"floor":25.0,"key":"REST"},{"data":"Footwork","floor":29.0,"key":"SMITH"},{"data":"Terror","floor":32.0,"key":"SMITH"},{"data":"Accuracy","floor":40,"key":"SMITH"}],"neow_cost":"NONE","seed_source_timestamp":1171371877863116,"circlet_count":0,"master_deck":["AscendersBane","Defend_G","Defend_G","Defend_G","Defend_G","Defend_G","Survivor","Neutralize+1","Deadly Poison","Predator","Cloak And Dagger+1","Blind+1","Prepared","Flechettes+1","Blade Dance","After Image","Dodge and Roll","Crippling Poison","Footwork+1","Envenom","Blur","Heel Hook+1","Accuracy+1","Terror+1","Escape Plan","Bite","Bite","Bite","Bite","Bite","Die Die Die","Accuracy","Underhanded Strike+1"],"special_seed":0,"relics":["Ring of the Snake","Vajra","Potion Belt","Odd Mushroom","Dodecahedron","Philosopher\u0027s Stone","Dream Catcher","Sozu","Frozen Egg 2"],"potions_floor_usage":[],"damage_taken":[{"damage":9.0,"enemies":"Jaw Worm","floor":1.0,"turns":5.0},{"damage":1.0,"enemies":"Cultist","floor":2.0,"turns":4.0},{"damage":2.0,"enemies":"2 Louse","floor":5.0,"turns":3.0},{"damage":14.0,"enemies":"The Mushroom Lair","floor":7.0,"turns":4.0},{"damage":17.0,"enemies":"Exordium Wildlife","floor":11.0,"turns":5.0},{"damage":0.0,"enemies":"Red Slaver","floor":13.0,"turns":4.0},{"damage":9.0,"enemies":"Large Slime","floor":14.0,"turns":5.0},{"damage":23.0,"enemies":"Hexaghost","floor":16.0,"turns":11.0},{"damage":1.0,"enemies":"3 Byrds","floor":18.0,"turns":6.0},{"damage":7.0,"enemies":"2 Thieves","floor":19.0,"turns":4.0},{"damage":0.0,"enemies":"Centurion and Healer","floor":22.0,"turns":7.0},{"damage":4.0,"enemies":"Shelled Parasite and Fungi","floor":23.0,"turns":8.0},{"damage":13.0,"enemies":"Sentry and Sphere","floor":24.0,"turns":7.0},{"damage":8.0,"enemies":"Snecko","floor":27.0,"turns":8.0},{"damage":30.0,"enemies":"Snake Plant","floor":28.0,"turns":5.0},{"damage":6.0,"enemies":"Cultist and Chosen","floor":30.0,"turns":7.0},{"damage":2.0,"enemies":"Champ","floor":33.0,"turns":13.0},{"damage":2.0,"enemies":"Orb Walker","floor":35.0,"turns":3.0},{"damage":14,"enemies":"3 Darklings","floor":39,"turns":8},{"damage":34,"enemies":"Transient","floor":41,"turns":5},{"damage":25,"enemies":"Reptomancer","floor":44,"turns":2}],"seed_played":"2887878970887256430","potions_obtained":[{"floor":1.0,"key":"Strength Potion"},{"floor":11.0,"key":"Swift Potion"},{"floor":16.0,"key":"Swift Potion"},{"floor":18.0,"key":"EntropicBrew"},{"floor":23.0,"key":"FearPotion"},{"floor":24.0,"key":"Regen Potion"},{"floor":30.0,"key":"Ancient Potion"}],"is_trial":false,"path_per_floor":["M","M","$","?","M","R","?","R","T","$","M","R","M","M","R","B",null,"M","M","?","$","M","M","M","R","T","M","M","R","M","?","R","B",null,"M","?","?","$","M","R","M","?","T","E"],"character_chosen":"THE_SILENT","items_purchased":["Blind","Footwork","PowerPotion","Accuracy"],"campfire_rested":2,"item_purchase_floors":[10,21,21,38],"current_hp_per_floor":[50,49,49,49,47,47,33,33,33,33,16,35,35,26,26,3,50,49,42,42,42,42,38,25,44,44,36,20,20,14,14,14,40,45,44,44,44,44,44,44,20,20,20,0],"gold":201,"neow_bonus":"RANDOM_COMMON_RELIC","is_prod":false,"is_daily":false,"chose_seed":false,"campfire_upgraded":6,"win_rate":0,"timestamp":1547790156,"path_taken":["M","M","$","?","?","R","?","R","T","?","M","R","?","M","R","BOSS","M","M","?","$","?","M","M","R","T","M","?","R","M","?","R","BOSS","M","?","?","$","?","R","M","?","T","E"],"build_version":"2019-01-17","purchased_purges":1,"victory":false,"max_hp_per_floor":[66,66,66,66,66,66,66,66,66,66,66,66,66,66,66,66,66,66,66,66,66,66,66,66,66,66,66,66,66,66,46,46,46,46,46,46,46,46,46,46,46,44,44,44],"card_choices":[{"not_picked":["Reflex","Flechettes"],"picked":"Deadly Poison","floor":1.0},{"not_picked":["Poisoned Stab","Heel Hook"],"picked":"Predator","floor":2.0},{"not_picked":["Blade Dance","Slice","Poisoned Stab"],"picked":"SKIP","floor":5.0},{"not_picked":["Backstab","Sucker Punch"],"picked":"Cloak And Dagger","floor":7.0},{"not_picked":["Backstab","Bane"],"picked":"Prepared","floor":11.0},{"not_picked":["Deadly Poison","Sucker Punch"],"picked":"Flechettes","floor":13.0},{"not_picked":["Deadly Poison","Sucker Punch"],"picked":"Blade Dance","floor":14.0},{"not_picked":["Burst","Envenom"],"picked":"After Image","floor":16.0},{"not_picked":["Blade Dance","Quick Slash"],"picked":"Dodge and Roll","floor":18.0},{"not_picked":["Heel Hook","Deflect"],"picked":"Crippling Poison","floor":19.0},{"not_picked":["Heel Hook","Bane"],"picked":"Envenom","floor":22.0},{"not_picked":["Flying Knee","Acrobatics"],"picked":"Blur","floor":23.0},{"not_picked":["Distraction","Dodge and Roll+1"],"picked":"Heel Hook+1","floor":24.0},{"not_picked":["Caltrops","Quick Slash"],"picked":"Accuracy","floor":27.0},{"not_picked":["Dagger Spray","Predator"],"picked":"Terror","floor":28.0},{"not_picked":["Blade Dance","PiercingWail+1"],"picked":"Escape Plan","floor":30.0},{"not_picked":["Corpse Explosion","Glass Knife"],"picked":"Die Die Die","floor":33.0},{"not_picked":["Poisoned Stab","Slice+1","Acrobatics"],"picked":"SKIP","floor":35.0},{"not_picked":["Sucker Punch","Prepared+1","Blade Dance+1"],"picked":"SKIP","floor":39},{"not_picked":["Bullet Time","Cloak And Dagger+1"],"picked":"Underhanded Strike+1","floor":41}],"player_experience":400403,"relics_obtained":[{"floor":7.0,"key":"Odd Mushroom"},{"floor":9.0,"key":"Dodecahedron"},{"floor":26.0,"key":"Dream Catcher"},{"floor":43,"key":"Frozen Egg 2"}],"event_choices":[{"damage_healed":0.0,"max_hp_gain":0.0,"max_hp_loss":0.0,"gold_gain":0.0,"event_name":"WeMeetAgain","player_choice":"Paid Gold","floor":4.0,"gold_loss":52.0,"damage_taken":0.0,"relics_obtained":["Potion Belt"]},{"damage_healed":0.0,"max_hp_gain":0.0,"max_hp_loss":0.0,"gold_gain":0.0,"event_name":"Mushrooms","player_choice":"Fought Mushrooms","floor":7.0,"gold_loss":0.0,"damage_taken":0.0},{"damage_healed":0.0,"max_hp_gain":0.0,"max_hp_loss":0.0,"gold_gain":0.0,"event_name":"Match and Keep!","player_choice":"0 cards matched","floor":20.0,"gold_loss":0.0,"damage_taken":0.0,"cards_obtained":[]},{"damage_healed":0.0,"max_hp_gain":0.0,"max_hp_loss":20.0,"gold_gain":0.0,"event_name":"Vampires","player_choice":"Became a vampire","floor":31.0,"gold_loss":0.0,"damage_taken":0.0,"cards_obtained":["Bite","Bite","Bite","Bite","Bite"]},{"damage_healed":0.0,"max_hp_gain":0.0,"max_hp_loss":0.0,"gold_gain":0.0,"event_name":"Tomb of Lord Red Mask","player_choice":"Ignored","floor":36.0,"gold_loss":0.0,"damage_taken":0.0},{"damage_healed":0.0,"max_hp_gain":0.0,"max_hp_loss":0.0,"gold_gain":0.0,"event_name":"Upgrade Shrine","player_choice":"Upgraded","floor":37.0,"gold_loss":0.0,"damage_taken":0.0,"cards_upgraded":["Blind"]},{"damage_healed":0,"gold_gain":0,"player_choice":"Max HP","damage_taken":0,"max_hp_gain":0,"max_hp_loss":2,"event_name":"Winding Halls","floor":42,"gold_loss":0}],"is_beta":false,"boss_relics":[{"not_picked":["Empty Cage","Runic Pyramid"],"picked":"Philosopher\u0027s Stone"},{"not_picked":["HoveringKite","Coffee Dripper"],"picked":"Sozu"}],"items_purged_floors":[3],"is_endless":false,"potions_floor_spawned":[1,11,16,18,23,24,30,39],"killed_by":"Reptomancer","ascension_level":15}