{"path_per_floor":["M","M","$","M","M","E","R","M","T","E","R","$","?","E","R","B",null,"M","$","M","$","?","E","R","$","T","M","E","M","M","?","R","B",null,"M","M","M","$","M","E","R","E","T","R","$","R","M","M","R","B"],"character_chosen":"IRONCLAD","items_purchased":["Medical Kit","Impervious","Oddly Smooth Stone","FearPotion","Offering","SpeedPotion"],"gold_per_floor":[369,379,102,113,123,153,153,166,166,199,199,22,22,57,57,155,155,168,43,60,60,60,89,89,89,115,133,165,181,198,297,297,402,402,419,429,441,87,105,130,130,158,158,158,41,41,59,75,75,75],"floor_reached":51,"campfire_rested":3,"playtime":7607,"item_purchase_floors":[3,12,38,38,45,45],"current_hp_per_floor":[72,72,72,71,74,60,60,65,65,46,46,46,46,39,64,29,84,87,87,85,85,85,68,68,68,68,68,49,34,39,39,39,56,90,73,49,43,43,47,42,42,25,25,56,56,87,61,66,66,56],"items_purged":["Strike_R","Strike_R","Strike_R","Strike_R"],"gold":75,"score":828,"play_id":"089cb31d-c5b0-4f2b-9777-3d418a720c64","local_time":"20180625204447","is_prod":false,"is_daily":false,"chose_seed":false,"is_ascension_mode":true,"campfire_upgraded":6,"win_rate":0,"timestamp":1529977487,"campfire_choices":[{"data":"Uppercut","floor":7,"key":"SMITH"},{"data":"Shockwave","floor":11,"key":"SMITH"},{"floor":15,"key":"REST"},{"data":"Demon Form","floor":24,"key":"SMITH"},{"data":"Feel No Pain","floor":32,"key":"SMITH"},{"data":"Whirlwind","floor":41,"key":"SMITH"},{"floor":44,"key":"REST"},{"floor":46,"key":"REST"},{"data":"Offering","floor":49,"key":"SMITH"}],"path_taken":["M","M","$","M","M","E","R","M","T","E","R","$","?","E","R","BOSS","M","$","M","?","?","E","R","?","T","M","E","M","?","?","R","BOSS","M","M","M","$","M","E","R","E","T","R","?","R","M","M","R","BOSS"],"build_version":"2018-06-21","seed_source_timestamp":539984183333748,"purchased_purges":4,"circlet_count":0,"victory":true,"master_deck":["Strike_R","Defend_R","Defend_R","Defend_R","Bash","Anger","Feed","Uppercut+1","Whirlwind+1","Sword Boomerang","Shockwave+1","Feel No Pain+1","Impervious","Power Through","Fiend Fire","Demon Form+1","True Grit","Feed","Pummel+1","Fiend Fire","Flame Barrier+1","Iron Wave+1","Offering+1","Armaments+1"],"max_hp_per_floor":[72,72,72,72,75,78,78,81,81,81,81,81,81,84,84,84,84,87,87,87,87,87,87,87,87,87,87,87,87,90,90,90,90,90,93,93,101,101,101,104,104,104,104,104,104,104,104,110,110,110],"relics":["Burning Blood","Medical Kit","Question Card","Bottled Flame","Bottled Lightning","Letter Opener","Busted Crown","Gambling Chip","Potion Belt","Pantograph","Lizard Tail","Oddly Smooth Stone","Thread and Needle","Orichalcum","Kunai"],"card_choices":[{"not_picked":["Iron Wave","Heavy Blade"],"picked":"Anger","floor":1},{"not_picked":["Sword Boomerang","Whirlwind"],"picked":"Feed","floor":2},{"not_picked":["Searing Blow","Clash"],"picked":"Uppercut","floor":4},{"not_picked":["True Grit","Perfected Strike"],"picked":"Whirlwind","floor":5},{"not_picked":["Cleave","Bloodletting"],"picked":"Sword Boomerang","floor":6},{"not_picked":["Thunderclap","Iron Wave","Perfected Strike"],"picked":"Shockwave","floor":8},{"not_picked":["Body Slam","Twin Strike","True Grit"],"picked":"Feel No Pain","floor":10},{"not_picked":["Flex","Twin Strike","Whirlwind"],"picked":"Power Through","floor":14},{"not_picked":["Feed","Demon Form","Brutality"],"picked":"Fiend Fire","floor":16},{"not_picked":["Anger","Headbutt+1"],"picked":"SKIP","floor":18},{"not_picked":["Intimidate","Armaments"],"picked":"SKIP","floor":20},{"not_picked":["True Grit"],"picked":"Demon Form","floor":23},{"not_picked":["Fire Breathing"],"picked":"True Grit","floor":27},{"not_picked":["Iron Wave"],"picked":"Feed","floor":28},{"not_picked":["Iron Wave"],"picked":"Pummel+1","floor":29},{"not_picked":["Perfected Strike","Uppercut"],"picked":"SKIP","floor":30},{"not_picked":["Berserk"],"picked":"Fiend Fire","floor":33},{"not_picked":["Twin Strike","Flex"],"picked":"SKIP","floor":35},{"not_picked":["Flex+1"],"picked":"Flame Barrier+1","floor":36},{"not_picked":["Rupture","Headbutt+1"],"picked":"SKIP","floor":37},{"not_picked":["Seeing Red"],"picked":"Iron Wave+1","floor":39},{"not_picked":["Heavy Blade+1","Rage+1"],"picked":"SKIP","floor":40},{"not_picked":["Cleave+1","Blood for Blood+1"],"picked":"SKIP","floor":42},{"not_picked":["Flame Barrier"],"picked":"Armaments+1","floor":47},{"not_picked":["Clash","Uppercut+1"],"picked":"SKIP","floor":48}],"player_experience":52948,"potions_floor_usage":[10,14,23,33,33,33,37,40,40,50,50,50],"damage_taken":[{"damage":3,"enemies":"Cultist","floor":1,"turns":5},{"damage":1,"enemies":"2 Louse","floor":2,"turns":3},{"damage":7,"enemies":"Jaw Worm","floor":4,"turns":4},{"damage":6,"enemies":"2 Fungi Beasts","floor":5,"turns":4},{"damage":23,"enemies":"3 Sentries","floor":6,"turns":7},{"damage":4,"enemies":"Blue Slaver","floor":8,"turns":3},{"damage":25,"enemies":"Lagavulin","floor":10,"turns":8},{"damage":16,"enemies":"3 Sentries","floor":14,"turns":5},{"damage":41,"enemies":"Slime Boss","floor":16,"turns":11},{"damage":3,"enemies":"3 Byrds","floor":18,"turns":5},{"damage":8,"enemies":"Spheric Guardian","floor":20,"turns":7},{"damage":23,"enemies":"Book of Stabbing","floor":23,"turns":6},{"damage":6,"enemies":"Snecko","floor":27,"turns":5},{"damage":25,"enemies":"Slavers","floor":28,"turns":5},{"damage":21,"enemies":"Snake Plant","floor":29,"turns":7},{"damage":4,"enemies":"Centurion and Healer","floor":30,"turns":6},{"damage":14,"enemies":"Collector","floor":33,"turns":6},{"damage":26,"enemies":"3 Shapes","floor":35,"turns":6},{"damage":30,"enemies":"3 Darklings","floor":36,"turns":5},{"damage":20,"enemies":"Maw","floor":37,"turns":7},{"damage":2,"enemies":"Transient","floor":39,"turns":5},{"damage":14,"enemies":"Nemesis","floor":40,"turns":9},{"damage":23,"enemies":"Giant Head","floor":42,"turns":8},{"damage":32,"enemies":"Flame Bruiser 2 Orb","floor":47,"turns":7},{"damage":7,"enemies":"Sphere and 2 Shapes","floor":48,"turns":8},{"damage":41,"enemies":"Awakened One","floor":50,"turns":9}],"relics_obtained":[{"floor":6,"key":"Question Card"},{"floor":9,"key":"Bottled Flame"},{"floor":10,"key":"Bottled Lightning"},{"floor":14,"key":"Letter Opener"},{"floor":23,"key":"Gambling Chip"},{"floor":26,"key":"Potion Belt"},{"floor":28,"key":"Pantograph"},{"floor":40,"key":"Thread and Needle"},{"floor":42,"key":"Orichalcum"},{"floor":43,"key":"Kunai"}],"event_choices":[{"event_name":"The Cleric","player_choice":"Leave","floor":13,"damage_taken":0},{"event_name":"Back to Basics","player_choice":"Elegance","floor":22,"damage_taken":0},{"event_name":"Nest","player_choice":"Stole From Cult","floor":31,"damage_taken":0}],"boss_relics":[{"not_picked":["Empty Cage","Tiny House"],"picked":"Busted Crown"},{"not_picked":["Philosopher\u0027s Stone","White Beast Statue"],"picked":"Lizard Tail"}],"items_purged_floors":[3,12,19,38],"is_endless":false,"potions_floor_spawned":[6,8,10,16,23,28,29,30,36,40,42],"seed_played":"-8149259326999695506","ascension_level":1,"potions_obtained":[{"floor":6,"key":"Block Potion"},{"floor":8,"key":"Explosive Potion"},{"floor":10,"key":"Energy Potion"},{"floor":16,"key":"LiquidBronze"},{"floor":23,"key":"Poison Potion"},{"floor":28,"key":"Swift Potion"},{"floor":29,"key":"Energy Potion"},{"floor":30,"key":"LiquidBronze"},{"floor":36,"key":"Fruit Juice"},{"floor":40,"key":"Ancient Potion"},{"floor":42,"key":"FearPotion"}],"is_trial":false}