{"gold_per_floor":[116,116,130,55,5,34,34,61,61,61,61,89,107,107,107,210,210,225,235,12,12,22,82,82,82],"floor_reached":25,"playtime":1591,"items_purged":["Regret"],"score":295,"play_id":"d5e0b387-f4b0-49c7-bf6a-a3e7233bd832","local_time":"20190214005836","is_ascension_mode":true,"campfire_choices":[{"floor":7.0,"key":"REST"},{"floor":10.0,"key":"REST"},{"floor":15.0,"key":"REST"},{"floor":24.0,"key":"REST"}],"neow_cost":"CURSE","seed_source_timestamp":19285570953946,"circlet_count":0,"master_deck":["Strike_B+1","Strike_B+1","Strike_B","Defend_B","Defend_B","Defend_B","Defend_B","Zap","Dualcast","Rainbow+1","Tempest","Sweeping Beam","Fusion+1","Capacitor","Conserve Battery+1","Electrodynamics","Go for the Eyes","Consume+1","Rainbow+1","Redo+1","Chill+1"],"special_seed":0,"relics":["Cracked Core","Toxic Egg 2","Oddly Smooth Stone","Blue Candle","Odd Mushroom","Black Star","DollysMirror","Juzu Bracelet","Tiny Chest"],"potions_floor_usage":[25],"damage_taken":[{"damage":5.0,"enemies":"2 Louse","floor":1.0,"turns":2.0},{"damage":9.0,"enemies":"Jaw Worm","floor":3.0,"turns":3.0},{"damage":23.0,"enemies":"Gremlin Nob","floor":6.0,"turns":4.0},{"damage":29.0,"enemies":"3 Sentries","floor":8.0,"turns":6.0},{"damage":19.0,"enemies":"The Mushroom Lair","floor":12.0,"turns":3.0},{"damage":0.0,"enemies":"Small Slimes","floor":13.0,"turns":2.0},{"damage":18.0,"enemies":"Hexaghost","floor":16.0,"turns":10.0},{"damage":15.0,"enemies":"Spheric Guardian","floor":18.0,"turns":4.0},{"damage":16.0,"enemies":"Shell Parasite","floor":19.0,"turns":6.0},{"damage":33.0,"enemies":"Centurion and Healer","floor":22.0,"turns":8.0},{"damage":18.0,"enemies":"Gremlin Leader","floor":23.0,"turns":6.0},{"damage":25,"enemies":"Book of Stabbing","floor":25,"turns":5}],"seed_played":"-8403835612481811002","potions_obtained":[{"floor":1.0,"key":"Strength Potion"},{"floor":3.0,"key":"GamblersBrew"},{"floor":13.0,"key":"Weak Potion"},{"floor":16.0,"key":"PowerPotion"},{"floor":18.0,"key":"FocusPotion"},{"floor":23.0,"key":"SpeedPotion"}],"is_trial":false,"path_per_floor":["M","?","M","$","?","E","R","E","T","R","$","?","M","?","R","B",null,"M","M","$","?","M","E","R","E"],"character_chosen":"DEFECT","items_purchased":["DollysMirror","Redo+1"],"campfire_rested":4,"item_purchase_floors":[20,20],"current_hp_per_floor":[63,48,39,39,39,16,38,9,9,31,31,12,12,12,34,16,60,45,29,29,54,21,3,25,0],"gold":82,"neow_bonus":"THREE_RARE_CARDS","is_prod":false,"is_daily":false,"chose_seed":false,"campfire_upgraded":0,"win_rate":0,"timestamp":1550068116,"path_taken":["M","?","M","$","?","E","R","E","T","R","?","?","M","?","R","BOSS","M","M","$","?","M","E","R","E"],"build_version":"2019-01-23","purchased_purges":1,"victory":false,"max_hp_per_floor":[75,75,75,75,75,75,75,75,75,75,75,75,75,75,75,75,75,75,75,75,75,75,75,75,75],"card_choices":[{"not_picked":["Machine Learning","Reboot"],"picked":"Rainbow","floor":0.0},{"not_picked":["Gash","Stack"],"picked":"Tempest","floor":1.0},{"not_picked":["Barrage","Steam Power"],"picked":"Sweeping Beam","floor":3.0},{"not_picked":["Redo","Force Field","Skim"],"picked":"SKIP","floor":6.0},{"not_picked":["Go for the Eyes","Reprogram+1"],"picked":"Fusion+1","floor":8.0},{"not_picked":["Rip and Tear","Beam Cell"],"picked":"Capacitor","floor":12.0},{"not_picked":["Ball Lightning","Rebound"],"picked":"Conserve Battery+1","floor":13.0},{"not_picked":["Rainbow+1","Amplify+1"],"picked":"Electrodynamics","floor":16.0},{"not_picked":["Ball Lightning","Blizzard"],"picked":"Go for the Eyes","floor":18.0},{"not_picked":["Beam Cell","Sweeping Beam+1"],"picked":"Consume+1","floor":19.0},{"not_picked":["Go for the Eyes","Rebound+1","Steam+1"],"picked":"SKIP","floor":22.0},{"not_picked":["Heatsinks","Defragment+1"],"picked":"Chill+1","floor":23.0}],"player_experience":582784,"relics_obtained":[{"floor":6.0,"key":"Toxic Egg 2"},{"floor":8.0,"key":"Oddly Smooth Stone"},{"floor":9.0,"key":"Blue Candle"},{"floor":12.0,"key":"Odd Mushroom"},{"floor":23.0,"key":"Juzu Bracelet"},{"floor":23.0,"key":"Tiny Chest"}],"event_choices":[{"damage_healed":0.0,"max_hp_gain":0.0,"max_hp_loss":0.0,"gold_gain":0.0,"event_name":"Shining Light","player_choice":"Entered Light","floor":2.0,"gold_loss":0.0,"damage_taken":15.0,"cards_upgraded":["Strike_B","Strike_B"]},{"cards_removed":["Strike_B"],"damage_healed":0.0,"max_hp_gain":0.0,"max_hp_loss":0.0,"gold_gain":0.0,"event_name":"The Cleric","player_choice":"Card Removal","floor":5.0,"gold_loss":50.0,"damage_taken":0.0},{"damage_healed":0.0,"max_hp_gain":0.0,"max_hp_loss":0.0,"gold_gain":0.0,"event_name":"Mushrooms","player_choice":"Fought Mushrooms","floor":12.0,"gold_loss":0.0,"damage_taken":0.0},{"damage_healed":0.0,"max_hp_gain":0.0,"max_hp_loss":0.0,"gold_gain":0.0,"event_name":"Living Wall","player_choice":"Grow","floor":14.0,"gold_loss":0.0,"damage_taken":0.0,"cards_upgraded":["Rainbow"]},{"damage_healed":25.0,"max_hp_gain":0.0,"max_hp_loss":0.0,"gold_gain":0.0,"event_name":"The Library","player_choice":"Heal","floor":21.0,"gold_loss":0.0,"damage_taken":0.0}],"is_beta":false,"boss_relics":[{"not_picked":["Orrery","White Beast Statue"],"picked":"Black Star"}],"items_purged_floors":[4],"is_endless":false,"potions_floor_spawned":[1,3,13,16,18,23],"killed_by":"Book of Stabbing","ascension_level":6}