{"gold_per_floor":[119,39,39,57,57,57,95,95,95,136,136,49,73,86,86,215,215,228,327,345,345],"floor_reached":21,"playtime":730,"items_purged":[],"score":265,"play_id":"62062804-d167-45ad-b7bd-dc8c4616e3d0","local_time":"20180709145112","is_ascension_mode":true,"campfire_choices":[{"floor":6,"key":"REST"},{"data":"Envenom","floor":11,"key":"SMITH"},{"floor":15,"key":"REST"}],"neow_cost":"NONE","seed_source_timestamp":496114560506379,"circlet_count":0,"master_deck":["Defend_G","Defend_G","Defend_G","Defend_G","Defend_G","Strike_G","Strike_G","Survivor","Neutralize","Terror","Infinite Blades","Bouncing Flask","Envenom+1","Leg Sweep","Accuracy","Backflip","Backflip","Malaise","Envenom","Crippling Poison","Sucker Punch+1"],"relics":["Ring of the Snake","NeowsBlessing","Golden Idol","Ninja Scroll","The Specimen","Question Card","Bottled Lightning","Empty Cage"],"potions_floor_usage":[10,16,16,16,18,21],"damage_taken":[{"damage":0,"enemies":"Jaw Worm","floor":1,"turns":1},{"damage":0,"enemies":"Small Slimes","floor":4,"turns":1},{"damage":0,"enemies":"3 Sentries","floor":7,"turns":2},{"damage":6,"enemies":"Gremlin Nob","floor":10,"turns":3},{"damage":0,"enemies":"2 Louse","floor":13,"turns":2},{"damage":7,"enemies":"2 Fungi Beasts","floor":14,"turns":3},{"damage":16,"enemies":"Hexaghost","floor":16,"turns":8},{"damage":15,"enemies":"Chosen","floor":18,"turns":5},{"damage":39,"enemies":"Shell Parasite","floor":20,"turns":8},{"damage":19,"enemies":"Snake Plant","floor":21,"turns":1}],"seed_played":"-2861784087315944677","potions_obtained":[{"floor":1,"key":"Explosive Potion"},{"floor":7,"key":"SkillPotion"},{"floor":13,"key":"Dexterity Potion"},{"floor":14,"key":"GamblersBrew"},{"floor":16,"key":"Energy Potion"},{"floor":18,"key":"Explosive Potion"}],"is_trial":false,"path_per_floor":["M","$","?","M","?","R","E","T","T","E","R","$","M","M","R","B",null,"M","?","M"],"character_chosen":"THE_SILENT","items_purchased":["Infinite Blades","Accuracy","Backflip"],"campfire_rested":2,"item_purchase_floors":[2,12,12],"current_hp_per_floor":[70,70,63,63,46,67,67,67,67,61,61,61,61,54,70,54,66,51,51,12,0],"gold":345,"neow_bonus":"THREE_ENEMY_KILL","is_prod":false,"is_daily":false,"chose_seed":false,"campfire_upgraded":1,"win_rate":0,"timestamp":1531162272,"path_taken":["M","$","?","M","?","R","E","?","T","E","R","$","M","M","R","BOSS","M","?","M","?"],"build_version":"2018-07-05","purchased_purges":0,"victory":false,"max_hp_per_floor":[70,70,70,70,70,70,70,70,70,70,70,70,70,70,70,70,70,70,70,70,70],"card_choices":[{"not_picked":["Acrobatics","Slice"],"picked":"Terror","floor":1},{"not_picked":["Flechettes","Poisoned Stab"],"picked":"Bouncing Flask","floor":4},{"not_picked":["Riddle With Holes","Acrobatics"],"picked":"Envenom","floor":7},{"not_picked":["Quick Slash","Glass Knife","Masterful Stab"],"picked":"Leg Sweep","floor":10},{"not_picked":["Bane","Dagger Spray","Bullet Time"],"picked":"Backflip","floor":13},{"not_picked":["Bane","Quick Slash","PiercingWail"],"picked":"Malaise","floor":14},{"not_picked":["Tactician","Burst","Phantasmal Killer"],"picked":"Envenom","floor":16},{"not_picked":["Malaise","Backflip","Calculated Gamble"],"picked":"Crippling Poison","floor":18},{"not_picked":["Dagger Spray","Flying Knee","Outmaneuver"],"picked":"Sucker Punch+1","floor":20}],"player_experience":1007777,"relics_obtained":[{"floor":7,"key":"Ninja Scroll"},{"floor":8,"key":"The Specimen"},{"floor":9,"key":"Question Card"},{"floor":10,"key":"Bottled Lightning"}],"event_choices":[{"event_name":"Golden Wing","player_choice":"Card Removal","floor":3,"damage_taken":0},{"event_name":"Golden Idol","player_choice":"Take Damage","floor":5,"damage_taken":0},{"event_name":"Nest","player_choice":"Stole From Cult","floor":19,"damage_taken":0}],"boss_relics":[{"not_picked":["Velvet Choker","Runic Pyramid"],"picked":"Empty Cage"}],"items_purged_floors":[],"is_endless":false,"potions_floor_spawned":[1,7,13,14,16,18],"killed_by":"Snake Plant","ascension_level":5}