{"gold_per_floor":[111,2,15,15,32,52,63,94,120,120,24,24,24,36,36,131,131,143,143,143,113,113,113,38,38],"floor_reached":25,"playtime":679,"items_purged":["Strike_R"],"score":306,"play_id":"e39b546f-8a37-4ca3-a2e1-529b713692c1","local_time":"20190108222955","is_ascension_mode":true,"campfire_choices":[{"data":"Bash","floor":10,"key":"SMITH"},{"data":"Carnage","floor":12,"key":"SMITH"},{"data":"Carnage","floor":15,"key":"SMITH"},{"data":"Shrug It Off","floor":23,"key":"SMITH"}],"neow_cost":"NONE","seed_source_timestamp":337238018055804,"circlet_count":0,"master_deck":["Defend_R","Defend_R","Defend_R","Defend_R","Bash+1","Carnage+1","Flex","Flash of Steel","Carnage+1","Shrug It Off+1","Iron Wave","Demon Form","Bite","Bite","Bite","Bite"],"relics":["Busted Crown","Boot","Smiling Mask","Eternal Feather"],"potions_floor_usage":[6,7,21],"damage_taken":[{"damage":0,"enemies":"Cultist","floor":1,"turns":3},{"damage":3,"enemies":"Small Slimes","floor":3,"turns":2},{"damage":0,"enemies":"2 Louse","floor":5,"turns":2},{"damage":0,"enemies":"Blue Slaver","floor":6,"turns":1},{"damage":8,"enemies":"Exordium Thugs","floor":7,"turns":3},{"damage":8,"enemies":"Gremlin Nob","floor":8,"turns":3},{"damage":0,"enemies":"2 Fungi Beasts","floor":14,"turns":3},{"damage":37,"enemies":"Hexaghost","floor":16,"turns":5},{"damage":12,"enemies":"Chosen","floor":18,"turns":4},{"damage":22,"enemies":"Colosseum Slavers","floor":19,"turns":4},{"damage":14,"enemies":"2 Thieves","floor":21,"turns":2},{"damage":27,"enemies":"Snake Plant","floor":25,"turns":2}],"seed_played":"-5578175720628913848","potions_obtained":[{"floor":1,"key":"Energy Potion"},{"floor":3,"key":"Poison Potion"},{"floor":16,"key":"Weak Potion"},{"floor":20,"key":"EntropicBrew"},{"floor":20,"key":"SmokeBomb"}],"is_trial":false,"path_per_floor":["M","$","M","$","M","M","M","E","T","R","$","R","?","M","R","B",null,"M","?","?","M","?","R","?","M"],"character_chosen":"IRONCLAD","items_purchased":["Flex","Flash of Steel","Shrug It Off"],"campfire_rested":0,"item_purchase_floors":[2,2,11],"current_hp_per_floor":[72,72,69,69,69,69,61,53,53,53,53,53,53,53,53,16,64,52,30,30,16,16,25,25,0],"gold":38,"neow_bonus":"BOSS_RELIC","is_prod":false,"is_daily":false,"chose_seed":false,"campfire_upgraded":4,"win_rate":0,"timestamp":1546954195,"path_taken":["M","$","?","?","M","M","M","E","T","R","$","R","?","M","R","BOSS","M","?","?","?","?","R","?","M"],"build_version":"2019-01-03v4","purchased_purges":1,"victory":false,"max_hp_per_floor":[80,80,80,80,80,80,80,80,80,80,80,80,80,80,80,80,80,80,80,80,80,56,56,56,56],"card_choices":[{"not_picked":[],"picked":"Carnage","floor":1},{"not_picked":[],"picked":"Carnage","floor":3},{"not_picked":["Anger"],"picked":"SKIP","floor":5},{"not_picked":["Wild Strike"],"picked":"SKIP","floor":6},{"not_picked":["Pummel"],"picked":"SKIP","floor":7},{"not_picked":["Sever Soul"],"picked":"SKIP","floor":8},{"not_picked":[],"picked":"Iron Wave","floor":14},{"not_picked":[],"picked":"Demon Form","floor":16},{"not_picked":["Pommel Strike"],"picked":"SKIP","floor":18}],"player_experience":352217,"relics_obtained":[{"floor":8,"key":"Boot"},{"floor":9,"key":"Smiling Mask"}],"event_choices":[{"damage_healed":0,"gold_gain":0,"player_choice":"Leave","damage_taken":0,"max_hp_gain":0,"max_hp_loss":0,"event_name":"The Cleric","floor":13,"gold_loss":0},{"damage_healed":0,"gold_gain":0,"player_choice":"Fight","damage_taken":0,"max_hp_gain":0,"max_hp_loss":0,"event_name":"Colosseum","floor":19,"gold_loss":0},{"damage_healed":0,"gold_gain":0,"player_choice":"Fled From Nobs","damage_taken":0,"max_hp_gain":0,"max_hp_loss":0,"event_name":"Colosseum","floor":19,"gold_loss":0},{"damage_healed":0,"gold_gain":0,"player_choice":"Got Potions","damage_taken":0,"max_hp_gain":0,"max_hp_loss":0,"event_name":"Lab","floor":20,"gold_loss":0},{"damage_healed":0,"gold_gain":0,"player_choice":"Became a vampire","damage_taken":0,"max_hp_gain":0,"max_hp_loss":24,"event_name":"Vampires","floor":22,"gold_loss":0,"cards_obtained":["Bite","Bite","Bite","Bite","Bite"]},{"cards_removed":["Bite"],"damage_healed":0,"gold_gain":0,"player_choice":"Gave Gold","damage_taken":0,"max_hp_gain":0,"max_hp_loss":0,"event_name":"Beggar","floor":24,"gold_loss":75}],"is_beta":false,"boss_relics":[{"not_picked":["Mark of Pain","Astrolabe"],"picked":"Eternal Feather"}],"items_purged_floors":[11],"is_endless":false,"potions_floor_spawned":[1,3,16,19,21],"killed_by":"Snake Plant","ascension_level":8}