{"gold_per_floor":[212,222,222,16,16,41,59,89,89,45,45,55,55],"floor_reached":13,"playtime":357,"items_purged":[],"score":177,"play_id":"3a6902fb-782a-4fe4-bfb4-bcd9054adac8","local_time":"20190121192542","is_ascension_mode":true,"campfire_choices":[{"floor":11,"key":"REST"}],"neow_cost":"NONE","seed_source_timestamp":126459165760124,"circlet_count":0,"master_deck":["AscendersBane","Strike_B","Strike_B","Strike_B","Defend_B","Defend_B","Defend_B","Defend_B","Zap","Dualcast","Sweeping Beam","Coolheaded","The Bomb","Capacitor","Rainbow","Go for the Eyes","Loop","Ball Lightning"],"relics":["Cracked Core","FaceOfCleric","Gremlin Horn","Vajra","Kunai"],"potions_floor_usage":[6,8],"damage_taken":[{"damage":0,"enemies":"2 Louse","floor":1,"turns":2},{"damage":7,"enemies":"Jaw Worm","floor":2,"turns":3},{"damage":39,"enemies":"Gremlin Nob","floor":6,"turns":4},{"damage":2,"enemies":"Cultist","floor":7,"turns":4},{"damage":8,"enemies":"3 Sentries","floor":8,"turns":4},{"damage":9,"enemies":"Large Slime","floor":12,"turns":3},{"damage":35,"enemies":"Gremlin Nob","floor":13,"turns":3}],"seed_played":"-1315640224511544957","potions_obtained":[{"floor":2,"key":"FearPotion"},{"floor":7,"key":"Block Potion"}],"is_trial":false,"path_per_floor":["M","M","?","$","?","E","M","E","T","$","R","M","E"],"character_chosen":"DEFECT","items_purchased":["The Bomb","Loop"],"campfire_rested":1,"item_purchase_floors":[4,10],"current_hp_per_floor":[64,57,50,50,50,12,11,4,4,4,26,18,0],"gold":55,"neow_bonus":"HUNDRED_GOLD","is_prod":false,"is_daily":false,"chose_seed":false,"campfire_upgraded":0,"win_rate":0,"timestamp":1548116742,"path_taken":["M","M","?","$","?","E","M","E","T","$","R","?","E"],"build_version":"2019-01-17v2","purchased_purges":0,"victory":false,"max_hp_per_floor":[71,71,71,71,71,72,73,74,74,74,74,75,75],"card_choices":[{"not_picked":["Self Repair","Blizzard"],"picked":"Sweeping Beam","floor":1},{"not_picked":["Hologram","Turbo"],"picked":"Coolheaded","floor":2},{"not_picked":["Cold Snap","Gash"],"picked":"Capacitor","floor":6},{"not_picked":["Gash","Sweeping Beam"],"picked":"Rainbow","floor":7},{"not_picked":["Beam Cell","Compile Driver"],"picked":"Go for the Eyes","floor":8},{"not_picked":["Compile Driver","Streamline"],"picked":"Ball Lightning","floor":12}],"player_experience":2193430,"relics_obtained":[{"floor":6,"key":"Gremlin Horn"},{"floor":8,"key":"Vajra"},{"floor":9,"key":"Kunai"}],"event_choices":[{"cards_removed":["Strike_B"],"damage_healed":0,"gold_gain":0,"player_choice":"Card Removal","damage_taken":7,"max_hp_gain":0,"max_hp_loss":0,"event_name":"Golden Wing","floor":3,"gold_loss":0},{"damage_healed":0,"gold_gain":0,"player_choice":"Trade","damage_taken":0,"relics_obtained":["FaceOfCleric"],"max_hp_gain":0,"max_hp_loss":0,"event_name":"FaceTrader","floor":5,"gold_loss":0}],"is_beta":false,"boss_relics":[],"items_purged_floors":[],"is_endless":false,"potions_floor_spawned":[2,7],"killed_by":"Gremlin Nob","ascension_level":18}