{"gold_per_floor":[110,187,204,123,138,138,63,63,145,175,175,175,190,206,206,306,306,319,338,100,110,110,110,124,143,173,173,173,190,200,200,200,200],"floor_reached":33,"playtime":1310,"items_purged":["Defend_R","Strike_R"],"score":301,"play_id":"6c3234e3-ef1a-466a-b2c6-22fe5a4993c0","local_time":"20180629130445","is_ascension_mode":true,"campfire_choices":[{"data":"Body Slam","floor":6,"key":"SMITH"},{"data":"Carnage","floor":8,"key":"SMITH"},{"floor":11,"key":"REST"},{"data":"Battle Trance","floor":15,"key":"SMITH"},{"data":"Demon Form","floor":23,"key":"SMITH"},{"data":"Impervious","floor":28,"key":"SMITH"},{"floor":32,"key":"REST"}],"neow_cost":"NONE","seed_source_timestamp":407634186211062,"circlet_count":0,"master_deck":["Strike_R","Strike_R","Strike_R","Defend_R","Defend_R","Defend_R","Bash","Clothesline","Carnage+1","Spot Weakness+1","Body Slam+1","Heavy Blade+1","Shrug It Off","Battle Trance+1","Impervious+1","Demon Form+1","Heavy Blade+1","Body Slam+1","Immolate+1","Pain"],"relics":["Burning Blood","NeowsBlessing","Bottled Lightning","Molten Egg 2","Cursed Key","Tiny Chest"],"potions_floor_usage":[21,29,31,33],"damage_taken":[{"damage":0,"enemies":"Cultist","floor":1,"turns":1},{"damage":0,"enemies":"Small Slimes","floor":3,"turns":1},{"damage":0,"enemies":"2 Louse","floor":5,"turns":1},{"damage":30,"enemies":"Lagavulin","floor":10,"turns":5},{"damage":8,"enemies":"Blue Slaver","floor":13,"turns":2},{"damage":6,"enemies":"Gremlin Gang","floor":14,"turns":4},{"damage":75,"enemies":"Hexaghost","floor":16,"turns":11},{"damage":12,"enemies":"Chosen","floor":18,"turns":3},{"damage":11,"enemies":"2 Thieves","floor":19,"turns":3},{"damage":8,"enemies":"3 Cultists","floor":21,"turns":5},{"damage":41,"enemies":"Centurion and Healer","floor":24,"turns":6},{"damage":22,"enemies":"Sentry and Sphere","floor":25,"turns":4},{"damage":21,"enemies":"Snake Plant","floor":29,"turns":3},{"damage":15,"enemies":"3 Cultists","floor":30,"turns":5},{"damage":2,"enemies":"Chosen and Byrds","floor":31,"turns":2},{"damage":48,"enemies":"Champ","floor":33,"turns":5}],"seed_played":"-5067085393756895961","potions_obtained":[{"floor":1,"key":"GamblersBrew"},{"floor":14,"key":"Explosive Potion"},{"floor":18,"key":"Fire Potion"},{"floor":19,"key":"SmokeBomb"},{"floor":29,"key":"Fire Potion"}],"is_trial":false,"path_per_floor":["M","?","M","$","M","R","$","R","T","E","R","?","M","M","R","B",null,"M","M","$","M","?","R","M","M","T","?","R","M","M","M","R"],"character_chosen":"IRONCLAD","items_purchased":["Spot Weakness","Demon Form"],"campfire_rested":2,"item_purchase_floors":[4,20],"current_hp_per_floor":[80,80,80,80,80,80,80,80,80,56,80,80,78,78,78,9,80,74,69,69,67,67,67,32,16,16,42,42,27,18,22,46,0],"gold":200,"neow_bonus":"THREE_ENEMY_KILL","is_prod":false,"is_daily":false,"chose_seed":false,"campfire_upgraded":5,"win_rate":0,"timestamp":1530291885,"path_taken":["M","?","M","$","?","R","$","R","T","E","R","?","?","M","R","BOSS","M","M","$","M","?","R","M","M","T","?","R","M","?","M","R","BOSS"],"build_version":"2018-06-28","purchased_purges":2,"victory":false,"max_hp_per_floor":[80,80,80,80,80,80,80,80,80,80,80,80,80,80,80,80,80,80,80,80,80,80,80,80,80,80,80,80,80,80,80,80,80],"card_choices":[{"not_picked":["Combust","Evolve"],"picked":"Clothesline","floor":1},{"not_picked":["Havoc","Armaments"],"picked":"Carnage","floor":3},{"not_picked":["Reckless Charge","Rupture"],"picked":"Body Slam","floor":5},{"not_picked":["Pommel Strike","Intimidate"],"picked":"Heavy Blade","floor":10},{"not_picked":["Bloodletting","Infernal Blade"],"picked":"Shrug It Off","floor":13},{"not_picked":["Flex","Thunderclap+1"],"picked":"Battle Trance","floor":14},{"not_picked":["Berserk","Fiend Fire+1"],"picked":"Impervious","floor":16},{"not_picked":["True Grit","Havoc","Fire Breathing"],"picked":"SKIP","floor":18},{"not_picked":["Armaments","Bloodletting","Clothesline+1"],"picked":"SKIP","floor":19},{"not_picked":["Wild Strike+1","Battle Trance"],"picked":"Heavy Blade+1","floor":21},{"not_picked":["Perfected Strike+1","Headbutt+1"],"picked":"Body Slam+1","floor":24},{"not_picked":["Headbutt+1","Evolve"],"picked":"Immolate+1","floor":25},{"not_picked":["Combust+1","Perfected Strike+1","Armaments"],"picked":"SKIP","floor":29},{"not_picked":["Havoc","Armaments","Sever Soul+1"],"picked":"SKIP","floor":30}],"player_experience":855832,"relics_obtained":[{"floor":9,"key":"Bottled Lightning"},{"floor":10,"key":"Molten Egg 2"},{"floor":26,"key":"Tiny Chest"}],"event_choices":[{"event_name":"Golden Wing","player_choice":"Gained Gold","floor":2,"damage_taken":0},{"event_name":"Living Wall","player_choice":"Grow","floor":12,"damage_taken":0},{"event_name":"Back to Basics","player_choice":"Elegance","floor":22,"damage_taken":0},{"event_name":"The Library","player_choice":"Heal","floor":27,"damage_taken":0}],"boss_relics":[{"not_picked":["Coffee Dripper","Pandora\u0027s Box"],"picked":"Cursed Key"}],"items_purged_floors":[7,20],"is_endless":false,"potions_floor_spawned":[1,14,18,19,29],"killed_by":"Champ","ascension_level":4}