{"path_per_floor":["M","M","?","M","?","E","M","R","T","M","$","M","R","$","R","B",null,"M","M","?","$","?","E","R","M","T","R","?","M","M","?","R","B",null,"M","?","?","M","$","R","M","M","T","M"],"character_chosen":"IRONCLAD","items_purchased":["Rupture","Cleave","Warcry+1","War Paint","Iron Wave","Vajra"],"gold_per_floor":[116,133,133,152,152,185,209,209,209,224,46,64,64,16,16,140,140,163,183,183,11,11,55,55,78,78,78,1,16,32,32,32,156,156,174,174,174,189,43,43,58,71,71,92,92],"floor_reached":45,"campfire_rested":7,"playtime":3659,"item_purchase_floors":[11,11,14,21,21,39],"current_hp_per_floor":[80,80,80,69,49,23,8,32,32,25,25,23,47,47,71,22,80,45,35,35,35,35,10,34,30,30,54,54,43,58,58,80,17,80,61,61,61,34,34,58,69,50,50,56,0],"items_purged":["Strike_R"],"gold":92,"score":437,"play_id":"bc2450b5-5bda-470e-af21-7d574ce1b7f1","local_time":"20180604203231","is_prod":false,"is_daily":false,"chose_seed":false,"is_ascension_mode":false,"campfire_upgraded":0,"win_rate":0,"timestamp":1528158751,"campfire_choices":[{"floor":8,"key":"REST"},{"floor":13,"key":"REST"},{"floor":15,"key":"REST"},{"floor":24,"key":"REST"},{"floor":27,"key":"REST"},{"floor":32,"key":"REST"},{"floor":40,"key":"REST"}],"path_taken":["M","M","?","?","?","E","M","R","T","M","$","?","R","$","R","BOSS","M","M","?","$","?","E","R","M","T","R","?","M","?","?","R","BOSS","M","?","?","M","$","R","?","M","T","M","M"],"build_version":"2018-05-31","seed_source_timestamp":351185650362471,"purchased_purges":1,"victory":false,"master_deck":["Defend_R+1","Defend_R+1","Bash","Infernal Blade","Feel No Pain","Bludgeon","Heavy Blade","Sever Soul","Flex","True Grit+1","Rupture","Cleave","Warcry+1","Exhume+1","Reckless Charge+1","Seeing Red+1","Thunderclap+1","Entrench+1","Spot Weakness+1","Iron Wave","Metallicize","Heavy Blade+1","Reaper","Burning Pact+1","Cleave","Fiend Fire","Havoc+1","Apotheosis+1","Cleave","Flex+1"],"max_hp_per_floor":[80,80,80,80,80,80,80,80,80,80,80,80,80,80,80,80,80,80,80,80,80,80,80,80,80,80,80,80,80,80,80,80,80,80,80,80,80,80,80,80,80,80,80,80,80],"relics":["Burning Blood","Golden Idol","Bottled Tornado","Toxic Egg 2","Nloth\u0027s Gift","War Paint","Kunai","Darkstone Periapt","Dream Catcher","Runic Pyramid","Vajra","Bag of Marbles"],"card_choices":[{"not_picked":["Armaments","Reckless Charge"],"picked":"Infernal Blade","floor":1},{"not_picked":["Spot Weakness","Wild Strike"],"picked":"Feel No Pain","floor":2},{"not_picked":["Searing Blow","Body Slam"],"picked":"Heavy Blade","floor":4},{"not_picked":["Clash","Armaments"],"picked":"Sever Soul","floor":6},{"not_picked":["Heavy Blade","Metallicize"],"picked":"Flex","floor":7},{"not_picked":["Evolve","Perfected Strike"],"picked":"True Grit+1","floor":10},{"not_picked":["Reckless Charge","Heavy Blade"],"picked":"Clash","floor":12},{"not_picked":["Feed","Juggernaut"],"picked":"Exhume+1","floor":16},{"not_picked":["Anger+1","True Grit+1"],"picked":"Entrench+1","floor":18},{"not_picked":["Sword Boomerang","Clash"],"picked":"Spot Weakness+1","floor":19},{"not_picked":["Sword Boomerang","Heavy Blade"],"picked":"Metallicize","floor":23},{"not_picked":["Pommel Strike","True Grit+1"],"picked":"Heavy Blade+1","floor":25},{"not_picked":["Bludgeon","Intimidate+1"],"picked":"Reaper","floor":29},{"not_picked":["Metallicize","Pommel Strike"],"picked":"Burning Pact+1","floor":30},{"not_picked":["Twin Strike","Iron Wave"],"picked":"Cleave","floor":32},{"not_picked":["Berserk","Reaper"],"picked":"Fiend Fire","floor":33},{"not_picked":["Perfected Strike","Headbutt"],"picked":"Havoc+1","floor":35},{"not_picked":["Blind+1","Dark Shackles+1"],"picked":"Apotheosis+1","floor":36},{"not_picked":["Perfected Strike","Clash","Heavy Blade"],"picked":"SKIP","floor":38},{"not_picked":["Perfected Strike+1","Havoc+1"],"picked":"Flex+1","floor":41},{"not_picked":["Wild Strike+1","True Grit+1","Thunderclap"],"picked":"SKIP","floor":42},{"not_picked":["Iron Wave","Clash","Shrug It Off+1"],"picked":"SKIP","floor":44}],"player_experience":350662,"potions_floor_usage":[10,16,16,23,25,30,33,41],"damage_taken":[{"damage":6,"enemies":"Cultist","floor":1,"turns":4},{"damage":0,"enemies":"2 Louse","floor":2,"turns":2},{"damage":17,"enemies":"Small Slimes","floor":4,"turns":3},{"damage":32,"enemies":"Gremlin Nob","floor":6,"turns":4},{"damage":21,"enemies":"3 Louse","floor":7,"turns":3},{"damage":13,"enemies":"Exordium Wildlife","floor":10,"turns":3},{"damage":8,"enemies":"Exordium Thugs","floor":12,"turns":3},{"damage":55,"enemies":"Hexaghost","floor":16,"turns":8},{"damage":41,"enemies":"3 Byrds","floor":18,"turns":7},{"damage":16,"enemies":"Chosen","floor":19,"turns":4},{"damage":31,"enemies":"Book of Stabbing","floor":23,"turns":6},{"damage":10,"enemies":"Snecko","floor":25,"turns":5},{"damage":17,"enemies":"Centurion and Healer","floor":29,"turns":5},{"damage":24,"enemies":"3 Cultists","floor":30,"turns":4},{"damage":92,"enemies":"Collector","floor":33,"turns":10},{"damage":29,"enemies":"Orb Walker","floor":35,"turns":5},{"damage":33,"enemies":"3 Shapes","floor":38,"turns":4},{"damage":23,"enemies":"3 Darklings","floor":41,"turns":4},{"damage":42,"enemies":"Sphere and 2 Shapes","floor":42,"turns":7},{"damage":30,"enemies":"4 Shapes","floor":44,"turns":4},{"damage":69,"enemies":"Maw","floor":45,"turns":8}],"relics_obtained":[{"floor":6,"key":"Bottled Tornado"},{"floor":9,"key":"Toxic Egg 2"},{"floor":23,"key":"Kunai"},{"floor":26,"key":"Darkstone Periapt"},{"floor":43,"key":"Bag of Marbles"}],"event_choices":[{"event_name":"Living Wall","player_choice":"Change","floor":3,"damage_taken":0},{"event_name":"Golden Idol","player_choice":"Take Damage","floor":5,"damage_taken":0},{"event_name":"N\u0027loth","player_choice":"Traded a Astrolabe","floor":20,"damage_taken":0},{"event_name":"Back to Basics","player_choice":"Elegance","floor":22,"damage_taken":0},{"event_name":"Drug Dealer","player_choice":"Got JAXXED","floor":28,"damage_taken":0},{"event_name":"Addict","player_choice":"Gave JAX","floor":31,"damage_taken":0},{"event_name":"SensoryStone","player_choice":"Memory 1","floor":36,"damage_taken":0},{"event_name":"Transmorgrifier","player_choice":"Transform","floor":37,"damage_taken":0}],"boss_relics":[{"not_picked":["Runic Dome","Calling Bell"],"picked":"Astrolabe"},{"not_picked":["Eternal Feather","Philosopher\u0027s Stone"],"picked":"Runic Pyramid"}],"items_purged_floors":[11],"potions_floor_spawned":[1,4,7,12,19,23,30,38,41],"seed_played":"4447230287211743126","killed_by":"Maw","ascension_level":0,"potions_obtained":[{"floor":1,"key":"SteroidPotion"},{"floor":4,"key":"FearPotion"},{"floor":7,"key":"FearPotion"},{"floor":12,"key":"SpeedPotion"},{"floor":19,"key":"Block Potion"},{"floor":23,"key":"Block Potion"},{"floor":30,"key":"Dexterity Potion"},{"floor":38,"key":"Fire Potion"},{"floor":41,"key":"Strength Potion"}],"is_trial":false}