{"path_per_floor":["M","M","M","$","M","R","M","M","T","M","$","?","M","$","R","B",null,"M"],"character_chosen":"DEFECT","items_purchased":["Defragment","Glacier"],"gold_per_floor":[115,130,150,5,20,20,35,49,96,110,36,36,54,54,54,150,150,164,74],"floor_reached":19,"campfire_rested":2,"playtime":848,"item_purchase_floors":[4,11],"current_hp_per_floor":[75,68,54,54,45,67,65,43,43,37,37,37,37,37,59,45,75,24,0],"items_purged":["Strike_B"],"gold":74,"score":196,"play_id":"914c7565-8a94-46c0-ae07-fe80f1d28318","local_time":"20180615155510","is_prod":false,"is_daily":false,"chose_seed":false,"is_ascension_mode":true,"campfire_upgraded":0,"win_rate":0,"timestamp":1529092510,"campfire_choices":[{"floor":6,"key":"REST"},{"floor":15,"key":"REST"}],"path_taken":["M","?","?","?","M","R","M","M","T","M","$","?","?","$","R","BOSS","M","M"],"build_version":"2018-06-14v2","seed_source_timestamp":131015647824457,"purchased_purges":1,"victory":false,"master_deck":["Strike_B","Strike_B","Strike_B","Defend_B","Defend_B","Defend_B","Defend_B","Zap","Dualcast","Defragment","Doom and Gloom","Leap","Defragment+1","Coolheaded","Undo","Hologram","Cold Snap","Glacier","Capacitor","Rainbow"],"max_hp_per_floor":[75,75,75,75,75,75,75,75,75,75,75,75,75,75,75,75,75,75,75],"relics":["Cracked Core","Potion Belt","Eternal Feather"],"card_choices":[{"not_picked":["Sunder","Loop"],"picked":"Defragment","floor":1},{"not_picked":["Hologram","Gash"],"picked":"Doom and Gloom","floor":2},{"not_picked":["Static Discharge","Hologram"],"picked":"Leap","floor":3},{"not_picked":["Beam Cell","Core Surge"],"picked":"Coolheaded","floor":5},{"not_picked":["Lockon","Steam"],"picked":"Undo","floor":7},{"not_picked":["Storm","Stack"],"picked":"Hologram","floor":8},{"not_picked":["Loop","BootSequence"],"picked":"Cold Snap","floor":10},{"not_picked":["Cold Snap","Streamline"],"picked":"Capacitor","floor":13},{"not_picked":["Biased Cognition","Hyperbeam"],"picked":"Rainbow","floor":16},{"not_picked":["Leap","Darkness","Barrage"],"picked":"SKIP","floor":18}],"player_experience":590104,"potions_floor_usage":[7,8,8,18,19,19],"damage_taken":[{"damage":0,"enemies":"Cultist","floor":1,"turns":3},{"damage":7,"enemies":"Jaw Worm","floor":2,"turns":3},{"damage":14,"enemies":"Small Slimes","floor":3,"turns":3},{"damage":9,"enemies":"Red Slaver","floor":5,"turns":4},{"damage":2,"enemies":"Looter","floor":7,"turns":2},{"damage":22,"enemies":"Exordium Thugs","floor":8,"turns":4},{"damage":6,"enemies":"2 Fungi Beasts","floor":10,"turns":5},{"damage":0,"enemies":"Exordium Wildlife","floor":13,"turns":4},{"damage":14,"enemies":"Slime Boss","floor":16,"turns":8},{"damage":51,"enemies":"3 Byrds","floor":18,"turns":7},{"damage":24,"enemies":"2 Thieves","floor":19,"turns":3}],"relics_obtained":[{"floor":9,"key":"Potion Belt"}],"event_choices":[{"event_name":"Upgrade Shrine","player_choice":"Upgraded","floor":12,"damage_taken":0}],"boss_relics":[{"not_picked":["Velvet Choker","Black Star"],"picked":"Eternal Feather"}],"items_purged_floors":[4],"is_endless":false,"potions_floor_spawned":[1,2,3,13,16],"seed_played":"-5031860276575380574","killed_by":"2 Thieves","ascension_level":4,"potions_obtained":[{"floor":1,"key":"Poison Potion"},{"floor":2,"key":"Explosive Potion"},{"floor":3,"key":"Energy Potion"},{"floor":13,"key":"Block Potion"},{"floor":16,"key":"EntropicBrew"}],"is_trial":false}