{"gold_per_floor":[111,127,202,202,212,212,222,222,222,234,203,203,218,218,218,218],"floor_reached":16,"playtime":1073,"items_purged":[],"score":113,"play_id":"f7e29ccd-ad78-4592-bb61-f4033c2b4273","local_time":"20180629074739","is_ascension_mode":true,"campfire_choices":[{"floor":6,"key":"DIG"},{"floor":12,"key":"REST"},{"floor":15,"key":"REST"}],"neow_cost":"CURSE","seed_source_timestamp":388847032720911,"circlet_count":0,"master_deck":["Strike_R","Strike_R","Strike_R","Defend_R","Defend_R","Defend_R","Defend_R","Bash","Parasite","Intimidate","Ghostly Armor","Barricade","Warcry","Heavy Blade","Entrench","Battle Trance"],"relics":["Burning Blood","Shovel","Toolbox","Potion Belt"],"potions_floor_usage":[11,16],"damage_taken":[{"damage":19,"enemies":"Jaw Worm","floor":1,"turns":5},{"damage":10,"enemies":"2 Louse","floor":2,"turns":4},{"damage":0,"enemies":"Small Slimes","floor":5,"turns":5},{"damage":20,"enemies":"Exordium Wildlife","floor":7,"turns":10},{"damage":24,"enemies":"3 Louse","floor":10,"turns":7},{"damage":30,"enemies":"Exordium Thugs","floor":11,"turns":9},{"damage":6,"enemies":"2 Fungi Beasts","floor":13,"turns":6},{"damage":81,"enemies":"Slime Boss","floor":16,"turns":13}],"seed_played":"-7521013437172422044","potions_obtained":[{"floor":2,"key":"SkillPotion"},{"floor":11,"key":"SpeedPotion"},{"floor":13,"key":"SkillPotion"}],"is_trial":false,"path_per_floor":["M","M","?","?","M","R","M","?","T","M","M","R","M","?","R"],"character_chosen":"IRONCLAD","items_purchased":[],"campfire_rested":2,"item_purchase_floors":[],"current_hp_per_floor":[67,63,52,52,58,58,44,70,70,52,28,52,56,49,73,0],"gold":218,"neow_bonus":"ONE_RARE_RELIC","is_prod":false,"is_daily":false,"chose_seed":false,"campfire_upgraded":0,"win_rate":0,"timestamp":1530272859,"path_taken":["M","M","?","?","M","R","M","?","T","?","M","R","M","?","R","BOSS"],"build_version":"2018-06-28","purchased_purges":0,"victory":false,"max_hp_per_floor":[80,80,80,80,80,80,80,80,80,80,80,80,80,80,80,80],"card_choices":[{"not_picked":["Armaments","Clothesline"],"picked":"Intimidate","floor":1},{"not_picked":["Burning Pact","Headbutt"],"picked":"Ghostly Armor","floor":2},{"not_picked":["Flex","Disarm"],"picked":"Barricade","floor":5},{"not_picked":["Twin Strike","Burning Pact"],"picked":"Warcry","floor":7},{"not_picked":["Sword Boomerang","Thunderclap"],"picked":"Heavy Blade","floor":10},{"not_picked":["Cleave","True Grit"],"picked":"Entrench","floor":11},{"not_picked":["Flex","Shockwave"],"picked":"Battle Trance","floor":13}],"player_experience":838406,"relics_obtained":[{"floor":6,"key":"Toolbox"},{"floor":9,"key":"Potion Belt"}],"event_choices":[{"event_name":"World of Goop","player_choice":"Gather Gold","floor":3,"damage_taken":0},{"event_name":"Living Wall","player_choice":"Forget","floor":4,"damage_taken":0},{"event_name":"Big Fish","player_choice":"Banana","floor":8,"damage_taken":0},{"event_name":"Golden Wing","player_choice":"Card Removal","floor":14,"damage_taken":0}],"boss_relics":[],"items_purged_floors":[],"is_endless":false,"potions_floor_spawned":[2,11,13],"killed_by":"Slime Boss","ascension_level":4}