{"path_per_floor":["M","?","M","$","M","R","M","?","T","R","M","M","$","M","R","B",null,"M","M","?","M","?","R","$","M","T","R","$"],"character_chosen":"THE_SILENT","items_purchased":["Cloak And Dagger","Envenom","Mummified Hand","Well Laid Plans","Endless Agony"],"gold_per_floor":[147,97,139,12,69,69,126,201,201,201,237,279,42,90,90,393,393,441,486,486,546,461,461,13,43,68,68,0,0],"floor_reached":29,"campfire_rested":5,"playtime":859,"item_purchase_floors":[4,13,24,24,28],"current_hp_per_floor":[70,70,68,68,62,70,64,53,53,70,60,60,60,48,69,11,70,50,23,46,1,1,22,22,4,4,25,25,0],"items_purged":["Corpse Explosion","Corpse Explosion","Corpse Explosion"],"gold":0,"score":217,"play_id":"4aef6a75-51ff-425c-afa7-2d9769b94923","local_time":"20180618204207","daily_mods":["Specialized","Midas","Binary"],"is_prod":false,"is_daily":false,"chose_seed":true,"is_ascension_mode":false,"campfire_upgraded":0,"win_rate":0,"timestamp":1529347327,"campfire_choices":[{"floor":6,"key":"REST"},{"floor":10,"key":"REST"},{"floor":15,"key":"REST"},{"floor":23,"key":"REST"},{"floor":27,"key":"REST"}],"path_taken":["M","?","M","$","M","R","M","?","T","R","M","M","$","?","R","BOSS","M","M","?","M","?","R","$","M","T","R","$","E"],"build_version":"2018-06-14v2","seed_source_timestamp":3527602531445283,"purchased_purges":3,"victory":false,"master_deck":["Defend_G","Defend_G","Defend_G","Defend_G","Defend_G","Strike_G","Strike_G","Strike_G","Strike_G","Strike_G","Survivor","Neutralize","Corpse Explosion","All Out Attack","Cloak And Dagger","Dagger Throw","Finisher","PiercingWail","Backstab","Envenom","Sucker Punch","Glass Knife","Infinite Blades","Concentrate","Slice","Deadly Poison","Unload","Well Laid Plans","Endless Agony"],"max_hp_per_floor":[70,70,70,70,70,70,70,70,70,70,70,70,70,70,70,70,70,70,70,70,70,70,70,70,70,70,70,70,70],"special_seed":29952015251857,"relics":["Ring of the Snake","Mercury Hourglass","Orrery","Torii","Mummified Hand","Boot"],"card_choices":[{"not_picked":["Outmaneuver"],"picked":"All Out Attack","floor":1},{"not_picked":["Setup","Expertise"],"picked":"SKIP","floor":3},{"not_picked":["Cloak And Dagger"],"picked":"Dagger Throw","floor":5},{"not_picked":["Flechettes"],"picked":"Finisher","floor":7},{"not_picked":["Bane"],"picked":"PiercingWail","floor":11},{"not_picked":["Slice"],"picked":"Backstab","floor":12},{"not_picked":["Quick Slash"],"picked":"Sucker Punch","floor":14},{"not_picked":["Wraith Form v2"],"picked":"Glass Knife","floor":16},{"not_picked":["Cloak And Dagger"],"picked":"Infinite Blades","floor":17},{"not_picked":["PiercingWail"],"picked":"Concentrate","floor":17},{"not_picked":["Prepared+1"],"picked":"Slice","floor":18},{"not_picked":["Quick Slash"],"picked":"Deadly Poison","floor":19},{"not_picked":["Heel Hook"],"picked":"Unload","floor":21},{"not_picked":["Dagger Throw","Bouncing Flask"],"picked":"SKIP","floor":25}],"player_experience":877549,"potions_floor_usage":[16,16,16,19],"damage_taken":[{"damage":0,"enemies":"2 Louse","floor":1,"turns":6},{"damage":2,"enemies":"Small Slimes","floor":3,"turns":3},{"damage":6,"enemies":"Cultist","floor":5,"turns":4},{"damage":6,"enemies":"Looter","floor":7,"turns":4},{"damage":10,"enemies":"Large Slime","floor":11,"turns":5},{"damage":0,"enemies":"3 Louse","floor":12,"turns":1},{"damage":12,"enemies":"Exordium Wildlife","floor":14,"turns":4},{"damage":58,"enemies":"The Guardian","floor":16,"turns":13},{"damage":20,"enemies":"Spheric Guardian","floor":18,"turns":4},{"damage":27,"enemies":"3 Byrds","floor":19,"turns":4},{"damage":45,"enemies":"Cultist and Chosen","floor":21,"turns":5},{"damage":18,"enemies":"Snake Plant","floor":25,"turns":5},{"damage":30,"enemies":"Book of Stabbing","floor":29,"turns":5}],"relics_obtained":[{"floor":9,"key":"Mercury Hourglass"},{"floor":26,"key":"Boot"}],"event_choices":[{"event_name":"The Cleric","player_choice":"Card Removal","floor":2,"damage_taken":0},{"event_name":"World of Goop","player_choice":"Gather Gold","floor":8,"damage_taken":0},{"event_name":"The Library","player_choice":"Heal","floor":20,"damage_taken":0},{"event_name":"Addict","player_choice":"Obtained Relic","floor":22,"damage_taken":0}],"boss_relics":[{"not_picked":["Philosopher\u0027s Stone","Runic Dome"],"picked":"Orrery"}],"items_purged_floors":[4,13,24],"is_endless":false,"potions_floor_spawned":[3,5,12,14,18],"seed_played":"3588295067057436393","killed_by":"Book of Stabbing","ascension_level":0,"potions_obtained":[{"floor":3,"key":"Block Potion"},{"floor":5,"key":"Explosive Potion"},{"floor":12,"key":"Explosive Potion"},{"floor":18,"key":"SkillPotion"}],"is_trial":true}