{"gold_per_floor":[111,111,91,108,125,125,140,140,140,167,167,178,193,268,268,342,342,359,0,19,19],"floor_reached":21,"playtime":843,"items_purged":[],"score":362,"play_id":"71454659-f936-422b-a248-09640e35a93b","local_time":"20190209222725","is_ascension_mode":true,"campfire_choices":[{"data":"Storm","floor":6,"key":"SMITH"},{"floor":8,"key":"REST"},{"floor":11,"key":"REST"},{"floor":15,"key":"REST"}],"neow_cost":"NONE","seed_source_timestamp":547762355417585,"circlet_count":0,"master_deck":["AscendersBane","Strike_B","Strike_B","Strike_B","Strike_B","Defend_B+1","Defend_B","Defend_B","Defend_B+1","Zap","Dualcast","Conserve Battery","Storm+1","White Noise","Coolheaded","Streamline","BootSequence","Sweeping Beam","Thunder Strike","Sweeping Beam+1","Apotheosis","Coolheaded+1"],"relics":["FrozenCore","NeowsBlessing","Bottled Flame","Shovel","DataDisk"],"potions_floor_usage":[10,10,10,10,16,16,21],"damage_taken":[{"damage":0,"enemies":"Small Slimes","floor":1,"turns":1},{"damage":0,"enemies":"2 Louse","floor":4,"turns":1},{"damage":0,"enemies":"Cultist","floor":5,"turns":1},{"damage":9,"enemies":"Large Slime","floor":7,"turns":5},{"damage":28,"enemies":"3 Sentries","floor":10,"turns":8},{"damage":11,"enemies":"Red Slaver","floor":12,"turns":3},{"damage":13,"enemies":"Blue Slaver","floor":13,"turns":3},{"damage":32,"enemies":"Hexaghost","floor":16,"turns":12},{"damage":20,"enemies":"Spheric Guardian","floor":18,"turns":7},{"damage":12,"enemies":"Shell Parasite","floor":20,"turns":6},{"damage":26,"enemies":"Shelled Parasite and Fungi","floor":21,"turns":10}],"seed_played":"2686812850894986326","potions_obtained":[{"floor":3,"key":"FearPotion"},{"floor":7,"key":"EntropicBrew"},{"floor":10,"key":"Swift Potion"},{"floor":12,"key":"LiquidBronze"},{"floor":16,"key":"Explosive Potion"}],"is_trial":false,"path_per_floor":["M","?","?","M","M","R","M","R","T","E","R","M","M","?","R","B",null,"M","$","M","M"],"character_chosen":"DEFECT","items_purchased":["DataDisk","Apotheosis"],"campfire_rested":3,"item_purchase_floors":[19,19],"current_hp_per_floor":[64,43,43,43,43,43,34,55,55,27,48,37,24,13,34,2,54,34,34,22,0],"gold":19,"neow_bonus":"THREE_ENEMY_KILL","is_prod":false,"is_daily":false,"chose_seed":false,"campfire_upgraded":1,"win_rate":0,"timestamp":1549769245,"path_taken":["M","?","?","?","M","R","M","R","T","E","R","M","M","?","R","BOSS","M","$","M","M"],"build_version":"2019-01-23","purchased_purges":0,"victory":false,"max_hp_per_floor":[71,71,71,71,71,71,71,71,71,71,71,71,71,71,71,71,71,71,71,71,71],"card_choices":[{"not_picked":["Sweeping Beam","Undo"],"picked":"Conserve Battery","floor":1},{"not_picked":["Cold Snap","Reprogram"],"picked":"Storm","floor":4},{"not_picked":["Stack","Conserve Battery"],"picked":"White Noise","floor":5},{"not_picked":["Scrape","Hologram"],"picked":"Coolheaded","floor":7},{"not_picked":["Rebound","Steam"],"picked":"Streamline","floor":10},{"not_picked":["Barrage","Fission"],"picked":"BootSequence","floor":12},{"not_picked":["Fusion","Aggregate"],"picked":"Sweeping Beam","floor":13},{"not_picked":["Hyperbeam","Machine Learning"],"picked":"Thunder Strike","floor":16},{"not_picked":["Hologram","Recycle"],"picked":"Sweeping Beam+1","floor":18},{"not_picked":["Scrape","Conserve Battery"],"picked":"Coolheaded+1","floor":20}],"player_experience":2381816,"relics_obtained":[{"floor":9,"key":"Bottled Flame"},{"floor":10,"key":"Shovel"}],"event_choices":[{"damage_healed":0,"gold_gain":0,"player_choice":"Entered Light","damage_taken":21,"max_hp_gain":0,"max_hp_loss":0,"event_name":"Shining Light","floor":2,"gold_loss":0,"cards_upgraded":["Defend_B","Defend_B"]},{"damage_healed":0,"gold_gain":0,"player_choice":"Bought 1 Potion","damage_taken":0,"max_hp_gain":0,"max_hp_loss":0,"event_name":"The Woman in Blue","floor":3,"gold_loss":0},{"damage_healed":0,"gold_gain":75,"player_choice":"Gather Gold","damage_taken":11,"max_hp_gain":0,"max_hp_loss":0,"event_name":"World of Goop","floor":14,"gold_loss":0}],"is_beta":false,"boss_relics":[{"not_picked":["Eternal Feather","Empty Cage"],"picked":"FrozenCore"}],"items_purged_floors":[],"is_endless":false,"potions_floor_spawned":[7,10,12,16],"killed_by":"Shelled Parasite and Fungi","ascension_level":20}