{"gold_per_floor":[109,42,42,2,2,2,22,22,90,105,105,120,12,12,12,89,89,103,103,116,16,16,16,16,16,85,100,100,111,125,125,125,203,203,217,217,228,228],"floor_reached":38,"playtime":2388,"items_purged":["Strike_B","Strike_B"],"score":597,"play_id":"6df65ed8-8aa4-4cdf-837d-8147301db70d","local_time":"20180806110146","is_ascension_mode":true,"campfire_choices":[{"data":"Zap","floor":6,"key":"SMITH"},{"data":"Defragment","floor":8,"key":"SMITH"},{"data":"Dualcast","floor":11,"key":"SMITH"},{"data":"Defragment","floor":15,"key":"SMITH"},{"floor":23,"key":"REST"},{"data":"Echo Form","floor":25,"key":"SMITH"},{"floor":32,"key":"REST"}],"neow_cost":"","seed_source_timestamp":1011485731214930,"circlet_count":0,"master_deck":["Defend_B","Defend_B","Zap+1","Dualcast+1","AscendersBane","Redo","Defragment+1","Glacier","Loop","Compile Driver","Defragment+1","Capacitor","Echo Form+1","Redo","Coolheaded","Capacitor","Seek","Self Repair+1","Sunder+1"],"relics":["FrozenCore","Cables","Bottled Tornado","Empty Cage"],"potions_floor_usage":[16,16,33],"damage_taken":[{"damage":0,"enemies":"Small Slimes","floor":1,"turns":3},{"damage":0,"enemies":"2 Louse","floor":7,"turns":2},{"damage":12,"enemies":"Jaw Worm","floor":10,"turns":2},{"damage":0,"enemies":"2 Fungi Beasts","floor":12,"turns":2},{"damage":5,"enemies":"The Guardian","floor":16,"turns":9},{"damage":10,"enemies":"3 Byrds","floor":18,"turns":7},{"damage":24,"enemies":"Shell Parasite","floor":20,"turns":9},{"damage":9,"enemies":"Chosen and Byrds","floor":27,"turns":10},{"damage":40,"enemies":"Slaver and Parasite","floor":29,"turns":10},{"damage":0,"enemies":"Centurion and Healer","floor":30,"turns":11},{"damage":2,"enemies":"Automaton","floor":33,"turns":15},{"damage":12,"enemies":"Orb Walker","floor":35,"turns":7},{"damage":32,"enemies":"3 Shapes","floor":37,"turns":7},{"damage":66,"enemies":"Flame Bruiser 2 Orb","floor":38,"turns":2}],"seed_played":"8756501688927173328","potions_obtained":[{"floor":7,"key":"Strength Potion"},{"floor":10,"key":"SpeedPotion"},{"floor":29,"key":"Dexterity Potion"},{"floor":30,"key":"SpeedPotion"}],"is_trial":false,"path_per_floor":["M","$","?","$","?","R","M","R","T","M","R","M","$","?","R","B",null,"M","$","M","$","?","R","?","R","T","M","?","M","M","?","R","B",null,"M","?","M"],"character_chosen":"DEFECT","items_purchased":["Defragment","Glacier","Capacitor"],"campfire_rested":2,"item_purchase_floors":[2,4,13],"current_hp_per_floor":[68,68,73,73,73,73,73,73,73,61,61,61,61,61,61,56,74,64,64,40,40,40,64,64,64,64,55,55,15,15,15,39,37,69,57,57,45,0],"gold":228,"neow_bonus":"","is_prod":false,"is_daily":false,"chose_seed":false,"campfire_upgraded":5,"win_rate":0,"timestamp":1533567706,"path_taken":["M","$","?","$","?","R","M","R","T","M","R","M","$","?","R","BOSS","M","$","M","$","?","R","?","R","T","M","?","M","M","?","R","BOSS","M","?","M","M"],"build_version":"2018-08-02","purchased_purges":2,"victory":false,"max_hp_per_floor":[75,75,80,80,80,80,80,80,80,80,80,80,80,80,80,80,80,80,80,80,80,80,80,80,80,80,80,80,80,80,80,80,80,80,80,80,80,80],"card_choices":[{"not_picked":["Conserve Battery","Steam"],"picked":"Redo","floor":1},{"not_picked":["Consume","Aggregate"],"picked":"Loop","floor":7},{"not_picked":["Gash","Streamline"],"picked":"Compile Driver","floor":10},{"not_picked":["Sweeping Beam","Barrage"],"picked":"Defragment","floor":12},{"not_picked":["Core Surge","Rainbow"],"picked":"Echo Form","floor":16},{"not_picked":["Steam","Aggregate"],"picked":"Redo","floor":18},{"not_picked":["Barrage","Conserve Battery","Ball Lightning"],"picked":"SKIP","floor":20},{"not_picked":["Hello World","Turbo"],"picked":"Coolheaded","floor":27},{"not_picked":["Static Discharge","Auto Shields","Recycle"],"picked":"SKIP","floor":29},{"not_picked":["Cold Snap","Streamline"],"picked":"Capacitor","floor":30},{"not_picked":["Electrodynamics","Machine Learning"],"picked":"Seek","floor":33},{"not_picked":["Steam Power+1","Ball Lightning+1"],"picked":"Self Repair+1","floor":35},{"not_picked":["Streamline+1","Sweeping Beam"],"picked":"Sunder+1","floor":37}],"player_experience":1446492,"relics_obtained":[{"floor":9,"key":"Cables"},{"floor":26,"key":"Bottled Tornado"}],"event_choices":[{"event_name":"Big Fish","player_choice":"Donut","floor":3,"damage_taken":0},{"event_name":"Wheel of Change","player_choice":"Curse","floor":5,"damage_taken":0},{"event_name":"Purifier","player_choice":"One Purge","floor":14,"damage_taken":0},{"event_name":"Vampires","player_choice":"Ignored","floor":22,"damage_taken":0},{"event_name":"Drug Dealer","player_choice":"Ignored","floor":24,"damage_taken":0},{"event_name":"Purifier","player_choice":"One Purge","floor":28,"damage_taken":0},{"event_name":"Cursed Tome","player_choice":"Ignored","floor":31,"damage_taken":0},{"event_name":"Purifier","player_choice":"One Purge","floor":36,"damage_taken":0}],"is_beta":false,"boss_relics":[{"not_picked":["Busted Crown","Runic Pyramid"],"picked":"FrozenCore"},{"not_picked":["White Beast Statue","Coffee Dripper"],"picked":"Empty Cage"}],"items_purged_floors":[13,21],"is_endless":false,"potions_floor_spawned":[7,10,12,20,29,30],"killed_by":"Flame Bruiser 2 Orb","ascension_level":13}