{"path_per_floor":["M","M","?","M","?","E","?","R","T","M","$","E","R","?","R","B",null,"M","M","?","$"],"character_chosen":"THE_SILENT","items_purchased":["Juzu Bracelet","Footwork","Noxious Fumes"],"gold_per_floor":[110,130,205,221,221,255,255,255,255,267,48,74,74,39,39,137,137,150,166,166,18,18],"floor_reached":22,"campfire_rested":3,"playtime":1590,"item_purchase_floors":[11,11,21],"current_hp_per_floor":[70,68,57,57,57,41,41,62,62,62,62,17,38,55,70,40,70,57,19,19,19,0],"items_purged":["Strike_G"],"gold":18,"score":202,"play_id":"b92942f0-768b-416d-84b3-92cdd2416e27","local_time":"20180609230005","is_prod":false,"is_daily":false,"chose_seed":false,"is_ascension_mode":true,"campfire_upgraded":0,"win_rate":0,"timestamp":1528599605,"campfire_choices":[{"floor":8,"key":"REST"},{"floor":13,"key":"REST"},{"floor":15,"key":"REST"}],"path_taken":["M","M","?","M","?","E","?","R","T","M","$","E","R","?","R","BOSS","M","M","?","$","M"],"build_version":"2018-06-07v3","seed_source_timestamp":272376923916047,"purchased_purges":1,"victory":false,"master_deck":["Defend_G","Defend_G","Defend_G","Defend_G","Defend_G","Strike_G","Strike_G","Survivor","Neutralize+1","Sucker Punch","Dash","Backflip","Concentrate","Deflect","Reflex","Distraction","Footwork","Expertise","A Thousand Cuts","Footwork","Leg Sweep","Noxious Fumes"],"max_hp_per_floor":[70,70,70,70,70,70,70,70,70,70,70,70,70,70,70,70,70,70,70,70,70,70],"relics":["Ring of the Snake","Girya","Ice Cream","Juzu Bracelet","Art of War","Philosopher\u0027s Stone"],"card_choices":[{"not_picked":["Bane","Dagger Throw"],"picked":"Sucker Punch","floor":1},{"not_picked":["Leg Sweep","Outmaneuver"],"picked":"Dash","floor":2},{"not_picked":["Dagger Throw","Deflect"],"picked":"Backflip","floor":4},{"not_picked":["Calculated Gamble","Outmaneuver"],"picked":"Deflect","floor":6},{"not_picked":["Dagger Spray","Deflect"],"picked":"Distraction","floor":10},{"not_picked":["Outmaneuver","Flying Knee"],"picked":"Expertise","floor":12},{"not_picked":["Glass Knife","Wraith Form v2"],"picked":"A Thousand Cuts","floor":16},{"not_picked":["Backflip","Flying Knee+1"],"picked":"Footwork","floor":18},{"not_picked":["Expertise+1","Bouncing Flask"],"picked":"Leg Sweep","floor":19}],"player_experience":450417,"potions_floor_usage":[12],"damage_taken":[{"damage":0,"enemies":"Cultist","floor":1,"turns":3},{"damage":2,"enemies":"Small Slimes","floor":2,"turns":4},{"damage":0,"enemies":"2 Louse","floor":4,"turns":2},{"damage":16,"enemies":"3 Sentries","floor":6,"turns":12},{"damage":0,"enemies":"Exordium Wildlife","floor":10,"turns":5},{"damage":45,"enemies":"Gremlin Nob","floor":12,"turns":7},{"damage":30,"enemies":"The Guardian","floor":16,"turns":16},{"damage":13,"enemies":"Shell Parasite","floor":18,"turns":6},{"damage":38,"enemies":"2 Thieves","floor":19,"turns":5},{"damage":30,"enemies":"Cultist and Chosen","floor":22,"turns":5}],"relics_obtained":[{"floor":6,"key":"Girya"},{"floor":9,"key":"Ice Cream"},{"floor":12,"key":"Art of War"}],"event_choices":[{"event_name":"World of Goop","player_choice":"Gather Gold","floor":3,"damage_taken":0},{"event_name":"Transmorgrifier","player_choice":"Transform","floor":5,"damage_taken":0},{"event_name":"Living Wall","player_choice":"Change","floor":7,"damage_taken":0},{"event_name":"The Cleric","player_choice":"Healed","floor":14,"damage_taken":0},{"event_name":"N\u0027loth","player_choice":"Ignored","floor":20,"damage_taken":0}],"boss_relics":[{"not_picked":["Runic Pyramid","Orrery"],"picked":"Philosopher\u0027s Stone"}],"items_purged_floors":[21],"potions_floor_spawned":[10],"seed_played":"5531396271092212194","killed_by":"Cultist and Chosen","ascension_level":1,"potions_obtained":[{"floor":10,"key":"GamblersBrew"}],"is_trial":false}