{"gold_per_floor":[112,112,126,47,60,60,60,85,85,85,104,104,1,30,30,30],"floor_reached":16,"playtime":619,"items_purged":["Strike_R"],"score":292,"play_id":"d918ba3b-5c32-4949-acad-2a4c2c98ef79","local_time":"20190211183913","is_ascension_mode":true,"campfire_choices":[{"data":"Whirlwind","floor":6.0,"key":"SMITH"},{"data":"Spot Weakness","floor":10.0,"key":"SMITH"},{"floor":12.0,"key":"REST"},{"data":"Clothesline","floor":15.0,"key":"SMITH"}],"neow_cost":"NONE","seed_source_timestamp":706955452823088,"circlet_count":0,"master_deck":["AscendersBane","Strike_R","Strike_R","Strike_R","Strike_R","Defend_R","Defend_R","Defend_R","Defend_R","Bash","Whirlwind+1","Clothesline+1","Feel No Pain","Shrug It Off","Spot Weakness+1","Sword Boomerang","Thunderclap","Twin Strike"],"special_seed":0,"relics":["Burning Blood","GremlinMask","Meat on the Bone","Vajra","Nunchaku"],"potions_floor_usage":[16],"damage_taken":[{"damage":4.0,"enemies":"Jaw Worm","floor":1.0,"turns":5.0},{"damage":6.0,"enemies":"Cultist","floor":3.0,"turns":3.0},{"damage":1.0,"enemies":"Small Slimes","floor":5.0,"turns":3.0},{"damage":32.0,"enemies":"Gremlin Nob","floor":8.0,"turns":5.0},{"damage":24.0,"enemies":"Exordium Thugs","floor":11.0,"turns":5.0},{"damage":25.0,"enemies":"Lagavulin","floor":14.0,"turns":6.0}],"seed_played":"-5314439141392274816","potions_obtained":[{"floor":3.0,"key":"Poison Potion"},{"floor":8.0,"key":"SmokeBomb"},{"floor":14.0,"key":"Energy Potion"}],"is_trial":false,"path_per_floor":["M","?","M","$","M","R","?","E","T","R","M","R","$","E","R","B"],"character_chosen":"IRONCLAD","items_purchased":["Feel No Pain","Thunderclap"],"campfire_rested":1,"item_purchase_floors":[4,13],"current_hp_per_floor":[77,65,65,65,70,70,70,44,44,44,38,62,62,55,55,0],"gold":30,"neow_bonus":"TEN_PERCENT_HP_BONUS","is_prod":false,"is_daily":false,"chose_seed":false,"campfire_upgraded":3,"win_rate":0,"timestamp":1549928353,"path_taken":["M","?","M","$","?","R","?","E","T","R","M","R","$","E","R","BOSS"],"build_version":"2019-01-23","purchased_purges":1,"victory":false,"max_hp_per_floor":[82,82,82,82,82,82,82,82,82,82,82,82,82,82,82,82],"card_choices":[{"not_picked":["Shrug It Off","Headbutt"],"picked":"Whirlwind","floor":1.0},{"not_picked":["Battle Trance","Pommel Strike"],"picked":"Clothesline","floor":3.0},{"not_picked":["Dual Wield","Body Slam"],"picked":"Shrug It Off","floor":5.0},{"not_picked":["Second Wind","Berserk"],"picked":"Spot Weakness","floor":8.0},{"not_picked":["Infernal Blade","Anger"],"picked":"Sword Boomerang","floor":11.0},{"not_picked":["Infernal Blade","Combust"],"picked":"Twin Strike","floor":14.0}],"player_experience":2406354,"relics_obtained":[{"floor":8.0,"key":"Meat on the Bone"},{"floor":9.0,"key":"Vajra"},{"floor":14.0,"key":"Nunchaku"}],"event_choices":[{"damage_healed":0.0,"max_hp_gain":0.0,"max_hp_loss":0.0,"gold_gain":0.0,"event_name":"Wheel of Change","player_choice":"Damaged","floor":2.0,"gold_loss":0.0,"damage_taken":12.0},{"damage_healed":0.0,"max_hp_gain":0.0,"max_hp_loss":0.0,"gold_gain":0.0,"event_name":"FaceTrader","player_choice":"Trade","floor":7.0,"gold_loss":0.0,"damage_taken":0.0,"relics_obtained":["GremlinMask"]}],"is_beta":false,"boss_relics":[],"items_purged_floors":[13],"is_endless":false,"potions_floor_spawned":[3,8,14],"killed_by":"The Guardian","ascension_level":17}