{"gold_per_floor":[113,125,75,175,194,194,210,210,210,229,229,229,154,120,120,221,221,234,152,152,83,83,83,99,99,99,99,65,82,94,94,94,199,199,210,210,225,73,73,73,89,89,136,11,11,25,42,58,58,58],"floor_reached":50,"playtime":2156,"items_purged":["Defend_G","Strike_G+1","Underhanded Strike"],"score":430,"play_id":"2cf7a810-6c7d-4993-ade0-2403edb97e4f","local_time":"20181219100610","is_ascension_mode":false,"campfire_choices":[{"data":"Cloak And Dagger","floor":6.0,"key":"SMITH"},{"data":"Dagger Spray","floor":8.0,"key":"SMITH"},{"data":"Neutralize","floor":11.0,"key":"SMITH"},{"data":"Cloak And Dagger","floor":15.0,"key":"SMITH"},{"data":"J.A.X.","floor":23.0,"key":"SMITH"},{"data":"Footwork","floor":27.0,"key":"SMITH"},{"data":"Terror","floor":32.0,"key":"SMITH"},{"data":"After Image","floor":40.0,"key":"SMITH"},{"data":"PiercingWail","floor":42.0,"key":"SMITH"},{"data":"Jack Of All Trades","floor":45.0,"key":"SMITH"},{"data":"Survivor","floor":49,"key":"SMITH"}],"neow_cost":"NONE","seed_source_timestamp":1758347801412973,"circlet_count":0,"master_deck":["Defend_G+1","Defend_G+1","Defend_G+1","Defend_G+1","Strike_G+1","Strike_G+1","Survivor+1","Neutralize+1","Dagger Spray+1","Cloak And Dagger+1","Cloak And Dagger+1","Footwork+1","After Image+1","Infinite Blades","J.A.X.+1","Infinite Blades","PiercingWail+1","Terror+1","Infinite Blades","Jack Of All Trades+1","Sucker Punch+1"],"special_seed":0,"relics":["Coffee Dripper"],"potions_floor_usage":[48,48,48],"damage_taken":[{"damage":0.0,"enemies":"2 Louse","floor":1.0,"turns":3.0},{"damage":2.0,"enemies":"Small Slimes","floor":2.0,"turns":3.0},{"damage":5.0,"enemies":"Cultist","floor":5.0,"turns":5.0},{"damage":5.0,"enemies":"Looter","floor":7.0,"turns":4.0},{"damage":1.0,"enemies":"Exordium Thugs","floor":10.0,"turns":4.0},{"damage":33.0,"enemies":"Slime Boss","floor":16.0,"turns":14.0},{"damage":0.0,"enemies":"Shell Parasite","floor":18.0,"turns":7.0},{"damage":0.0,"enemies":"Spheric Guardian","floor":24.0,"turns":5.0},{"damage":3.0,"enemies":"Cultist and Chosen","floor":29.0,"turns":6.0},{"damage":10.0,"enemies":"Centurion and Healer","floor":30.0,"turns":6.0},{"damage":30.0,"enemies":"Automaton","floor":33.0,"turns":9.0},{"damage":3.0,"enemies":"3 Shapes","floor":35.0,"turns":5.0},{"damage":12.0,"enemies":"Orb Walker","floor":37.0,"turns":4.0},{"damage":45.0,"enemies":"4 Shapes","floor":41.0,"turns":5.0},{"damage":8.0,"enemies":"Spire Growth","floor":46.0,"turns":6.0},{"damage":3.0,"enemies":"Maw","floor":47.0,"turns":7.0},{"damage":9,"enemies":"Jaw Worm Horde","floor":48,"turns":7},{"damage":9,"enemies":"Donu and Deca","floor":50,"turns":1}],"seed_played":"-4134355330841300730","potions_obtained":[{"floor":1.0,"key":"Ancient Potion"},{"floor":2.0,"key":"Regen Potion"},{"floor":5.0,"key":"Energy Potion"},{"floor":16.0,"key":"EssenceOfSteel"},{"floor":24.0,"key":"PowerPotion"},{"floor":33.0,"key":"Regen Potion"},{"floor":37.0,"key":"Dexterity Potion"},{"floor":41.0,"key":"Explosive Potion"}],"is_trial":false,"path_per_floor":["M","M","?","?","M","R","M","R","T","M","R","?","$","$","R","B",null,"M","$","?","$","?","R","M","?","T","R","$","M","M","$","R","B",null,"M","?","M","$","T","R","M","R","T","$","R","M","M","M","R","B"],"character_chosen":"THE_SILENT","items_purchased":["Footwork","Infinite Blades","Infinite Blades","Terror","Dexterity Potion"],"campfire_rested":0,"item_purchase_floors":[14,19,21,28,38],"current_hp_per_floor":[70,68,68,68,63,63,58,58,58,57,57,50,50,50,50,17,70,70,70,70,70,70,70,70,70,70,70,70,67,57,57,57,42,70,67,67,55,55,55,55,22,22,22,22,22,14,11,2,2,0],"gold":58,"neow_bonus":"BOSS_RELIC","is_prod":false,"is_daily":false,"chose_seed":false,"campfire_upgraded":11,"win_rate":0,"timestamp":1545181570,"path_taken":["M","M","?","?","M","R","M","R","T","?","R","?","?","$","R","BOSS","M","$","?","$","?","R","M","?","T","R","?","M","M","$","R","BOSS","M","?","M","$","?","R","?","R","T","?","R","M","M","M","R","BOSS"],"build_version":"2018-12-13","purchased_purges":3,"victory":false,"max_hp_per_floor":[70,70,70,70,70,70,70,70,70,70,70,70,70,70,70,70,70,70,70,70,70,70,70,70,70,70,70,70,70,70,70,70,70,70,70,70,70,70,70,70,70,70,70,70,70,70,70,70,70,70],"card_choices":[{"not_picked":["Escape Plan","Outmaneuver"],"picked":"Underhanded Strike","floor":1.0},{"not_picked":["Dodge and Roll","Outmaneuver"],"picked":"Dagger Spray","floor":2.0},{"not_picked":["Expertise","Heel Hook"],"picked":"Cloak And Dagger","floor":5.0},{"not_picked":["Flying Knee","Heel Hook","Skewer"],"picked":"SKIP","floor":7.0},{"not_picked":["Setup","Noxious Fumes"],"picked":"Cloak And Dagger","floor":10.0},{"not_picked":["Die Die Die","Glass Knife"],"picked":"After Image","floor":16.0},{"not_picked":["Flying Knee","Well Laid Plans","Prepared+1"],"picked":"SKIP","floor":18.0},{"not_picked":["Dagger Throw","Slice+1"],"picked":"PiercingWail","floor":24.0},{"not_picked":["Sucker Punch","Noxious Fumes"],"picked":"Infinite Blades","floor":29.0},{"not_picked":["Dagger Throw","Bane","Skewer"],"picked":"SKIP","floor":30.0},{"not_picked":["Sucker Punch+1","Dagger Spray","Masterful Stab+1"],"picked":"SKIP","floor":35.0},{"not_picked":["Dagger Spray+1","Heel Hook"],"picked":"Sucker Punch+1","floor":37.0},{"not_picked":["Escape Plan+1","Caltrops+1","Dash"],"picked":"SKIP","floor":41.0},{"not_picked":["Blur","Finisher","Acrobatics+1"],"picked":"SKIP","floor":46.0},{"not_picked":["Deadly Poison","Setup+1","Bane+1"],"picked":"SKIP","floor":47.0},{"not_picked":["Backstab+1","Deflect+1","Prepared+1"],"picked":"SKIP","floor":48}],"player_experience":214072,"relics_obtained":[],"event_choices":[{"cards_removed":["Strike_G"],"damage_healed":0.0,"max_hp_gain":0.0,"max_hp_loss":0.0,"gold_gain":0.0,"event_name":"The Cleric","player_choice":"Card Removal","floor":3.0,"gold_loss":50.0,"damage_taken":0.0},{"damage_healed":0.0,"max_hp_gain":0.0,"max_hp_loss":0.0,"gold_gain":100.0,"event_name":"Golden Shrine","player_choice":"Pray","floor":4.0,"gold_loss":0.0,"damage_taken":0.0},{"cards_removed":["Strike_G"],"damage_healed":0.0,"max_hp_gain":0.0,"max_hp_loss":0.0,"gold_gain":0.0,"event_name":"Golden Wing","player_choice":"Card Removal","floor":12.0,"gold_loss":0.0,"damage_taken":7.0},{"damage_healed":0.0,"max_hp_gain":0.0,"max_hp_loss":0.0,"gold_gain":0.0,"event_name":"Drug Dealer","player_choice":"Obtain J.A.X.","floor":20.0,"gold_loss":0.0,"damage_taken":0.0,"cards_obtained":["J.A.X."]},{"damage_healed":0.0,"max_hp_gain":0.0,"max_hp_loss":0.0,"gold_gain":0.0,"event_name":"Back to Basics","player_choice":"Simplicity","floor":22.0,"gold_loss":0.0,"damage_taken":0.0,"cards_upgraded":["Defend_G","Defend_G","Defend_G","Defend_G","Strike_G","Strike_G","Strike_G"]},{"damage_healed":0.0,"max_hp_gain":0.0,"max_hp_loss":0.0,"gold_gain":0.0,"event_name":"Vampires","player_choice":"Ignored","floor":25.0,"gold_loss":0.0,"damage_taken":0.0},{"damage_healed":0.0,"max_hp_gain":0.0,"max_hp_loss":0.0,"gold_gain":0.0,"event_name":"Match and Keep!","player_choice":"1 cards matched","floor":36.0,"gold_loss":0.0,"damage_taken":0.0,"cards_obtained":["Jack Of All Trades"]},{"damage_healed":0.0,"max_hp_gain":0.0,"max_hp_loss":0.0,"gold_gain":0.0,"event_name":"Match and Keep!","player_choice":"1 cards matched","floor":36.0,"gold_loss":0.0,"damage_taken":0.0,"cards_obtained":["Jack Of All Trades"]}],"is_beta":false,"boss_relics":[{"not_picked":["Lizard Tail","Fusion Hammer","Snecko Eye"]},{"not_picked":["Runic Pyramid","Tiny House","WristBlade"]}],"items_purged_floors":[13,38,44],"is_endless":false,"potions_floor_spawned":[1,2,5,16,24,33,37,41],"killed_by":"Donu and Deca","ascension_level":0}