{"gold_per_floor":[113,113,123,223,234,234,245,270,270,270,283,312,312,328,328,328],"floor_reached":16,"playtime":605,"items_purged":[],"score":218,"play_id":"997b1e5c-5a4f-41a6-bb5d-ae3efb570956","local_time":"20190206203321","is_ascension_mode":true,"campfire_choices":[{"data":"Conserve Battery","floor":6.0,"key":"SMITH"},{"floor":10.0,"key":"REST"},{"floor":13,"key":"REST"},{"data":"Coolheaded","floor":15,"key":"SMITH"}],"neow_cost":"NONE","seed_source_timestamp":281901199077578,"circlet_count":0,"master_deck":["AscendersBane","Strike_B","Strike_B","Strike_B","Strike_B","Defend_B+1","Defend_B","Defend_B","Defend_B+1","Zap+1","Dualcast","Gash","Conserve Battery+1","Lockon","Leap","Go for the Eyes","Beam Cell","Coolheaded+1","Cold Snap"],"special_seed":0,"relics":["Cracked Core","Frozen Egg 2","Regal Pillow","Cables","War Paint"],"potions_floor_usage":[12],"damage_taken":[{"damage":1.0,"enemies":"Cultist","floor":1.0,"turns":3.0},{"damage":3.0,"enemies":"2 Louse","floor":3.0,"turns":2.0},{"damage":7.0,"enemies":"Small Slimes","floor":5.0,"turns":2.0},{"damage":11.0,"enemies":"Exordium Wildlife","floor":7.0,"turns":4.0},{"damage":39.0,"enemies":"Lagavulin","floor":8.0,"turns":8.0},{"damage":4.0,"enemies":"Blue Slaver","floor":11.0,"turns":3.0},{"damage":6,"enemies":"Gremlin Nob","floor":12,"turns":3},{"damage":6,"enemies":"Red Slaver","floor":14,"turns":3},{"damage":62,"enemies":"Slime Boss","floor":16,"turns":11}],"seed_played":"-271223058259719638","potions_obtained":[{"floor":1.0,"key":"SkillPotion"},{"floor":5.0,"key":"GamblersBrew"},{"floor":11.0,"key":"AttackPotion"}],"is_trial":false,"path_per_floor":["M","T","M","?","M","R","M","E","T","R","M","E","R","M","R","B"],"character_chosen":"DEFECT","items_purchased":[],"campfire_rested":2,"item_purchase_floors":[],"current_hp_per_floor":[63,63,60,60,53,53,42,3,3,39,35,29,65,59,59,0],"gold":328,"neow_bonus":"UPGRADE_CARD","is_prod":false,"is_daily":false,"chose_seed":false,"campfire_upgraded":2,"win_rate":0,"timestamp":1549503201,"path_taken":["M","?","?","?","M","R","M","E","T","R","?","E","R","M","R","BOSS"],"build_version":"2019-01-23","purchased_purges":0,"victory":false,"max_hp_per_floor":[71,71,71,71,71,71,71,71,71,71,71,71,71,71,71,71],"card_choices":[{"not_picked":["Fusion","Rip and Tear"],"picked":"Gash","floor":1.0},{"not_picked":["Skim","Fusion"],"picked":"Conserve Battery","floor":3.0},{"not_picked":["Barrage","Darkness"],"picked":"Lockon","floor":5.0},{"not_picked":["Steam Power","Stack"],"picked":"Leap","floor":7.0},{"not_picked":["Beam Cell","Ball Lightning"],"picked":"Go for the Eyes","floor":8.0},{"not_picked":["Conserve Battery","Go for the Eyes"],"picked":"Beam Cell","floor":11.0},{"not_picked":["Compile Driver","Hologram"],"picked":"Coolheaded","floor":12},{"not_picked":["Reprogram","Steam Power"],"picked":"Cold Snap","floor":14}],"player_experience":2330941,"relics_obtained":[{"floor":2.0,"key":"Frozen Egg 2"},{"floor":8.0,"key":"Regal Pillow"},{"floor":9.0,"key":"Cables"},{"floor":12,"key":"War Paint"}],"event_choices":[{"damage_healed":0.0,"max_hp_gain":0.0,"max_hp_loss":0.0,"gold_gain":100.0,"event_name":"Wheel of Change","player_choice":"Gold","floor":4.0,"gold_loss":0.0,"damage_taken":0.0}],"is_beta":false,"boss_relics":[],"items_purged_floors":[],"is_endless":false,"potions_floor_spawned":[1,5,11],"killed_by":"Slime Boss","ascension_level":19}