{"gold_per_floor":[119,119,44,64,64,64,76,76,76,104,104,104,134,149,149,246,246,260,285,285,285,302,330,330,362,362,362,379,379,391,47,47,152,152,171,171,171,183,196,230,230,247,315,315,340,340,340,355,355,355,355,355,41,73,85],"floor_reached":56,"playtime":2477,"items_purged":["Outmaneuver","Shame"],"score":1758,"play_id":"0958d768-3d01-4776-8868-a8fe7a726719","local_time":"20181130134334","is_ascension_mode":true,"campfire_choices":[{"data":"Neutralize","floor":6.0,"key":"SMITH"},{"data":"Terror","floor":8.0,"key":"SMITH"},{"data":"After Image","floor":11.0,"key":"SMITH"},{"data":"Finisher","floor":15.0,"key":"SMITH"},{"floor":24.0,"key":"REST"},{"data":"After Image","floor":27.0,"key":"SMITH"},{"data":"Noxious Fumes","floor":29.0,"key":"SMITH"},{"data":"Crippling Poison","floor":32.0,"key":"SMITH"},{"floor":41,"key":"RECALL"},{"floor":44,"key":"REST"},{"floor":49,"key":"REST"},{"data":"After Image","floor":52,"key":"SMITH"}],"neow_cost":"NONE","seed_source_timestamp":75944333721315,"circlet_count":0,"master_deck":["Survivor","Neutralize+1","Well Laid Plans","Terror+1","Choke+1","Crippling Poison+1","Blade Dance","Dodge and Roll","Backflip","After Image+1","Finisher+1","After Image+1","Corpse Explosion+1","Phantasmal Killer+1","Blade Dance+1","Necronomicurse","Deflect","Noxious Fumes+1","Backstab","Expertise","After Image+1","After Image+1","Escape Plan+1","Madness","Madness","Dash+1","Bouncing Flask+1","Caltrops+1","Choke+1","Dash+1","Mayhem","Metamorphosis","Metamorphosis","After Image+1","Noxious Fumes"],"special_seed":0,"relics":["Pandora\u0027s Box","Bottled Lightning","Centennial Puzzle","Dream Catcher","Astrolabe","Blood Vial","Necronomicon","Bag of Marbles","Mummified Hand","Orichalcum","Calipers","Pen Nib","DollysMirror","WristBlade","Happy Flower","Singing Bowl","PreservedInsect","MawBank"],"potions_floor_usage":[33,38,50,55],"damage_taken":[{"damage":4.0,"enemies":"Jaw Worm","floor":1.0,"turns":2.0},{"damage":4.0,"enemies":"Cultist","floor":4.0,"turns":3.0},{"damage":0.0,"enemies":"Small Slimes","floor":7.0,"turns":3.0},{"damage":18.0,"enemies":"3 Sentries","floor":10.0,"turns":7.0},{"damage":2.0,"enemies":"Gremlin Nob","floor":13.0,"turns":3.0},{"damage":5.0,"enemies":"Red Slaver","floor":14.0,"turns":2.0},{"damage":11.0,"enemies":"Slime Boss","floor":16.0,"turns":6.0},{"damage":9.0,"enemies":"Spheric Guardian","floor":18.0,"turns":6.0},{"damage":6.0,"enemies":"Shell Parasite","floor":22.0,"turns":2.0},{"damage":22.0,"enemies":"Slavers","floor":23.0,"turns":2.0},{"damage":12.0,"enemies":"Book of Stabbing","floor":25.0,"turns":5.0},{"damage":0.0,"enemies":"Snecko","floor":28.0,"turns":5.0},{"damage":1.0,"enemies":"Sentry and Sphere","floor":30.0,"turns":4.0},{"damage":7,"enemies":"Collector","floor":33,"turns":5},{"damage":2,"enemies":"Orb Walker","floor":35,"turns":3},{"damage":0,"enemies":"3 Darklings","floor":38,"turns":3},{"damage":2,"enemies":"Jaw Worm Horde","floor":39,"turns":4},{"damage":18,"enemies":"Giant Head","floor":40,"turns":8},{"damage":10,"enemies":"Transient","floor":42,"turns":5},{"damage":0,"enemies":"Nemesis","floor":45,"turns":11},{"damage":8,"enemies":"4 Shapes","floor":48,"turns":6},{"damage":6,"enemies":"Donu and Deca","floor":50,"turns":6},{"damage":13,"enemies":"Shield and Spear","floor":54,"turns":3},{"damage":34,"enemies":"The Heart","floor":55,"turns":7}],"seed_played":"7332728178435420455","potions_obtained":[{"floor":13.0,"key":"SkillPotion"},{"floor":14.0,"key":"Explosive Potion"},{"floor":16.0,"key":"GamblersBrew"},{"floor":22.0,"key":"Swift Potion"},{"floor":28.0,"key":"SteroidPotion"},{"floor":30.0,"key":"Poison Potion"},{"floor":33,"key":"SkillPotion"},{"floor":38,"key":"GamblersBrew"},{"floor":40,"key":"Swift Potion"}],"is_trial":false,"path_per_floor":["M","?","$","M","?","R","M","R","T","E","R","?","E","M","R","B",null,"M","T","?","?","M","E","R","E","T","R","M","R","M","$","R","B",null,"M","?","?","M","M","E","R","M","T","R","E","?","?","M","R","B",null,"R","$","E","B",null],"character_chosen":"THE_SILENT","items_purchased":["Pen Nib","DollysMirror","PreservedInsect","Noxious Fumes"],"campfire_rested":3,"item_purchase_floors":[31,31,53,53],"current_hp_per_floor":[59,59,59,55,48,48,48,48,48,30,30,30,28,23,23,12,56,47,47,31,31,27,7,28,18,18,18,20,20,21,21,21,16,57,57,48,48,50,50,34,34,26,26,47,51,41,41,37,61,57,71,71,71,62,30],"gold":97,"neow_bonus":"BOSS_RELIC","is_prod":false,"is_daily":false,"chose_seed":false,"campfire_upgraded":8,"win_rate":0,"timestamp":1543581814,"path_taken":["M","?","?","M","?","R","M","R","T","E","R","?","E","M","R","BOSS","M","?","?","?","M","E","R","E","T","R","?","R","?","?","R","BOSS","M","?","?","M","M","E","R","M","T","R","E","?","?","M","R","BOSS","R","$","E","BOSS"],"build_version":"2018-11-15","purchased_purges":2,"victory":true,"max_hp_per_floor":[70,70,70,70,70,70,70,70,70,70,70,70,70,70,70,70,70,70,70,70,70,70,70,70,70,70,70,70,70,70,70,70,70,70,70,70,70,70,70,70,70,70,70,70,72,72,72,74,76,76,76,76,76,78,78],"card_choices":[{"not_picked":["Escape Plan","Outmaneuver"],"picked":"Dodge and Roll","floor":1.0},{"not_picked":["Quick Slash","Catalyst","Sucker Punch"],"picked":"SKIP","floor":4.0},{"not_picked":["Cloak And Dagger","Crippling Poison"],"picked":"Backflip","floor":7.0},{"not_picked":["Well Laid Plans","Deadly Poison"],"picked":"After Image","floor":10.0},{"not_picked":["Bane","Concentrate"],"picked":"Caltrops","floor":13.0},{"not_picked":["Concentrate","Backflip"],"picked":"Finisher","floor":14.0},{"not_picked":["Burst","Die Die Die"],"picked":"After Image","floor":16.0},{"not_picked":["Bane","Underhanded Strike"],"picked":"Blade Dance+1","floor":18.0},{"not_picked":["Deflect","Dagger Spray","Blade Dance"],"picked":"SKIP","floor":22.0},{"not_picked":["Dagger Spray","Blade Dance"],"picked":"Deflect","floor":22.0},{"not_picked":["Underhanded Strike","Dodge and Roll","Grand Finale"],"picked":"SKIP","floor":23.0},{"not_picked":["Bane+1","PiercingWail"],"picked":"Noxious Fumes","floor":24.0},{"not_picked":["Choke","All Out Attack","Finisher"],"picked":"SKIP","floor":25.0},{"not_picked":["Flying Knee","Acrobatics"],"picked":"Backstab","floor":28.0},{"not_picked":["Blade Dance","Dagger Throw"],"picked":"Expertise","floor":30.0},{"not_picked":["Glass Knife","Tools of the Trade"],"picked":"After Image","floor":33},{"not_picked":["Acrobatics","Finisher+1"],"picked":"Escape Plan+1","floor":35},{"not_picked":["Noxious Fumes","Flying Knee"],"picked":"Dash+1","floor":38},{"not_picked":["Dagger Spray+1","Blade Dance"],"picked":"Bouncing Flask+1","floor":39},{"not_picked":["Riddle With Holes","All Out Attack+1"],"picked":"Caltrops+1","floor":40},{"not_picked":["Bane","Sucker Punch"],"picked":"Choke+1","floor":42},{"not_picked":["PiercingWail","Accuracy"],"picked":"Dash+1","floor":44},{"not_picked":["Dash","Concentrate+1","Terror+1"],"picked":"Singing Bowl","floor":45},{"not_picked":["Forethought","Impatience"],"picked":"Mayhem","floor":46},{"not_picked":["Swift Strike","Blind"],"picked":"Metamorphosis","floor":46},{"not_picked":["Dark Shackles","Swift Strike"],"picked":"Metamorphosis","floor":46},{"not_picked":["Crippling Poison","Blade Dance","Eviscerate"],"picked":"Singing Bowl","floor":48},{"not_picked":["Dagger Spray","Dagger Throw","Prepared+1"],"picked":"Singing Bowl","floor":49},{"not_picked":["Predator+1","Sucker Punch","Cloak And Dagger"],"picked":"Singing Bowl","floor":54}],"player_experience":1047064,"relics_obtained":[{"floor":9.0,"key":"Bottled Lightning"},{"floor":10.0,"key":"Centennial Puzzle"},{"floor":13.0,"key":"Dream Catcher"},{"floor":19.0,"key":"Blood Vial"},{"floor":20.0,"key":"Necronomicon"},{"floor":23.0,"key":"Mummified Hand"},{"floor":25.0,"key":"Orichalcum"},{"floor":26.0,"key":"Calipers"},{"floor":40,"key":"Happy Flower"},{"floor":45,"key":"Singing Bowl"},{"floor":54,"key":"MawBank"}],"event_choices":[{"cards_removed":["Terror"],"damage_healed":0.0,"max_hp_gain":0.0,"max_hp_loss":0.0,"gold_gain":0.0,"event_name":"Purifier","player_choice":"Purged","floor":2.0,"gold_loss":0.0,"damage_taken":0.0},{"cards_removed":["Underhanded Strike"],"damage_healed":0.0,"max_hp_gain":0.0,"max_hp_loss":0.0,"gold_gain":0.0,"event_name":"Golden Wing","player_choice":"Card Removal","floor":5.0,"gold_loss":0.0,"damage_taken":7.0},{"damage_healed":0.0,"max_hp_gain":0.0,"max_hp_loss":0.0,"gold_gain":0.0,"event_name":"Upgrade Shrine","player_choice":"Upgraded","floor":12.0,"gold_loss":0.0,"damage_taken":0.0,"cards_upgraded":["Choke"]},{"damage_healed":0.0,"max_hp_gain":0.0,"max_hp_loss":0.0,"gold_gain":0.0,"event_name":"Cursed Tome","player_choice":"Obtained Book","floor":20.0,"gold_loss":0.0,"damage_taken":16.0},{"damage_healed":0.0,"max_hp_gain":0.0,"max_hp_loss":0.0,"gold_gain":0.0,"event_name":"Addict","player_choice":"Stole Relic","floor":21.0,"gold_loss":0.0,"damage_taken":0.0,"relics_obtained":["Bag of Marbles"],"cards_obtained":["Shame"]},{"damage_healed":0,"gold_gain":0,"player_choice":"Embrace Madness","damage_taken":9,"max_hp_gain":0,"max_hp_loss":0,"event_name":"Winding Halls","floor":36,"gold_loss":0,"cards_obtained":["Madness","Madness"]},{"cards_removed":["Wraith Form v2"],"damage_healed":0,"gold_gain":0,"player_choice":"Removed Power","damage_taken":0,"max_hp_gain":0,"max_hp_loss":0,"event_name":"Falling","floor":37,"gold_loss":0},{"damage_healed":0,"gold_gain":0,"player_choice":"Memory 3","damage_taken":10,"max_hp_gain":0,"max_hp_loss":0,"event_name":"SensoryStone","floor":46,"gold_loss":0},{"damage_healed":0,"gold_gain":0,"player_choice":"Copied","damage_taken":0,"max_hp_gain":0,"max_hp_loss":0,"event_name":"Duplicator","floor":47,"gold_loss":0,"cards_obtained":["After Image"]}],"is_beta":false,"boss_relics":[{"not_picked":["Eternal Feather","Empty Cage"],"picked":"Astrolabe"},{"not_picked":["Tiny House","Orrery"],"picked":"WristBlade"}],"items_purged_floors":[3,53],"is_endless":false,"potions_floor_spawned":[13,14,16,22,28,30,33,38,40,48],"ascension_level":8}