{"gold_per_floor":[114,114,132,143,158,158,169,169,195,45,75,86,86,103,103,103],"floor_reached":16,"playtime":761,"items_purged":["Strike_R"],"score":113,"play_id":"d933732e-12d6-4dd5-831e-895da93b7afb","local_time":"20180629140329","is_ascension_mode":true,"campfire_choices":[{"floor":6,"key":"REST"},{"data":"Entrench","floor":8,"key":"SMITH"},{"data":"Flame Barrier","floor":13,"key":"SMITH"},{"floor":15,"key":"REST"}],"neow_cost":"TEN_PERCENT_HP_LOSS","seed_source_timestamp":411705298740678,"circlet_count":0,"master_deck":["Strike_R","Strike_R","Strike_R","Strike_R","Defend_R","Defend_R","Defend_R","Defend_R","Bash","Pommel Strike","Inflame","Clash","Entrench+1","Flame Barrier+1","Metallicize","Thunderclap","Iron Wave"],"relics":["Burning Blood","Gambling Chip","Dream Catcher","Blood Vial","Tiny Chest"],"potions_floor_usage":[5,16],"damage_taken":[{"damage":6,"enemies":"Cultist","floor":1,"turns":4},{"damage":0,"enemies":"Small Slimes","floor":3,"turns":3},{"damage":8,"enemies":"2 Louse","floor":4,"turns":3},{"damage":8,"enemies":"Lots of Slimes","floor":5,"turns":4},{"damage":9,"enemies":"Exordium Wildlife","floor":7,"turns":4},{"damage":13,"enemies":"Exordium Thugs","floor":12,"turns":4},{"damage":9,"enemies":"3 Louse","floor":14,"turns":5},{"damage":78,"enemies":"Hexaghost","floor":16,"turns":15}],"seed_played":"-1668958954985279192","potions_obtained":[{"floor":4,"key":"Block Potion"},{"floor":5,"key":"Block Potion"}],"is_trial":false,"path_per_floor":["M","?","M","M","M","R","M","R","T","$","?","M","R","M","R"],"character_chosen":"IRONCLAD","items_purchased":["Flame Barrier"],"campfire_rested":2,"item_purchase_floors":[10],"current_hp_per_floor":[72,47,53,51,49,70,67,67,67,67,67,62,62,61,72,0],"gold":103,"neow_bonus":"ONE_RARE_RELIC","is_prod":false,"is_daily":false,"chose_seed":false,"campfire_upgraded":2,"win_rate":0,"timestamp":1530295409,"path_taken":["M","?","M","M","M","R","?","R","T","$","?","M","R","M","R","BOSS"],"build_version":"2018-06-28","purchased_purges":1,"victory":false,"max_hp_per_floor":[72,72,72,72,72,72,72,72,72,72,72,72,72,72,72,72],"card_choices":[{"not_picked":["Wild Strike","Sentinel"],"picked":"Pommel Strike","floor":1},{"not_picked":["Disarm","Wild Strike"],"picked":"Inflame","floor":3},{"not_picked":["Body Slam","Havoc"],"picked":"Clash","floor":4},{"not_picked":["True Grit","Spot Weakness"],"picked":"Entrench","floor":5},{"not_picked":["Combust","Havoc","Exhume"],"picked":"SKIP","floor":7},{"not_picked":["Shrug It Off","Pommel Strike"],"picked":"Metallicize","floor":12},{"not_picked":["Hemokinesis","Rampage"],"picked":"Thunderclap","floor":14},{"not_picked":["Disarm","Burning Pact"],"picked":"Iron Wave","floor":15}],"player_experience":859650,"relics_obtained":[{"floor":9,"key":"Blood Vial"}],"event_choices":[{"event_name":"Scrap Ooze","player_choice":"success","floor":2,"damage_taken":25},{"event_name":"Wheel of Change","player_choice":"Relic","floor":11,"damage_taken":0}],"boss_relics":[],"items_purged_floors":[10],"is_endless":false,"potions_floor_spawned":[4,5],"killed_by":"Hexaghost","ascension_level":4}