{"gold_per_floor":[99,99,99,99,99,99,99,99,99,99,99,99,99,99,99,99],"floor_reached":16,"playtime":438,"items_purged":[],"score":200,"play_id":"36c065da-01e1-4c5f-8a0d-61623fabc398","local_time":"20181029220042","is_ascension_mode":true,"campfire_choices":[{"data":"Skewer","floor":6,"key":"SMITH"},{"data":"Neutralize","floor":8,"key":"SMITH"},{"data":"Noxious Fumes","floor":10,"key":"SMITH"},{"data":"Poisoned Stab","floor":12,"key":"SMITH"},{"data":"Caltrops","floor":15,"key":"SMITH"}],"neow_cost":"NONE","seed_source_timestamp":239099894017534,"circlet_count":0,"master_deck":["Defend_G","Defend_G","Defend_G","Defend_G+1","Defend_G","Strike_G","Strike_G","Strike_G","Strike_G","Strike_G","Survivor+1","Neutralize+1","AscendersBane","Skewer+1","Noxious Fumes+1","Poisoned Stab+1","Backflip","Caltrops+1"],"relics":["Ectoplasm","Matryoshka","War Paint","Dream Catcher","Bag of Marbles","MawBank","Shuriken"],"potions_floor_usage":[11,14,16],"damage_taken":[{"damage":0,"enemies":"Jaw Worm","floor":1,"turns":5},{"damage":4,"enemies":"2 Louse","floor":2,"turns":2},{"damage":1,"enemies":"Small Slimes","floor":7,"turns":4},{"damage":2,"enemies":"Gremlin Gang","floor":11,"turns":3},{"damage":8,"enemies":"Blue Slaver","floor":13,"turns":2},{"damage":2,"enemies":"3 Sentries","floor":14,"turns":6},{"damage":27,"enemies":"Slime Boss","floor":16,"turns":6}],"seed_played":"7185725879469342727","potions_obtained":[{"floor":1,"key":"Poison Potion"},{"floor":11,"key":"SkillPotion"},{"floor":14,"key":"GamblersBrew"}],"is_trial":false,"path_per_floor":["M","M","?","?","T","R","M","R","T","R","M","R","M","E","R"],"character_chosen":"THE_SILENT","items_purchased":[],"campfire_rested":0,"item_purchase_floors":[],"current_hp_per_floor":[59,55,10,32,32,32,31,31,31,31,29,29,21,19,19,0],"gold":99,"neow_bonus":"BOSS_RELIC","is_prod":false,"is_daily":false,"chose_seed":false,"campfire_upgraded":5,"win_rate":0,"timestamp":1540868442,"path_taken":["M","M","?","?","?","R","M","R","T","R","?","R","M","E","R","BOSS"],"build_version":"2018-10-29v2","purchased_purges":0,"victory":false,"max_hp_per_floor":[66,66,66,66,66,66,66,66,66,66,66,66,66,66,66,66],"card_choices":[{"not_picked":["Masterful Stab","PiercingWail"],"picked":"Skewer","floor":1},{"not_picked":["Accuracy","Poisoned Stab"],"picked":"Noxious Fumes","floor":2},{"not_picked":["Outmaneuver","Deflect","Prepared"],"picked":"SKIP","floor":7},{"not_picked":["PiercingWail","Deflect"],"picked":"Poisoned Stab","floor":11},{"not_picked":["Deflect","PiercingWail"],"picked":"Backflip","floor":13},{"not_picked":["Flying Knee","PiercingWail"],"picked":"Caltrops","floor":14}],"player_experience":725568,"relics_obtained":[{"floor":5,"key":"War Paint"},{"floor":5,"key":"Dream Catcher"},{"floor":9,"key":"Bag of Marbles"},{"floor":9,"key":"MawBank"},{"floor":14,"key":"Shuriken"}],"event_choices":[{"damage_healed":0,"gold_gain":0,"player_choice":"Success","damage_taken":45,"relics_obtained":["Matryoshka"],"max_hp_gain":0,"max_hp_loss":0,"event_name":"Scrap Ooze","floor":3,"gold_loss":0},{"damage_healed":22,"gold_gain":0,"player_choice":"Banana","damage_taken":0,"max_hp_gain":0,"max_hp_loss":0,"event_name":"Big Fish","floor":4,"gold_loss":0}],"is_beta":true,"boss_relics":[],"items_purged_floors":[],"is_endless":false,"potions_floor_spawned":[1,11,14],"killed_by":"Slime Boss","ascension_level":20}