{"path_per_floor":["M","M","?","?","$","R","M","E","T","R","E","M","?","M","R","B",null],"character_chosen":"THE_SILENT","items_purchased":[],"gold_per_floor":[115,130,130,130,55,55,68,102,102,102,143,157,157,175,175,305,305,305],"floor_reached":18,"campfire_rested":1,"playtime":1210,"item_purchase_floors":[],"current_hp_per_floor":[65,65,48,48,48,48,48,24,24,45,12,12,29,27,27,10,55,0],"items_purged":["Defend_G"],"gold":305,"score":213,"play_id":"42cca47b-1b01-46c0-8d79-745a8a7a87d1","local_time":"20180614023946","is_prod":false,"is_daily":false,"chose_seed":false,"is_ascension_mode":true,"campfire_upgraded":2,"win_rate":0,"timestamp":1528936786,"campfire_choices":[{"data":"Neutralize","floor":6.0,"key":"SMITH"},{"floor":10.0,"key":"REST"},{"data":"Infinite Blades","floor":15.0,"key":"SMITH"}],"path_taken":["M","M","?","?","$","R","?","E","T","R","E","?","?","?","R","BOSS","M"],"build_version":"2018-06-13","seed_source_timestamp":89460627239482,"purchased_purges":1,"victory":false,"master_deck":["Defend_G","Defend_G","Defend_G","Defend_G","Strike_G","Strike_G","Strike_G","Strike_G","Survivor","Neutralize+1","Masterful Stab","Dagger Throw","Infinite Blades+1","Cloak And Dagger","Cloak And Dagger","Infinite Blades","Parasite","Die Die Die","Tools of the Trade"],"max_hp_per_floor":[70,70,70,70,70,70,70,70,70,70,70,70,70,70,70,70,70,70],"special_seed":17696,"relics":["Philosopher\u0027s Stone","Golden Idol","Sundial","Prayer Wheel","Letter Opener","Busted Crown"],"card_choices":[{"not_picked":["Quick Slash","Underhanded Strike"],"picked":"Masterful Stab","floor":1.0},{"not_picked":["Corpse Explosion","Underhanded Strike"],"picked":"Dagger Throw","floor":2.0},{"not_picked":["Flying Knee","Outmaneuver"],"picked":"Infinite Blades","floor":7.0},{"not_picked":["Storm of Steel","Calculated Gamble","Catalyst"],"picked":"SKIP","floor":8.0},{"not_picked":["Poisoned Stab","PiercingWail"],"picked":"Cloak And Dagger","floor":11.0},{"not_picked":["Masterful Stab","Dagger Throw"],"picked":"Cloak And Dagger","floor":12.0},{"not_picked":["Cloak And Dagger","Outmaneuver"],"picked":"Infinite Blades","floor":12.0},{"not_picked":["Noxious Fumes","Quick Slash"],"picked":"Die Die Die","floor":14.0},{"not_picked":["Poisoned Stab","Deadly Poison","Flying Knee"],"picked":"SKIP","floor":14.0},{"not_picked":["Die Die Die","Tactician"],"picked":"Tools of the Trade","floor":16}],"player_experience":112296,"potions_floor_usage":[16,18],"damage_taken":[{"damage":5.0,"enemies":"Jaw Worm","floor":1.0,"turns":6.0},{"damage":0.0,"enemies":"2 Louse","floor":2.0,"turns":2.0},{"damage":0.0,"enemies":"Small Slimes","floor":7.0,"turns":2.0},{"damage":24.0,"enemies":"Gremlin Nob","floor":8.0,"turns":4.0},{"damage":33.0,"enemies":"3 Sentries","floor":11.0,"turns":8.0},{"damage":0.0,"enemies":"Blue Slaver","floor":12.0,"turns":3.0},{"damage":2.0,"enemies":"Exordium Thugs","floor":14.0,"turns":4.0},{"damage":17,"enemies":"Slime Boss","floor":16,"turns":9},{"damage":56,"enemies":"3 Byrds","floor":18,"turns":3}],"relics_obtained":[{"floor":8.0,"key":"Sundial"},{"floor":9.0,"key":"Prayer Wheel"},{"floor":11.0,"key":"Letter Opener"}],"event_choices":[{"event_name":"Golden Idol","player_choice":"Take Damage","floor":3.0,"damage_taken":0.0},{"event_name":"Living Wall","player_choice":"Forget","floor":4.0,"damage_taken":0.0},{"event_name":"Mushrooms","player_choice":"Healed and dodged fight","floor":13.0,"damage_taken":0.0}],"boss_relics":[{"not_picked":["White Beast Statue","Velvet Choker"],"picked":"Busted Crown"}],"items_purged_floors":[],"potions_floor_spawned":[11,14,16],"seed_played":"6843175177794742112","killed_by":"3 Byrds","ascension_level":5,"potions_obtained":[{"floor":11.0,"key":"Block Potion"},{"floor":14.0,"key":"GhostInAJar"},{"floor":16,"key":"Ancient Potion"}],"is_trial":false}