{"gold_per_floor":[15,15,15,15,15,54,54,78,105,124,124,155,7,7,7,135,135,153,153,167,26,47,47,88,88,88,108,108,151,175,107,107,236,236,260,260,319,337,352,352,393,393,393,393],"floor_reached":44,"playtime":3038,"items_purged":[],"score":747,"play_id":"73be5a02-d742-4445-a53e-b14314fa7e0a","local_time":"20180627180644","is_ascension_mode":true,"campfire_choices":[{"floor":7.0,"key":"REST"},{"data":"Thunderclap","floor":11.0,"key":"SMITH"},{"floor":15.0,"key":"REST"},{"floor":23.0,"key":"REST"},{"data":"Feed","floor":25.0,"key":"SMITH"},{"floor":28.0,"key":"REST"},{"data":"Bludgeon","floor":32.0,"key":"SMITH"},{"floor":40,"key":"REST"},{"floor":42,"key":"REST"}],"neow_cost":"","seed_source_timestamp":437273267634080,"circlet_count":0,"master_deck":["Strike_R","Strike_R+1","Strike_R","Strike_R","Strike_R","Defend_R","Defend_R","Defend_R","Bash+1","Inflame","Shrug It Off","Thunderclap+1","Thunderclap","Feed+1","Perfected Strike+1","Flex+1","Bludgeon+1","Seeing Red","Iron Wave","Thunderclap","Iron Wave+1","Iron Wave","Spot Weakness","Impervious","Cleave","Inflame+1","Thunderclap+1","Sentinel+1","Iron Wave+1"],"special_seed":0,"relics":["Burning Blood","Golden Idol","Frozen Egg 2","Pen Nib","Orichalcum","Whetstone","Regal Pillow","Mark of Pain","Nilry\u0027s Codex","Potion Belt","Ancient Tea Set","Red Mask","Lizard Tail","Dead Branch","Bag of Marbles","Molten Egg 2"],"potions_floor_usage":[41,44],"damage_taken":[{"damage":11.0,"enemies":"Jaw Worm","floor":1.0,"turns":4.0},{"damage":54.0,"enemies":"Gremlin Nob","floor":6.0,"turns":5.0},{"damage":5.0,"enemies":"Small Slimes","floor":8.0,"turns":4.0},{"damage":2.0,"enemies":"2 Louse","floor":10.0,"turns":4.0},{"damage":33.0,"enemies":"Lagavulin","floor":12.0,"turns":6.0},{"damage":40.0,"enemies":"The Guardian","floor":16.0,"turns":12.0},{"damage":27.0,"enemies":"Spheric Guardian","floor":18.0,"turns":5.0},{"damage":0.0,"enemies":"Chosen","floor":20.0,"turns":3.0},{"damage":5.0,"enemies":"Snecko","floor":22.0,"turns":4.0},{"damage":44.0,"enemies":"Gremlin Leader","floor":24.0,"turns":9.0},{"damage":19.0,"enemies":"Centurion and Healer","floor":27.0,"turns":3.0},{"damage":27.0,"floor":29.0,"turns":5.0},{"damage":12.0,"enemies":"3 Cultists","floor":30.0,"turns":4.0},{"damage":69.0,"enemies":"Automaton","floor":33.0,"turns":9.0},{"damage":0.0,"enemies":"3 Shapes","floor":35.0,"turns":4.0},{"damage":90.0,"floor":37.0,"turns":7.0},{"damage":20.0,"enemies":"Orb Walker","floor":38.0,"turns":3.0},{"damage":23,"enemies":"Flame Bruiser 2 Orb","floor":39,"turns":5},{"damage":45,"enemies":"2 Orb Walkers","floor":41,"turns":5},{"damage":153,"enemies":"Giant Head","floor":44,"turns":8}],"seed_played":"3619345530275789592","potions_obtained":[{"floor":6.0,"key":"FearPotion"},{"floor":10.0,"key":"Weak Potion"},{"floor":12.0,"key":"Block Potion"},{"floor":18.0,"key":"EssenceOfSteel"},{"floor":22.0,"key":"FearPotion"},{"floor":30.0,"key":"GamblersBrew"},{"floor":33.0,"key":"BloodPotion"},{"floor":41,"key":"Energy Potion"}],"is_trial":false,"path_per_floor":["M","?","?","$","?","E","R","M","T","M","R","E","$","T","R","B",null,"M","?","M","$","M","R","E","R","T","M","R","?","M","$","R","B",null,"M","?","?","M","M","R","E","R","T"],"character_chosen":"IRONCLAD","items_purchased":["Whetstone","Bludgeon","Spot Weakness"],"campfire_rested":6,"item_purchase_floors":[],"current_hp_per_floor":[83,83,59,59,64,16,46,47,47,51,51,24,24,24,69,35,85,67,51,57,57,61,107,69,69,69,56,103,86,80,80,80,17,88,94,94,34,24,7,57,18,68,68,0],"gold":393,"neow_bonus":"","is_prod":false,"is_daily":false,"chose_seed":false,"campfire_upgraded":3,"win_rate":0,"timestamp":1530115604,"path_taken":["M","?","?","$","?","E","R","M","T","M","R","E","?","?","R","BOSS","M","?","M","$","M","R","E","R","T","M","R","?","M","$","R","BOSS","M","?","?","?","M","R","E","R","T","E"],"build_version":"2018-06-26","purchased_purges":0,"victory":false,"max_hp_per_floor":[96,96,96,96,101,101,101,101,101,101,101,101,101,101,101,101,101,104,104,104,104,107,107,107,107,107,107,107,111,111,111,111,111,111,111,111,115,119,119,119,119,119,119,119],"card_choices":[{"not_picked":["Warcry","Thunderclap"],"picked":"Inflame","floor":1.0},{"not_picked":["Dual Wield","Sever Soul","Feel No Pain"],"picked":"SKIP","floor":6.0},{"not_picked":["Headbutt","Demon Form+1"],"picked":"Shrug It Off","floor":8.0},{"not_picked":["Flex","Sever Soul"],"picked":"Thunderclap","floor":10.0},{"not_picked":["Wild Strike","Battle Trance"],"picked":"Thunderclap","floor":12.0},{"not_picked":["Juggernaut+1","Limit Break"],"picked":"Feed","floor":16.0},{"not_picked":["Havoc","Clash+1"],"picked":"Perfected Strike+1","floor":18.0},{"not_picked":["Body Slam","Wild Strike"],"picked":"Flex+1","floor":20.0},{"not_picked":["Battle Trance","Havoc+1"],"picked":"Seeing Red","floor":22.0},{"not_picked":["Headbutt","Infernal Blade"],"picked":"Iron Wave","floor":24.0},{"not_picked":["Wild Strike+1","Sentinel"],"picked":"Thunderclap","floor":27.0},{"not_picked":["Corruption+1","Heavy Blade"],"picked":"Iron Wave+1","floor":29.0},{"not_picked":["Limit Break","Reckless Charge+1"],"picked":"Iron Wave","floor":30.0},{"not_picked":["Juggernaut+1","Fiend Fire"],"picked":"Impervious","floor":33.0},{"not_picked":["Warcry","Pommel Strike"],"picked":"Cleave","floor":35.0},{"not_picked":["Clothesline","Anger+1"],"picked":"Inflame+1","floor":37.0},{"not_picked":["Disarm","Searing Blow"],"picked":"Thunderclap+1","floor":38.0},{"not_picked":["Sever Soul+1","Clash"],"picked":"Sentinel+1","floor":39},{"not_picked":["Whirlwind","Inflame+1"],"picked":"Iron Wave+1","floor":41}],"player_experience":188484,"relics_obtained":[{"floor":6.0,"key":"Frozen Egg 2"},{"floor":9.0,"key":"Pen Nib"},{"floor":12.0,"key":"Orichalcum"},{"floor":14.0,"key":"Regal Pillow"},{"floor":19.0,"key":"Nilry\u0027s Codex"},{"floor":24.0,"key":"Potion Belt"},{"floor":26.0,"key":"Ancient Tea Set"},{"floor":29.0,"key":"Red Mask"},{"floor":37.0,"key":"Dead Branch"},{"floor":41,"key":"Bag of Marbles"},{"floor":43,"key":"Molten Egg 2"}],"event_choices":[{"event_name":"The Cleric","player_choice":"Leave","floor":2.0,"damage_taken":0.0},{"event_name":"Golden Idol","player_choice":"Take Damage","floor":3.0,"damage_taken":0.0},{"event_name":"Big Fish","player_choice":"Donut","floor":5.0,"damage_taken":0.0},{"event_name":"Cursed Tome","player_choice":"Obtained Book","floor":19.0,"damage_taken":0.0},{"event_name":"Masked Bandits","player_choice":"Fought over 108 gold","floor":29.0,"damage_taken":0.0},{"event_name":"Falling","player_choice":"Removed Skill","floor":36.0,"damage_taken":0.0},{"event_name":"Mysterious Sphere","player_choice":"Fight","floor":37.0,"damage_taken":0.0}],"boss_relics":[{"not_picked":["White Beast Statue","Calling Bell"],"picked":"Mark of Pain"},{"not_picked":["Philosopher\u0027s Stone","Runic Cube"],"picked":"Lizard Tail"}],"items_purged_floors":[],"is_endless":false,"potions_floor_spawned":[6,10,12,18,22,30,33,41],"killed_by":"Giant Head","ascension_level":8}