{"path_per_floor":["M","M","M","?","?","E","R","?","T","R","M","M","R","$","R","B",null,"M","?","?","M","$","R","?","M","T","R","?","M","$","M","R"],"character_chosen":"IRONCLAD","items_purchased":["Rampage","Whirlwind"],"gold_per_floor":[118,133,147,147,147,176,176,176,176,176,189,202,202,127,127,229,259,274,189,114,134,134,134,134,144,171,171,205,215,64,64,64,64],"floor_reached":33,"campfire_rested":3,"playtime":1167,"item_purchase_floors":[30,30],"current_hp_per_floor":[80,80,80,80,72,61,80,85,85,85,85,83,83,83,83,51,90,90,90,90,90,90,90,90,63,63,90,76,44,44,45,72,0],"items_purged":["Entrench"],"gold":64,"score":245,"play_id":"149bdf66-af2e-4ab0-9a4a-2206f3dc3798","local_time":"20180524230057","is_prod":false,"is_daily":false,"chose_seed":false,"is_ascension_mode":false,"campfire_upgraded":3,"win_rate":0.0,"timestamp":1527220857,"campfire_choices":[{"floor":7,"key":"REST"},{"data":"Inflame","floor":10,"key":"SMITH"},{"data":"Flex","floor":13,"key":"SMITH"},{"data":"Bash","floor":15,"key":"SMITH"},{"data":"1","floor":23,"key":"LIFT"},{"floor":27,"key":"REST"},{"floor":32,"key":"REST"}],"path_taken":["M","?","M","?","?","E","R","?","T","R","M","M","R","?","R","BOSS","M","?","?","?","?","R","?","M","T","R","?","M","?","M","R","BOSS"],"build_version":"2018-05-23v2","seed_source_timestamp":165239466054074,"purchased_purges":1,"victory":false,"master_deck":["Strike_R","Strike_R","Strike_R+1","Strike_R","Defend_R","Defend_R","Defend_R","Bash+1","Anger","Clash+1","Inflame+1","Flex+1","Offering","Anger","Combust","Demon Form","Flex","Flex","Rampage","Whirlwind"],"max_hp_per_floor":[80,80,80,80,80,80,80,85,85,85,85,85,85,85,85,85,90,90,90,90,90,90,90,90,90,90,90,90,90,90,90,90,90],"relics":["Burning Blood","Self Forming Clay","Mummified Hand","Tiny House","Girya","Bag of Marbles","Red Mask"],"card_choices":[{"not_picked":["Warcry","Evolve"],"picked":"Anger","floor":1},{"not_picked":["Pommel Strike","Feel No Pain"],"picked":"Clash","floor":2},{"not_picked":["Wild Strike","Burning Pact","Armaments"],"picked":"SKIP","floor":3},{"not_picked":["Cleave","Double Tap"],"picked":"Inflame","floor":6},{"not_picked":["Shrug It Off","Disarm"],"picked":"Entrench","floor":11},{"not_picked":["Body Slam","Warcry"],"picked":"Flex","floor":12},{"not_picked":["Berserk","Barricade"],"picked":"Offering","floor":16},{"not_picked":["Dual Wield","Power Through"],"picked":"Anger","floor":17},{"not_picked":["Heavy Blade+1","Bloodletting+1"],"picked":"Combust","floor":18},{"not_picked":["Shrug It Off","Twin Strike+1"],"picked":"Demon Form","floor":21},{"not_picked":["Ghostly Armor","Clash"],"picked":"Flex","floor":25},{"not_picked":["Feel No Pain+1","Heavy Blade"],"picked":"Flex","floor":28},{"not_picked":["Perfected Strike+1","Immolate","Pummel"],"picked":"SKIP","floor":29}],"player_experience":132269,"potions_floor_usage":[6,16,21,21,31,33],"damage_taken":[{"damage":1,"enemies":"Cultist","floor":1,"turns":3},{"damage":0,"enemies":"Small Slimes","floor":2,"turns":3},{"damage":2,"enemies":"2 Louse","floor":3,"turns":3},{"damage":17,"enemies":"Gremlin Nob","floor":6,"turns":4},{"damage":5,"enemies":"Large Slime","floor":11,"turns":5},{"damage":8,"enemies":"Lots of Slimes","floor":12,"turns":4},{"damage":38,"enemies":"The Guardian","floor":16,"turns":9},{"damage":4,"enemies":"Spheric Guardian","floor":18,"turns":3},{"damage":4,"enemies":"3 Byrds","floor":21,"turns":3},{"damage":33,"enemies":"Cultist and Chosen","floor":25,"turns":5},{"damage":20,"enemies":"Masked Bandits","floor":28,"turns":3},{"damage":38,"enemies":"Slaver and Parasite","floor":29,"turns":5},{"damage":5,"enemies":"Snake Plant","floor":31,"turns":2},{"damage":74,"enemies":"Collector","floor":33,"turns":7}],"relics_obtained":[{"floor":6,"key":"Self Forming Clay"},{"floor":9,"key":"Mummified Hand"},{"floor":26,"key":"Bag of Marbles"},{"floor":28,"key":"Red Mask"}],"event_choices":[{"event_name":"Upgrade Shrine","player_choice":"Upgraded","floor":4,"damage_taken":0},{"event_name":"Wheel of Change","player_choice":"Damage","floor":5,"damage_taken":0},{"event_name":"Big Fish","player_choice":"Donut","floor":8,"damage_taken":0},{"event_name":"Addict","player_choice":"Obtained Relic","floor":19,"damage_taken":0},{"event_name":"Beggar","player_choice":"Gave Gold","floor":20,"damage_taken":0},{"event_name":"Purifier","player_choice":"One Purge","floor":24,"damage_taken":0},{"event_name":"Masked Bandits","player_choice":"Fought over 171 gold","floor":28,"damage_taken":0}],"boss_relics":[{"not_picked":["Velvet Choker","Orrery"],"picked":"Tiny House"}],"items_purged_floors":[14],"potions_floor_spawned":[2,12,18,25,29,31],"seed_played":"-5078283180753988112","killed_by":"Collector","ascension_level":0,"potions_obtained":[{"floor":2,"key":"Dexterity Potion"},{"floor":12,"key":"PowerPotion"},{"floor":17,"key":"Fire Potion"},{"floor":18,"key":"Explosive Potion"},{"floor":25,"key":"SmokeBomb"},{"floor":29,"key":"Swift Potion"}],"is_trial":false}