{"path_per_floor":["M","?","M","$","M","M","R","M","T","E","R","M","E","M","R","B",null,"M","?","$","?","M","E","R","T","T","$","R","M","M","$","R"],"character_chosen":"IRONCLAD","items_purchased":["Iron Wave","Reckless Charge","Orichalcum","Juzu Bracelet","Fire Breathing"],"gold_per_floor":[111,111,125,26,36,55,55,68,68,98,98,113,142,159,159,256,256,274,304,265,265,276,309,309,309,391,41,41,56,75,75,75,75],"floor_reached":33,"campfire_rested":2,"playtime":2491,"item_purchase_floors":[4,20,27,27,27],"current_hp_per_floor":[77,77,75,75,80,80,80,80,90,80,80,77,64,58,85,45,90,81,71,71,71,75,50,77,77,77,77,77,73,73,73,73,0],"items_purged":["Defend_R","Writhe"],"gold":75,"score":302,"play_id":"5efb0a66-cc04-4cfe-a1b8-3b0d158ef7c0","local_time":"20180529183111","is_prod":false,"is_daily":false,"chose_seed":false,"is_ascension_mode":false,"campfire_upgraded":4,"win_rate":0,"timestamp":1527633071,"campfire_choices":[{"data":"Infernal Blade","floor":7,"key":"SMITH"},{"data":"Double Tap","floor":11,"key":"SMITH"},{"floor":15,"key":"REST"},{"floor":24,"key":"REST"},{"data":"Fire Breathing","floor":28,"key":"SMITH"},{"data":"Reckless Charge","floor":32,"key":"SMITH"}],"path_taken":["M","?","M","?","M","M","R","M","T","E","R","M","E","M","R","BOSS","M","?","?","?","M","E","R","?","T","$","R","M","M","$","R","BOSS"],"build_version":"2018-05-24","seed_source_timestamp":179059442867552,"purchased_purges":2,"victory":false,"master_deck":["Strike_R","Strike_R","Strike_R","Strike_R","Strike_R","Defend_R","Defend_R","Defend_R","Bash","Anger","Pommel Strike","Iron Wave","Double Tap+1","Infernal Blade+1","Flex","Thunderclap","Shockwave","Uppercut","Seeing Red","Limit Break","Clash","Reckless Charge+1","Carnage","Thunderclap","Fire Breathing+1","Iron Wave","Heavy Blade+1"],"max_hp_per_floor":[80,80,80,80,80,80,80,80,90,90,90,90,90,90,90,90,90,90,90,90,90,90,90,90,90,90,90,90,95,95,95,95,95],"relics":["Burning Blood","Bird Faced Urn","Pear","Bottled Lightning","Centennial Puzzle","Runic Cube","Red Mask","Question Card","Potion Belt","The Courier","Tiny Chest","Orichalcum","Juzu Bracelet"],"card_choices":[{"not_picked":["Headbutt","Pommel Strike"],"picked":"Anger","floor":1},{"not_picked":["Twin Strike","Ghostly Armor"],"picked":"Pommel Strike","floor":3},{"not_picked":["Feel No Pain","Body Slam"],"picked":"Double Tap","floor":5},{"not_picked":["Carnage","Twin Strike"],"picked":"Infernal Blade","floor":6},{"not_picked":["Warcry","Havoc"],"picked":"Flex","floor":8},{"not_picked":["Iron Wave","Sever Soul"],"picked":"Thunderclap","floor":10},{"not_picked":["Thunderclap","Pommel Strike"],"picked":"Shockwave","floor":12},{"not_picked":["Body Slam","Flex"],"picked":"Uppercut","floor":13},{"not_picked":["Intimidate","Evolve"],"picked":"Seeing Red","floor":14},{"not_picked":["Berserk","Offering"],"picked":"Limit Break","floor":16},{"not_picked":["Havoc","Warcry+1","Flex"],"picked":"SKIP","floor":18},{"not_picked":["Wild Strike","Pummel"],"picked":"Clash","floor":19},{"not_picked":["Havoc","Twin Strike","Sentinel"],"picked":"Carnage","floor":22},{"not_picked":["Warcry","Feel No Pain","Sentinel+1"],"picked":"Thunderclap","floor":23},{"not_picked":["Carnage","Perfected Strike","Thunderclap+1"],"picked":"Iron Wave","floor":29},{"not_picked":["Clothesline","Battle Trance","Wild Strike"],"picked":"Heavy Blade+1","floor":30}],"player_experience":194077,"potions_floor_usage":[12,13,16,22,23,23,23,29,33],"damage_taken":[{"damage":9,"enemies":"Jaw Worm","floor":1,"turns":6},{"damage":8,"enemies":"2 Louse","floor":3,"turns":3},{"damage":1,"enemies":"Cultist","floor":5,"turns":3},{"damage":3,"enemies":"2 Fungi Beasts","floor":6,"turns":3},{"damage":5,"enemies":"Exordium Wildlife","floor":8,"turns":3},{"damage":16,"enemies":"3 Sentries","floor":10,"turns":7},{"damage":9,"enemies":"Large Slime","floor":12,"turns":4},{"damage":19,"enemies":"Gremlin Nob","floor":13,"turns":4},{"damage":12,"enemies":"Exordium Thugs","floor":14,"turns":3},{"damage":46,"enemies":"Hexaghost","floor":16,"turns":8},{"damage":15,"enemies":"3 Byrds","floor":18,"turns":4},{"damage":16,"enemies":"Masked Bandits","floor":19,"turns":3},{"damage":2,"enemies":"2 Thieves","floor":22,"turns":3},{"damage":31,"enemies":"Slavers","floor":23,"turns":4},{"damage":17,"enemies":"Sentry and Sphere","floor":29,"turns":4},{"damage":6,"enemies":"Chosen and Byrds","floor":30,"turns":5},{"damage":81,"enemies":"Champ","floor":33,"turns":9}],"relics_obtained":[{"floor":9,"key":"Pear"},{"floor":10,"key":"Bottled Lightning"},{"floor":13,"key":"Centennial Puzzle"},{"floor":19,"key":"Red Mask"},{"floor":23,"key":"Potion Belt"},{"floor":25,"key":"The Courier"},{"floor":26,"key":"Tiny Chest"}],"event_choices":[{"event_name":"Living Wall","player_choice":"Forget","floor":2,"damage_taken":0},{"event_name":"Masked Bandits","player_choice":"Fought over 274 gold","floor":19,"damage_taken":0},{"event_name":"The Mausoleum","player_choice":"Yes","floor":21,"damage_taken":0}],"boss_relics":[{"not_picked":["Ectoplasm","Runic Dome"],"picked":"Runic Cube"}],"items_purged_floors":[4,27],"potions_floor_spawned":[6,10,13,14,16,19,22,23,30],"seed_played":"-3346891776739977287","killed_by":"Champ","ascension_level":0,"potions_obtained":[{"floor":6,"key":"Weak Potion"},{"floor":10,"key":"Energy Potion"},{"floor":13,"key":"SteroidPotion"},{"floor":14,"key":"Block Potion"},{"floor":16,"key":"Poison Potion"},{"floor":19,"key":"LiquidBronze"},{"floor":22,"key":"SkillPotion"},{"floor":23,"key":"Fruit Juice"},{"floor":30,"key":"FearPotion"}],"is_trial":false}