{"gold_per_floor":[111,111,61,136,146,146,156,182,259,259,259,279,279,295,295,398,398,414,434,444,12,31,65,65,100,100,20,20,20,37,136,136,234,234,247,257,267,267],"floor_reached":38,"playtime":3154,"items_purged":["Strike_B","Regret"],"score":624,"play_id":"379e2155-3358-41d2-ad18-fc50bffe7e9a","local_time":"20180713175825","is_ascension_mode":true,"campfire_choices":[{"data":"Zap","floor":6.0,"key":"SMITH"},{"data":"Zap","floor":10.0,"key":"SMITH"},{"data":"Dualcast","floor":13.0,"key":"SMITH"},{"data":"Coolheaded","floor":15.0,"key":"SMITH"},{"data":"Blizzard","floor":24.0,"key":"SMITH"},{"data":"Capacitor","floor":28.0,"key":"SMITH"},{"floor":32.0,"key":"REST"}],"neow_cost":"NONE","seed_source_timestamp":0,"circlet_count":0,"master_deck":["Strike_B","Strike_B","Defend_B","Defend_B","Defend_B","Defend_B","Zap+1","Dualcast+1","AscendersBane","Self Repair","Loop","Zap+1","Good Instincts","Go for the Eyes","All For One","Glacier","Coolheaded+1","Cold Snap","Go for the Eyes","Buffer","Coolheaded+1","Loop+1","Capacitor+1","Blizzard+1","Coolheaded+1","All For One","Leap","Echo Form","Cold Snap+1","Conserve Battery+1","Ball Lightning+1"],"special_seed":0,"relics":["Cracked Core","Regal Pillow","Blood Vial","Dodecahedron","Cursed Key","Toolbox","Lantern","Potion Belt","The Courier","Sozu"],"potions_floor_usage":[],"damage_taken":[{"damage":1.0,"enemies":"Cultist","floor":1.0,"turns":4.0},{"damage":5.0,"enemies":"Small Slimes","floor":5.0,"turns":4.0},{"damage":0.0,"enemies":"Jaw Worm","floor":7.0,"turns":5.0},{"damage":5.0,"enemies":"Gremlin Nob","floor":8.0,"turns":4.0},{"damage":17.0,"enemies":"Large Slime","floor":12.0,"turns":5.0},{"damage":0.0,"enemies":"Blue Slaver","floor":14.0,"turns":4.0},{"damage":42.0,"enemies":"Hexaghost","floor":16.0,"turns":13.0},{"damage":0.0,"enemies":"Chosen","floor":18.0,"turns":5.0},{"damage":5.0,"enemies":"Shell Parasite","floor":19.0,"turns":5.0},{"damage":0.0,"enemies":"Snecko","floor":20.0,"turns":9.0},{"damage":13.0,"enemies":"Snake Plant","floor":22.0,"turns":5.0},{"damage":24.0,"enemies":"Book of Stabbing","floor":23.0,"turns":9.0},{"damage":20.0,"enemies":"Gremlin Leader","floor":25.0,"turns":8.0},{"damage":26.0,"enemies":"Cultist and Chosen","floor":30.0,"turns":7.0},{"damage":49.0,"enemies":"Champ","floor":33.0,"turns":15.0},{"damage":21.0,"enemies":"3 Darklings","floor":35.0,"turns":5.0},{"damage":28.0,"enemies":"3 Shapes","floor":36.0,"turns":5.0},{"damage":23,"enemies":"Sphere and 2 Shapes","floor":37,"turns":8},{"damage":31,"floor":38,"turns":6}],"seed_played":"-11779003295360076","potions_obtained":[{"floor":1.0,"key":"Block Potion"},{"floor":5.0,"key":"AttackPotion"},{"floor":7.0,"key":"Dexterity Potion"},{"floor":19.0,"key":"SteroidPotion"},{"floor":22.0,"key":"FearPotion"}],"is_trial":false,"path_per_floor":["M","?","?","?","M","R","M","E","T","R","?","M","R","M","R","B",null,"M","M","M","$","M","E","R","E","T","$","R","?","M","?","R","B",null,"M","M","M"],"character_chosen":"DEFECT","items_purchased":["Capacitor","Toolbox","Blizzard"],"campfire_rested":1,"item_purchase_floors":[21,21,21],"current_hp_per_floor":[67,67,67,56,58,58,65,67,67,67,72,64,64,66,66,33,68,77,80,80,80,74,59,59,48,48,48,48,48,31,31,70,30,68,56,37,23,0],"gold":267,"neow_bonus":"RANDOM_COMMON_RELIC","is_prod":false,"is_daily":false,"chose_seed":false,"campfire_upgraded":6,"win_rate":0,"timestamp":1531497505,"path_taken":["M","?","?","?","M","R","M","E","T","R","?","M","R","M","R","BOSS","M","M","M","$","M","E","R","E","T","$","R","?","M","?","R","BOSS","M","M","M","?"],"build_version":"2018-07-11","purchased_purges":2,"victory":false,"max_hp_per_floor":[75,75,75,75,75,75,75,75,75,75,80,80,80,80,80,80,80,80,80,80,80,80,80,80,80,80,80,80,80,80,80,80,80,80,80,80,80,80],"card_choices":[{"not_picked":["Force Field","Turbo"],"picked":"Self Repair","floor":1.0},{"not_picked":["Coolheaded","Go for the Eyes"],"picked":"Glacier","floor":5.0},{"not_picked":["Steam","Conserve Battery"],"picked":"Coolheaded","floor":7.0},{"not_picked":["Steam","Chaos","Beam Cell"],"picked":"SKIP","floor":8.0},{"not_picked":["Heatsinks","Rebound"],"picked":"Cold Snap","floor":12.0},{"not_picked":["Beam Cell","Hologram"],"picked":"Go for the Eyes","floor":14.0},{"not_picked":["Biased Cognition","Amplify"],"picked":"Buffer","floor":16.0},{"not_picked":["Heatsinks","Self Repair"],"picked":"Coolheaded+1","floor":18.0},{"not_picked":["Steam Power+1","Sweeping Beam+1","Recycle"],"picked":"SKIP","floor":19.0},{"not_picked":["Barrage","Scrape+1"],"picked":"Loop+1","floor":20.0},{"not_picked":["Double Energy+1","Loop"],"picked":"Coolheaded+1","floor":22.0},{"not_picked":["Barrage","Redo+1","Recycle"],"picked":"SKIP","floor":23.0},{"not_picked":["Self Repair","Steam"],"picked":"All For One","floor":25.0},{"not_picked":["Static Discharge","Scrape"],"picked":"Leap","floor":30.0},{"not_picked":["Amplify","All For One"],"picked":"Echo Form","floor":33.0},{"not_picked":["Aggregate+1","Beam Cell+1"],"picked":"Cold Snap+1","floor":35.0},{"not_picked":["Darkness","Coolheaded"],"picked":"Conserve Battery+1","floor":36.0},{"not_picked":["Sweeping Beam","Turbo+1"],"picked":"Ball Lightning+1","floor":37}],"player_experience":319333,"relics_obtained":[{"floor":8.0,"key":"Blood Vial"},{"floor":9.0,"key":"Dodecahedron"},{"floor":23.0,"key":"Lantern"},{"floor":25.0,"key":"Potion Belt"},{"floor":26.0,"key":"The Courier"}],"event_choices":[{"event_name":"Match and Keep!","player_choice":"5 cards matched","floor":2.0,"damage_taken":0.0},{"event_name":"The Cleric","player_choice":"Card Removal","floor":3.0,"damage_taken":0.0},{"event_name":"World of Goop","player_choice":"Gather Gold","floor":4.0,"damage_taken":0.0},{"event_name":"Big Fish","player_choice":"Donut","floor":11.0,"damage_taken":0.0},{"event_name":"Drug Dealer","player_choice":"Ignored","floor":29.0,"damage_taken":0.0},{"event_name":"Nest","player_choice":"Stole From Cult","floor":31.0,"damage_taken":0.0},{"event_name":"Mysterious Sphere","player_choice":"Fight","floor":38,"damage_taken":0}],"boss_relics":[{"not_picked":["Snecko Eye","Velvet Choker"],"picked":"Cursed Key"},{"not_picked":["Inserter","Philosopher\u0027s Stone"],"picked":"Sozu"}],"items_purged_floors":[21,27],"is_endless":false,"potions_floor_spawned":[1,5,7,19,22,35,37],"ascension_level":10}