{"gold_per_floor":[111,111,126,141,159,159,187,20,20,20,37,57,57,76,76,174,174,186,186,196,210,38,38,66,66,66,66,84,34,34,51,51,148,148,163,85,105,125,0,0,28,28],"floor_reached":42,"playtime":3804,"items_purged":["Strike_G","Strike_G"],"score":500,"play_id":"a202f101-d775-4644-8417-a934d39224c4","local_time":"20190108000225","is_ascension_mode":false,"campfire_choices":[{"data":"Backflip","floor":6,"key":"SMITH"},{"data":"Apotheosis","floor":13,"key":"SMITH"},{"data":"Flying Knee","floor":15,"key":"SMITH"},{"data":"Madness","floor":23,"key":"SMITH"},{"floor":25,"key":"REST"},{"data":"Flying Knee","floor":27,"key":"SMITH"},{"floor":30,"key":"REST"},{"data":"Adrenaline","floor":32,"key":"SMITH"},{"floor":40,"key":"REST"}],"neow_cost":"NONE","seed_source_timestamp":1512029279551092,"circlet_count":0,"master_deck":["Defend_G","Defend_G","Defend_G","Defend_G","Defend_G","Strike_G","Strike_G","Strike_G","Survivor","Neutralize","Madness+1","Backflip+1","Poisoned Stab","Flying Knee+1","All Out Attack","Apotheosis+1","All Out Attack","Adrenaline+1","Madness+1","Flying Knee+1","Reflex+1","Burst","Footwork","Footwork","Poisoned Stab"],"relics":["Ring of the Snake","Pear","Shuriken","Runic Pyramid","Mercury Hourglass","Oddly Smooth Stone","Paper Crane","Runic Dome","Dream Catcher"],"potions_floor_usage":[7,16,16,21,28,35,37,41],"damage_taken":[{"damage":2,"enemies":"Jaw Worm","floor":1,"turns":4},{"damage":3,"enemies":"2 Louse","floor":3,"turns":4},{"damage":2,"enemies":"Cultist","floor":4,"turns":4},{"damage":2,"enemies":"Red Slaver","floor":5,"turns":4},{"damage":20,"enemies":"3 Sentries","floor":7,"turns":9},{"damage":0,"enemies":"2 Fungi Beasts","floor":11,"turns":4},{"damage":0,"enemies":"Large Slime","floor":12,"turns":3},{"damage":9,"enemies":"Looter","floor":14,"turns":3},{"damage":0,"enemies":"The Guardian","floor":16,"turns":11},{"damage":2,"enemies":"Shell Parasite","floor":18,"turns":4},{"damage":2,"enemies":"Chosen","floor":20,"turns":3},{"damage":7,"enemies":"Centurion and Healer","floor":21,"turns":4},{"damage":56,"enemies":"Slavers","floor":24,"turns":6},{"damage":7,"enemies":"Shelled Parasite and Fungi","floor":28,"turns":4},{"damage":1,"enemies":"Cultist and Chosen","floor":31,"turns":6},{"damage":6,"enemies":"Collector","floor":33,"turns":10},{"damage":9,"enemies":"3 Shapes","floor":35,"turns":4},{"damage":0,"enemies":"Orb Walker","floor":37,"turns":4},{"damage":47,"enemies":"4 Shapes","floor":38,"turns":4},{"damage":39,"enemies":"Nemesis","floor":41,"turns":9},{"damage":15,"enemies":"Writhing Mass","floor":42,"turns":1}],"seed_played":"-2483727352642292283","potions_obtained":[{"floor":3,"key":"SkillPotion"},{"floor":11,"key":"Dexterity Potion"},{"floor":12,"key":"Swift Potion"},{"floor":16,"key":"Poison Potion"},{"floor":24,"key":"Dexterity Potion"},{"floor":31,"key":"GamblersBrew"},{"floor":33,"key":"Swift Potion"},{"floor":35,"key":"AttackPotion"}],"is_trial":false,"path_per_floor":["M","?","M","M","M","R","E","$","T","$","M","M","R","M","R","B",null,"M","?","M","M","$","R","E","R","T","R","M","?","R","M","R","B",null,"M","$","M","M","$","R","E","M"],"character_chosen":"THE_SILENT","items_purchased":["Apotheosis","Madness","Footwork","Poisoned Stab"],"campfire_rested":3,"item_purchase_floors":[8,22,36,39],"current_hp_per_floor":[68,68,65,63,61,61,51,51,51,51,51,51,51,42,42,42,80,78,78,76,69,69,69,13,37,37,37,30,30,54,53,53,47,80,71,71,71,24,24,48,9,0],"gold":28,"neow_bonus":"RANDOM_COLORLESS","is_prod":false,"is_daily":false,"chose_seed":false,"campfire_upgraded":6,"win_rate":0.0,"timestamp":1546934545,"path_taken":["M","?","M","M","M","R","E","$","T","$","M","M","R","M","R","BOSS","M","?","M","M","$","R","E","R","T","R","M","?","R","M","R","BOSS","M","$","M","M","$","R","E","M"],"build_version":"2019-01-03v4","purchased_purges":2,"victory":false,"max_hp_per_floor":[70,70,70,70,70,70,80,80,80,80,80,80,80,80,80,80,80,80,80,80,80,80,80,80,80,80,80,80,80,80,80,80,80,80,80,80,80,80,80,80,80,80],"card_choices":[{"not_picked":["Escape Plan","Distraction"],"picked":"Backflip","floor":1},{"not_picked":["Infinite Blades","Underhanded Strike"],"picked":"Poisoned Stab","floor":3},{"not_picked":["Dagger Throw","Caltrops"],"picked":"Flying Knee","floor":4},{"not_picked":["Crippling Poison","Dash","Choke"],"picked":"SKIP","floor":5},{"not_picked":["Dash","Caltrops"],"picked":"All Out Attack","floor":7},{"not_picked":["Backflip","Blade Dance"],"picked":"All Out Attack","floor":11},{"not_picked":["Dagger Spray","Dagger Throw","Deadly Poison"],"picked":"SKIP","floor":12},{"not_picked":["Dagger Spray","Prepared","Backflip"],"picked":"SKIP","floor":14},{"not_picked":["Bullet Time","Envenom"],"picked":"Adrenaline","floor":16},{"not_picked":["Deflect+1","Finisher","Blur"],"picked":"SKIP","floor":18},{"not_picked":["Finisher","Blur+1","Slice+1"],"picked":"SKIP","floor":20},{"not_picked":["Outmaneuver","Acrobatics","Dodge and Roll"],"picked":"SKIP","floor":21},{"not_picked":["Outmaneuver","PiercingWail+1"],"picked":"Flying Knee","floor":24},{"not_picked":["Deflect+1","Backflip"],"picked":"Reflex+1","floor":28},{"not_picked":["Cloak And Dagger","Catalyst","Quick Slash+1"],"picked":"SKIP","floor":31},{"not_picked":["Envenom","Bullet Time"],"picked":"Burst","floor":33},{"not_picked":["PiercingWail+1","Caltrops+1"],"picked":"Footwork","floor":35},{"not_picked":["Outmaneuver+1","Quick Slash+1","Catalyst+1"],"picked":"SKIP","floor":37},{"not_picked":["Infinite Blades+1","Expertise","All Out Attack+1"],"picked":"SKIP","floor":38},{"not_picked":["Cloak And Dagger+1","Blade Dance","Backflip+1"],"picked":"SKIP","floor":41}],"player_experience":96847,"relics_obtained":[{"floor":7,"key":"Pear"},{"floor":9,"key":"Shuriken"},{"floor":24,"key":"Oddly Smooth Stone"},{"floor":26,"key":"Paper Crane"},{"floor":41,"key":"Dream Catcher"}],"event_choices":[{"damage_healed":0,"gold_gain":0,"player_choice":"Grow","damage_taken":0,"max_hp_gain":0,"max_hp_loss":0,"event_name":"Living Wall","floor":2,"gold_loss":0,"cards_upgraded":["Madness"]},{"damage_healed":0,"gold_gain":0,"player_choice":"Opened","damage_taken":0,"relics_obtained":["Mercury Hourglass"],"max_hp_gain":0,"max_hp_loss":0,"event_name":"The Mausoleum","floor":19,"gold_loss":0},{"damage_healed":0,"gold_gain":0,"player_choice":"Bet on Murderer","damage_taken":0,"max_hp_gain":0,"max_hp_loss":0,"event_name":"The Joust","floor":29,"gold_loss":50}],"is_beta":false,"boss_relics":[{"not_picked":["Velvet Choker","Orrery"],"picked":"Runic Pyramid"},{"not_picked":["Philosopher\u0027s Stone","Pandora\u0027s Box"],"picked":"Runic Dome"}],"items_purged_floors":[22,39],"is_endless":false,"potions_floor_spawned":[3,11,12,16,24,31,33,35],"killed_by":"Writhing Mass","ascension_level":0}