{"gold_per_floor":[109,125,143,143,143,6,26,42,42,76,92,92,118,130,130,225,225,240,165,142,168,187,212,212,212,212,229,106,136,155,189,201,314,326,354,380,72,72,52,52,62,75,75,75,89,103,103,103,103,201,201,216,88,103,120,131,131,143,169,193,212,212,238,238,252,252,355,355,366,385,64,375,390,390,418,418,449,449,84,84,103,114,114,213,213,226,154,200,220,220,220,234,234,259,276,306,322,322,322,322,417,417,428,65,85,103,103,132,132,132,160,160,160,193,193,212,212,311,311,326,336],"floor_reached":121,"playtime":6607,"items_purged":["Writhe","Writhe"],"score":4347,"play_id":"6909775c-9109-462b-974e-3850a285a973","local_time":"20180721183155","daily_mods":["Heirloom","Vintage"],"is_ascension_mode":false,"campfire_choices":[{"data":"Footwork","floor":12,"key":"SMITH"},{"data":"Night Terror","floor":15,"key":"SMITH"},{"data":"A Thousand Cuts","floor":25,"key":"SMITH"},{"floor":32,"key":"REST"},{"data":"Envenom","floor":40,"key":"SMITH"},{"data":"Neutralize","floor":47,"key":"SMITH"},{"data":"Sucker Punch","floor":49,"key":"SMITH"},{"data":"Noxious Fumes","floor":57,"key":"SMITH"},{"floor":66,"key":"REST"},{"data":"Backstab","floor":74,"key":"SMITH"},{"data":"Dramatic Entrance","floor":78,"key":"SMITH"},{"floor":83,"key":"DIG"},{"floor":91,"key":"DIG"},{"floor":93,"key":"DIG"},{"data":"1","floor":100,"key":"LIFT"},{"data":"2","floor":109,"key":"LIFT"},{"data":"3","floor":113,"key":"LIFT"},{"floor":117,"key":"DIG"}],"neow_cost":"","seed_source_timestamp":0,"circlet_count":2,"master_deck":["Defend_G+1","Defend_G","Defend_G+1","Strike_G+1","Survivor+1","Neutralize+1","Flash of Steel+1","Night Terror+1","Dodge and Roll+1","Footwork+1","Escape Plan+1","Blur+1","A Thousand Cuts+1","Sucker Punch+1","Backflip+1","Infinite Blades+1","Quick Slash+1","Backstab+1","Deflect+1","Envenom+1","Expertise+1","Bullet Time+1","After Image+1","Flash of Steel+1","Bandage Up+1","Dramatic Entrance+1","PiercingWail+1","Adrenaline+1","Cloak And Dagger+1","Noxious Fumes+1","Malaise+1","Sucker Punch+1","Backstab+1","Storm of Steel+1","Riddle With Holes+1","Adrenaline+1","Die Die Die+1","Blade Dance+1","Doppelganger+1","Riddle With Holes+1","Dagger Spray+1","Concentrate+1","Expertise+1","Underhanded Strike+1","A Thousand Cuts+1","Footwork+1","After Image+1","Envenom+1","Writhe"],"relics":["Ring of the Snake","Tough Bandages","Juzu Bracelet","Ornamental Fan","Ninja Scroll","Question Card","Toxic Egg 2","Art of War","Bag of Preparation","Boot","Happy Flower","Paper Crane","War Paint","Philosopher\u0027s Stone","Singing Bowl","Anchor","Centennial Puzzle","Meat on the Bone","Nloth\u0027s Gift","Vajra","Bronze Scales","Tiny Chest","Dream Catcher","MawBank","Sundial","Astrolabe","Darkstone Periapt","Whetstone","Shuriken","Smiling Mask","Blue Candle","Orichalcum","Mummified Hand","Molten Egg 2","Mercury Hourglass","Dead Branch","Ancient Tea Set","WristBlade","Dodecahedron","Letter Opener","Potion Belt","Pen Nib","Strawberry","Regal Pillow","Turnip","Oddly Smooth Stone","Lantern","Empty Cage","Nunchaku","Blood Vial","Kunai","Old Coin","Pear","Ice Cream","Shovel","Frozen Egg 2","Snake Skull","Bag of Marbles","Gremlin Horn","Runic Dome","Pantograph","Prayer Wheel","Calipers","Mango","Torii","Thread and Needle","Bird Faced Urn","Girya","Incense Burner","Gambling Chip","Coffee Dripper","Omamori","Tingsha","Matryoshka","The Courier","Bottled Flame","Bottled Tornado","Ginger","Calling Bell","The Specimen","Du-Vu Doll","Unceasing Top","Circlet"],"potions_floor_usage":[10,16,16,16,31,33],"damage_taken":[{"damage":0,"enemies":"Cultist","floor":1,"turns":4},{"damage":0,"enemies":"2 Louse","floor":2,"turns":4},{"damage":5,"enemies":"Small Slimes","floor":3,"turns":4},{"damage":1,"enemies":"Looter","floor":7,"turns":3},{"damage":7,"enemies":"2 Fungi Beasts","floor":8,"turns":4},{"damage":16,"enemies":"Gremlin Nob","floor":10,"turns":5},{"damage":0,"enemies":"Large Slime","floor":11,"turns":8},{"damage":0,"enemies":"Lagavulin","floor":13,"turns":12},{"damage":0,"enemies":"Looter","floor":14,"turns":2},{"damage":34,"enemies":"Hexaghost","floor":16,"turns":23},{"damage":0,"enemies":"Chosen","floor":18,"turns":7},{"damage":9,"enemies":"2 Thieves","floor":22,"turns":4},{"damage":0,"enemies":"Gremlin Leader","floor":23,"turns":14},{"damage":0,"enemies":"Snecko","floor":27,"turns":6},{"damage":0,"enemies":"Snake Plant","floor":30,"turns":4},{"damage":12,"enemies":"Slavers","floor":31,"turns":4},{"damage":15,"enemies":"Champ","floor":33,"turns":12},{"damage":0,"enemies":"3 Shapes","floor":35,"turns":6},{"damage":12,"enemies":"3 Darklings","floor":36,"turns":5},{"damage":29,"enemies":"Maw","floor":41,"turns":8},{"damage":0,"enemies":"4 Shapes","floor":42,"turns":9},{"damage":0,"enemies":"3 Darklings","floor":45,"turns":4},{"damage":0,"enemies":"Maw","floor":46,"turns":6},{"damage":0,"floor":48,"turns":4},{"damage":0,"enemies":"Donu and Deca","floor":50,"turns":6},{"damage":0,"enemies":"Jaw Worm","floor":52,"turns":1},{"damage":0,"enemies":"Cultist","floor":54,"turns":1},{"damage":0,"enemies":"2 Louse","floor":55,"turns":1},{"damage":0,"enemies":"Lots of Slimes","floor":56,"turns":1},{"damage":0,"enemies":"Exordium Wildlife","floor":58,"turns":1},{"damage":0,"enemies":"Lagavulin","floor":59,"turns":2},{"damage":0,"enemies":"Blue Slaver","floor":61,"turns":1},{"damage":0,"enemies":"3 Sentries","floor":63,"turns":1},{"damage":0,"enemies":"Exordium Thugs","floor":65,"turns":2},{"damage":0,"enemies":"The Guardian","floor":67,"turns":3},{"damage":0,"enemies":"Chosen","floor":69,"turns":1},{"damage":0,"enemies":"Shell Parasite","floor":70,"turns":1},{"damage":0,"enemies":"Cultist and Chosen","floor":72,"turns":1},{"damage":0,"enemies":"Snecko","floor":73,"turns":1},{"damage":0,"enemies":"Slavers","floor":75,"turns":1},{"damage":0,"enemies":"Book of Stabbing","floor":77,"turns":1},{"damage":0,"enemies":"Centurion and Healer","floor":81,"turns":1},{"damage":0,"enemies":"Sentry and Sphere","floor":82,"turns":1},{"damage":0,"enemies":"Champ","floor":84,"turns":1},{"damage":0,"enemies":"3 Shapes","floor":86,"turns":1},{"damage":0,"floor":88,"turns":1},{"damage":0,"enemies":"Orb Walker","floor":89,"turns":1},{"damage":1,"enemies":"Maw","floor":92,"turns":2},{"damage":1,"enemies":"Nemesis","floor":94,"turns":1},{"damage":1,"enemies":"Flame Bruiser 2 Orb","floor":95,"turns":1},{"damage":1,"enemies":"2 Orb Walkers","floor":96,"turns":1},{"damage":1,"enemies":"3 Darklings","floor":97,"turns":1},{"damage":1,"floor":99,"turns":2},{"damage":22,"enemies":"Time Eater","floor":101,"turns":8},{"damage":0,"enemies":"2 Louse","floor":103,"turns":1},{"damage":0,"enemies":"Jaw Worm","floor":105,"turns":1},{"damage":0,"enemies":"Small Slimes","floor":106,"turns":1},{"damage":0,"enemies":"Lagavulin","floor":108,"turns":2},{"damage":0,"enemies":"Gremlin Nob","floor":111,"turns":1},{"damage":0,"enemies":"Lagavulin","floor":114,"turns":1},{"damage":0,"enemies":"Exordium Wildlife","floor":116,"turns":1},{"damage":0,"enemies":"Hexaghost","floor":118,"turns":3},{"damage":0,"enemies":"Spheric Guardian","floor":120,"turns":1},{"damage":0,"enemies":"2 Thieves","floor":121,"turns":1}],"seed_played":"-408811278039494051","potions_obtained":[{"floor":2,"key":"SteroidPotion"},{"floor":3,"key":"SkillPotion"},{"floor":8,"key":"Explosive Potion"},{"floor":10,"key":"Fire Potion"},{"floor":16,"key":"GhostInAJar"},{"floor":27,"key":"Block Potion"},{"floor":30,"key":"Block Potion"},{"floor":31,"key":"EntropicBrew"},{"floor":39,"key":"FairyPotion"},{"floor":65,"key":"Poison Potion"},{"floor":67,"key":"PowerPotion"},{"floor":89,"key":"Ancient Potion"}],"is_trial":true,"path_per_floor":["M","M","M","?","?","$","M","M","T","E","M","R","E","M","R","B",null,"M","?","$","T","M","E","?","R","T","M","$","?","M","E","R","B",null,"M","M","$","T","?","R","M","M","T","?","M","M","R","?","R","B",null,"M","$","M","M","M","R","M","E","T","M","?","E","?","M","R","B",null,"M","M","$","M","M","R","E","?","E","R","$","?","M","M","R","B",null,"M","$","?","M","?","R","M","R","E","M","E","M","?","?","R","B",null,"M","$","M","M","?","E","R","?","E","?","R","E","?","M","R","B",null,"M"],"character_chosen":"THE_SILENT","items_purchased":["Footwork","Escape Plan","Sucker Punch","Infinite Blades","Quick Slash","Shuriken","Cloak And Dagger+1","Noxious Fumes","Kunai","Riddle With Holes+1","Ice Cream","Blade Dance+1","Riddle With Holes+1","Tingsha"],"campfire_rested":2,"item_purchase_floors":[6,6,20,28,28,37,53,53,71,71,79,79,87,104],"current_hp_per_floor":[70,70,65,62,62,62,61,56,56,42,44,44,46,48,48,16,70,70,70,70,70,61,63,63,63,63,63,63,63,63,51,70,55,70,70,58,58,58,58,58,41,41,41,31,55,61,61,67,67,70,70,70,70,70,70,70,70,77,77,77,77,82,82,66,66,82,82,82,82,82,82,82,92,92,92,92,92,92,92,92,92,92,92,92,92,92,92,92,92,98,112,111,111,111,111,112,111,111,112,112,100,112,112,112,112,112,112,112,112,90,100,100,100,110,124,124,124,124,130,130,130],"gold":336,"neow_bonus":"","is_prod":false,"is_daily":false,"chose_seed":false,"campfire_upgraded":9,"win_rate":0,"timestamp":1532190715,"path_taken":["M","M","M","?","?","$","M","M","T","E","M","R","E","M","R","BOSS","M","?","$","?","M","E","?","R","T","M","$","?","M","E","R","BOSS","M","M","$","?","?","R","M","M","T","?","M","M","R","?","R","BOSS","M","$","M","M","M","R","M","E","T","M","?","E","?","M","R","BOSS","M","M","$","M","M","R","E","?","E","R","?","?","M","M","R","BOSS","M","$","?","M","?","R","M","R","E","M","E","M","?","?","R","BOSS","M","$","M","M","?","E","R","?","E","?","R","E","?","M","R","BOSS","M","M"],"build_version":"2018-07-19v2","purchased_purges":2,"victory":false,"max_hp_per_floor":[70,70,70,70,70,70,70,70,70,70,70,70,70,70,70,70,70,70,70,70,70,70,70,70,70,70,70,70,70,70,70,70,70,70,70,70,70,70,70,70,70,70,70,70,70,70,70,70,70,70,70,70,70,70,70,70,70,77,77,77,77,82,82,82,82,82,82,82,82,82,82,82,92,92,92,92,92,92,92,92,92,92,92,92,92,92,92,92,92,98,112,112,112,112,112,112,112,112,112,112,112,112,112,112,112,112,112,112,112,112,112,112,112,114,124,124,124,124,130,130,130],"card_choices":[{"not_picked":["Dagger Spray","Crippling Poison+1","Deflect+1"],"picked":"Blur+1","floor":10},{"not_picked":["Dagger Throw","Deflect+1","Terror+1"],"picked":"Phantasmal Killer+1","floor":13},{"not_picked":["After Image","Die Die Die","Phantasmal Killer+1"],"picked":"A Thousand Cuts","floor":16},{"not_picked":["Outmaneuver+1","Dash","Dodge and Roll+1"],"picked":"Backflip+1","floor":23},{"not_picked":["Dagger Throw","Outmaneuver+1","Dodge and Roll+1"],"picked":"Backstab","floor":31},{"not_picked":["Poisoned Stab+1","Terror+1","Deadly Poison+1"],"picked":"Deflect+1","floor":32},{"not_picked":["Night Terror+1","Doppelganger+1","Grand Finale"],"picked":"Envenom","floor":33},{"not_picked":["Trip+1","Jack Of All Trades+1","Bandage Up+1"],"picked":"Flash of Steel","floor":44},{"not_picked":["Secret Weapon+1","Mind Blast","Panacea+1"],"picked":"Bandage Up+1","floor":44},{"not_picked":["Enlightenment+1","Dark Shackles+1","Blind+1"],"picked":"Dramatic Entrance","floor":44},{"not_picked":["Dodge and Roll+1","Outmaneuver+1","Dagger Throw+1"],"picked":"PiercingWail+1","floor":48},{"not_picked":["Corpse Explosion+1","A Thousand Cuts","Wraith Form v2"],"picked":"Adrenaline+1","floor":50},{"not_picked":["Dodge and Roll+1","Noxious Fumes","Bane+1"],"picked":"Malaise+1","floor":59},{"not_picked":["Flying Knee+1","Dagger Throw+1","Burst+1"],"picked":"Sucker Punch+1","floor":63},{"not_picked":["Poisoned Stab+1","PiercingWail+1","Dodge and Roll+1"],"picked":"Backstab+1","floor":66},{"not_picked":["Night Terror+1","Bullet Time+1","A Thousand Cuts"],"picked":"Storm of Steel+1","floor":67},{"not_picked":["Backflip+1","Cloak And Dagger+1","Dagger Throw+1"],"picked":"Adrenaline+1","floor":75},{"not_picked":["Flying Knee+1","Endless Agony+1","Flechettes+1"],"picked":"Die Die Die+1","floor":77},{"not_picked":["Bullet Time+1","Unload+1","Wraith Form v2+1"],"picked":"Doppelganger+1","floor":84},{"not_picked":["Deflect+1","Cloak And Dagger+1","Heel Hook+1"],"picked":"Dagger Spray+1","floor":88},{"not_picked":["Die Die Die+1","Bane+1","Malaise+1"],"picked":"Concentrate+1","floor":94},{"not_picked":["Poisoned Stab+1","Unload+1","Bane+1"],"picked":"Expertise+1","floor":96},{"not_picked":["Flying Knee+1","Setup+1","Reflex+1"],"picked":"Underhanded Strike+1","floor":99},{"not_picked":["Adrenaline+1","Grand Finale+1","Wraith Form v2+1"],"picked":"A Thousand Cuts+1","floor":101},{"not_picked":["Dodge and Roll+1","Unload+1","Underhanded Strike+1"],"picked":"Footwork+1","floor":108},{"not_picked":["Deflect+1","PiercingWail+1","Setup+1"],"picked":"After Image+1","floor":111},{"not_picked":["Flying Knee+1","Heel Hook+1","Dagger Spray+1","Deflect+1"],"picked":"Singing Bowl","floor":114},{"not_picked":["Night Terror+1","Doppelganger+1","Phantasmal Killer+1"],"picked":"Envenom+1","floor":118}],"player_experience":1116809,"relics_obtained":[{"floor":1,"key":"Juzu Bracelet"},{"floor":2,"key":"Ornamental Fan"},{"floor":3,"key":"Ninja Scroll"},{"floor":7,"key":"Blood Vial"},{"floor":8,"key":"Toxic Egg 2"},{"floor":9,"key":"Art of War"},{"floor":10,"key":"Bag of Preparation"},{"floor":11,"key":"Boot"},{"floor":13,"key":"Happy Flower"},{"floor":14,"key":"Paper Crane"},{"floor":16,"key":"War Paint"},{"floor":18,"key":"Singing Bowl"},{"floor":21,"key":"Anchor"},{"floor":22,"key":"Centennial Puzzle"},{"floor":23,"key":"Meat on the Bone"},{"floor":26,"key":"Vajra"},{"floor":27,"key":"Bronze Scales"},{"floor":30,"key":"Dream Catcher"},{"floor":31,"key":"MawBank"},{"floor":33,"key":"Sundial"},{"floor":35,"key":"Darkstone Periapt"},{"floor":36,"key":"Whetstone"},{"floor":38,"key":"Smiling Mask"},{"floor":41,"key":"Blue Candle"},{"floor":42,"key":"Orichalcum"},{"floor":43,"key":"Mummified Hand"},{"floor":45,"key":"Molten Egg 2"},{"floor":46,"key":"Mercury Hourglass"},{"floor":48,"key":"Dead Branch"},{"floor":50,"key":"Ancient Tea Set"},{"floor":52,"key":"Dodecahedron"},{"floor":54,"key":"Letter Opener"},{"floor":55,"key":"Potion Belt"},{"floor":56,"key":"Pen Nib"},{"floor":58,"key":"Strawberry"},{"floor":60,"key":"Regal Pillow"},{"floor":61,"key":"Turnip"},{"floor":65,"key":"Oddly Smooth Stone"},{"floor":67,"key":"Lantern"},{"floor":69,"key":"Nunchaku"},{"floor":70,"key":"Blood Vial"},{"floor":72,"key":"Old Coin"},{"floor":73,"key":"Pear"},{"floor":81,"key":"Frozen Egg 2"},{"floor":82,"key":"Snake Skull"},{"floor":83,"key":"Bag of Marbles"},{"floor":84,"key":"Gremlin Horn"},{"floor":86,"key":"Pantograph"},{"floor":88,"key":"Prayer Wheel"},{"floor":89,"key":"Calipers"},{"floor":91,"key":"Mango"},{"floor":92,"key":"Torii"},{"floor":93,"key":"Thread and Needle"},{"floor":95,"key":"Bird Faced Urn"},{"floor":97,"key":"Girya"},{"floor":99,"key":"Incense Burner"},{"floor":101,"key":"Gambling Chip"},{"floor":103,"key":"Omamori"},{"floor":105,"key":"Matryoshka"},{"floor":106,"key":"The Courier"},{"floor":116,"key":"Bottled Flame"},{"floor":117,"key":"Bottled Tornado"},{"floor":118,"key":"Ginger"},{"floor":119,"key":"The Specimen"},{"floor":119,"key":"Du-Vu Doll"},{"floor":119,"key":"Unceasing Top"},{"floor":120,"key":"Circlet"},{"floor":121,"key":"Circlet"}],"event_choices":[{"event_name":"Scrap Ooze","player_choice":"success","floor":4,"damage_taken":3},{"event_name":"Match and Keep!","player_choice":"3 cards matched","floor":5,"damage_taken":0},{"event_name":"Beggar","player_choice":"Gave Gold","floor":19,"damage_taken":0},{"event_name":"N\u0027loth","player_choice":"Traded a Blood Vial","floor":24,"damage_taken":0},{"event_name":"The Mausoleum","player_choice":"Yes","floor":29,"damage_taken":0},{"event_name":"The Woman in Blue","player_choice":"Bought 1 Potion","floor":39,"damage_taken":0},{"event_name":"SensoryStone","player_choice":"Memory 3","floor":44,"damage_taken":0},{"event_name":"MindBloom","player_choice":"Fight","floor":48,"damage_taken":0},{"event_name":"Big Fish","player_choice":"Donut","floor":62,"damage_taken":0},{"event_name":"Shining Light","player_choice":"Entered Light","floor":64,"damage_taken":0},{"event_name":"The Lab","player_choice":"Got Potions","floor":76,"damage_taken":0},{"event_name":"The Mausoleum","player_choice":"Yes","floor":80,"damage_taken":0},{"event_name":"Mysterious Sphere","player_choice":"Fight","floor":88,"damage_taken":0},{"event_name":"Winding Halls","player_choice":"Writhe","floor":90,"damage_taken":0},{"event_name":"The Woman in Blue","player_choice":"Bought 0 Potions","floor":98,"damage_taken":0},{"event_name":"MindBloom","player_choice":"Fight","floor":99,"damage_taken":0},{"event_name":"Living Wall","player_choice":"Grow","floor":107,"damage_taken":0},{"event_name":"Shining Light","player_choice":"Entered Light","floor":110,"damage_taken":0},{"event_name":"Upgrade Shrine","player_choice":"Upgraded","floor":112,"damage_taken":0},{"event_name":"Bonfire Elementals","player_choice":"RARE","floor":115,"damage_taken":0}],"is_beta":false,"boss_relics":[{"not_picked":["Runic Dome","Snecko Eye"],"picked":"Philosopher\u0027s Stone"},{"not_picked":["Ring of the Serpent","Black Star"],"picked":"Astrolabe"},{"not_picked":["Lizard Tail","HoveringKite"],"picked":"WristBlade"},{"not_picked":["Eternal Feather","Snecko Eye"],"picked":"Empty Cage"},{"not_picked":["Velvet Choker","HoveringKite"],"picked":"Runic Dome"},{"not_picked":["Tiny House","Busted Crown"],"picked":"Coffee Dripper"},{"not_picked":["Black Star","Tiny House"],"picked":"Calling Bell"}],"items_purged_floors":[37,104],"is_endless":true,"potions_floor_spawned":[2,3,8,10,16,27,30,31,41,42,46,50,52,54,65,67,69,72,82,84,89,95,99,101,105,106,114,116,120],"killed_by":"2 Thieves","ascension_level":0}