{"gold_per_floor":[115,132,61,75,36,36,36,47,47,63,74,134,151,168,168,270,270,284,34,50,50,64,64,64,163,163,163,189,209,237,257,257,355,355,373,142,142,160,172,199,211,221,221,221,221,235,253,269,269,269],"floor_reached":51,"playtime":1616,"items_purged":[],"score":1002,"play_id":"e9da42a1-9c10-4b15-a448-48f088225fff","local_time":"20180707171740","daily_mods":["Draft","Heirloom","Vintage"],"is_ascension_mode":false,"campfire_choices":[{"data":"Sucker Punch","floor":7,"key":"SMITH"},{"data":"Footwork","floor":15,"key":"SMITH"},{"floor":23,"key":"REST"},{"data":"Finisher","floor":27,"key":"SMITH"},{"data":"Adrenaline","floor":32,"key":"SMITH"},{"data":"Adrenaline","floor":45,"key":"SMITH"},{"data":"Backstab","floor":49,"key":"SMITH"}],"neow_cost":"","seed_source_timestamp":0,"circlet_count":0,"master_deck":["Well Laid Plans","PiercingWail","Backstab+1","Dagger Throw","Blur","Sucker Punch+1","Footwork+1","Dodge and Roll","Slice+1","Cloak And Dagger+1","Heel Hook+1","Finisher+1","Escape Plan","Endless Agony","Adrenaline+1","Burst+1","Envenom+1","Flechettes+1","Finisher+1","Slice+1","Glass Knife+1","Backstab+1","Backstab+1","Adrenaline+1"],"relics":["Ring of the Snake","The Specimen","Thread and Needle","Lantern","Ornamental Fan","Incense Burner","Prayer Wheel","Ancient Tea Set","Dodecahedron","Tiny Chest","Juzu Bracelet","Turnip","Unceasing Top","Astrolabe","Bottled Lightning","Shuriken","Vajra","Nilry\u0027s Codex","Smiling Mask","Bottled Flame","Molten Egg 2","Blood Vial","Bronze Scales","Pen Nib","Boot","Paper Crane","Sozu","Singing Bowl","Whetstone","Strawberry","Sundial","Frozen Egg 2","Peace Pipe","Omamori","Snake Skull","Mercury Hourglass","Bag of Preparation","Torii"],"potions_floor_usage":[16,50,50],"damage_taken":[{"damage":1,"enemies":"Jaw Worm","floor":1,"turns":3},{"damage":0,"enemies":"2 Louse","floor":2,"turns":1},{"damage":0,"enemies":"Cultist","floor":4,"turns":1},{"damage":0,"enemies":"3 Louse","floor":8,"turns":2},{"damage":0,"enemies":"Blue Slaver","floor":10,"turns":1},{"damage":0,"enemies":"Exordium Thugs","floor":11,"turns":2},{"damage":0,"enemies":"Lagavulin","floor":12,"turns":3},{"damage":0,"enemies":"Gremlin Gang","floor":13,"turns":2},{"damage":0,"enemies":"3 Louse","floor":14,"turns":1},{"damage":8,"enemies":"The Guardian","floor":16,"turns":9},{"damage":0,"enemies":"3 Byrds","floor":18,"turns":2},{"damage":0,"enemies":"Shell Parasite","floor":20,"turns":1},{"damage":0,"enemies":"Snecko","floor":22,"turns":1},{"damage":0,"enemies":"Slavers","floor":28,"turns":1},{"damage":0,"enemies":"3 Cultists","floor":29,"turns":2},{"damage":0,"enemies":"Book of Stabbing","floor":30,"turns":1},{"damage":0,"enemies":"Snake Plant","floor":31,"turns":1},{"damage":0,"enemies":"Automaton","floor":33,"turns":2},{"damage":0,"enemies":"3 Shapes","floor":35,"turns":1},{"damage":0,"enemies":"3 Darklings","floor":38,"turns":1},{"damage":0,"enemies":"Sphere and 2 Shapes","floor":39,"turns":1},{"damage":0,"enemies":"Giant Head","floor":40,"turns":2},{"damage":0,"enemies":"4 Shapes","floor":41,"turns":1},{"damage":0,"enemies":"Maw","floor":42,"turns":1},{"damage":0,"enemies":"3 Darklings","floor":46,"turns":1},{"damage":0,"enemies":"Sphere and 2 Shapes","floor":47,"turns":1},{"damage":0,"enemies":"Maw","floor":48,"turns":1},{"damage":0,"enemies":"Awakened One","floor":50,"turns":4}],"seed_played":"6117064842094435717","potions_obtained":[{"floor":1,"key":"PowerPotion"},{"floor":10,"key":"Energy Potion"},{"floor":13,"key":"Weak Potion"},{"floor":16,"key":"FearPotion"},{"floor":20,"key":"Dexterity Potion"},{"floor":33,"key":"AttackPotion"}],"is_trial":true,"path_per_floor":["M","M","$","M","$","?","R","M","T","M","M","E","M","M","R","B",null,"M","$","M","?","M","R","T","?","T","R","E","M","E","M","R","B",null,"M","$","?","M","M","E","M","M","T","?","R","M","M","M","R","B"],"character_chosen":"THE_SILENT","items_purchased":["Escape Plan","Endless Agony","Shuriken","Backstab+1","Whetstone"],"campfire_rested":1,"item_purchase_floors":[3,5,19,36,36],"current_hp_per_floor":[69,69,69,69,69,69,69,69,69,69,69,69,69,69,69,61,70,70,70,70,54,54,70,70,70,70,70,70,70,70,70,70,70,70,70,70,70,77,77,77,77,77,77,77,77,77,77,77,77,77],"gold":269,"neow_bonus":"","is_prod":false,"is_daily":false,"chose_seed":false,"campfire_upgraded":6,"win_rate":0,"timestamp":1530976660,"path_taken":["M","M","$","M","$","?","R","M","T","M","M","E","M","M","R","BOSS","M","$","M","?","M","R","?","?","T","R","E","M","E","M","R","BOSS","M","$","?","M","M","E","M","M","T","?","R","M","M","M","R","BOSS"],"build_version":"2018-07-05","purchased_purges":0,"victory":true,"max_hp_per_floor":[70,70,70,70,70,70,70,70,70,70,70,70,70,70,70,70,70,70,70,70,70,70,70,70,70,70,70,70,70,70,70,70,70,70,70,70,70,77,77,77,77,77,77,77,77,77,77,77,77,77],"card_choices":[{"not_picked":["Blade Dance","Deadly Poison"],"picked":"Well Laid Plans","floor":0},{"not_picked":["Backflip","Well Laid Plans"],"picked":"PiercingWail","floor":0},{"not_picked":["Dodge and Roll","Acrobatics"],"picked":"Backstab","floor":0},{"not_picked":["PiercingWail","Well Laid Plans"],"picked":"Dagger Throw","floor":0},{"not_picked":["Quick Slash","Flying Knee"],"picked":"Deadly Poison","floor":0},{"not_picked":["Masterful Stab","PiercingWail"],"picked":"Blur","floor":0},{"not_picked":["Noxious Fumes","Choke"],"picked":"Sucker Punch","floor":0},{"not_picked":["Bane","Reflex"],"picked":"Prepared","floor":0},{"not_picked":["Outmaneuver","Acrobatics"],"picked":"Poisoned Stab","floor":0},{"not_picked":["Deflect","Bane"],"picked":"Footwork","floor":0},{"not_picked":["Poisoned Stab","Acrobatics"],"picked":"Dodge and Roll","floor":0},{"not_picked":["Reflex","PiercingWail"],"picked":"Slice","floor":0},{"not_picked":["Dagger Throw","Skewer"],"picked":"Cloak And Dagger","floor":0},{"not_picked":["Quick Slash","Dodge and Roll"],"picked":"Heel Hook","floor":0},{"not_picked":["Acrobatics","Caltrops"],"picked":"Finisher","floor":0},{"not_picked":["Dagger Throw","Dodge and Roll"],"picked":"Backstab","floor":12},{"not_picked":["Storm of Steel","Unload"],"picked":"Adrenaline","floor":16},{"not_picked":["Flechettes+1","Escape Plan"],"picked":"Finisher+1","floor":28},{"not_picked":["Deadly Poison+1","Masterful Stab+1"],"picked":"Slice+1","floor":30},{"not_picked":["Unload+1","Phantasmal Killer"],"picked":"Glass Knife+1","floor":33},{"not_picked":["Underhanded Strike+1","Masterful Stab+1"],"picked":"Adrenaline","floor":40}],"player_experience":995565,"relics_obtained":[{"floor":1,"key":"Thread and Needle"},{"floor":2,"key":"Lantern"},{"floor":4,"key":"Ornamental Fan"},{"floor":8,"key":"Incense Burner"},{"floor":9,"key":"Prayer Wheel"},{"floor":10,"key":"Ancient Tea Set"},{"floor":11,"key":"Dodecahedron"},{"floor":12,"key":"Tiny Chest"},{"floor":13,"key":"Juzu Bracelet"},{"floor":14,"key":"Turnip"},{"floor":16,"key":"Unceasing Top"},{"floor":18,"key":"Bottled Lightning"},{"floor":20,"key":"Vajra"},{"floor":21,"key":"Nilry\u0027s Codex"},{"floor":22,"key":"Smiling Mask"},{"floor":24,"key":"Bottled Flame"},{"floor":26,"key":"Molten Egg 2"},{"floor":28,"key":"Blood Vial"},{"floor":29,"key":"Bronze Scales"},{"floor":30,"key":"Pen Nib"},{"floor":31,"key":"Boot"},{"floor":33,"key":"Paper Crane"},{"floor":35,"key":"Singing Bowl"},{"floor":38,"key":"Strawberry"},{"floor":39,"key":"Sundial"},{"floor":40,"key":"Frozen Egg 2"},{"floor":41,"key":"Peace Pipe"},{"floor":42,"key":"Omamori"},{"floor":43,"key":"Snake Skull"},{"floor":46,"key":"Mercury Hourglass"},{"floor":47,"key":"Bag of Preparation"},{"floor":48,"key":"Torii"}],"event_choices":[{"event_name":"Living Wall","player_choice":"Grow","floor":6,"damage_taken":0},{"event_name":"Cursed Tome","player_choice":"Obtained Book","floor":21,"damage_taken":0},{"event_name":"Nest","player_choice":"Stole From Cult","floor":25,"damage_taken":0},{"event_name":"Duplicator","player_choice":"One dupe","floor":37,"damage_taken":0},{"event_name":"Falling","player_choice":"Removed Attack","floor":44,"damage_taken":0}],"boss_relics":[{"not_picked":["Ectoplasm","Lizard Tail"],"picked":"Astrolabe"},{"not_picked":["Philosopher\u0027s Stone","Busted Crown"],"picked":"Sozu"}],"items_purged_floors":[],"is_endless":false,"potions_floor_spawned":[1,10,13,16,18,20,22,33,39,40,41,46],"ascension_level":0}