{"gold_per_floor":[119,134,152,168,183,183,208,208,208,208,62,72,72,104,104,200,200,214,214,214,226,206,239,239,270,295,315,49,49,81,95,95,195,195,208,208,133,383,26,53,53,63,63,63,63,78,32,32,32,32],"floor_reached":51,"playtime":4252,"items_purged":["Reflex","Regret"],"score":1237,"play_id":"d22de03e-ac59-4cba-bf26-f44d26c96ea9","local_time":"20180803100606","is_ascension_mode":true,"campfire_choices":[{"data":"Neutralize","floor":6,"key":"SMITH"},{"data":"Phantasmal Killer","floor":8,"key":"SMITH"},{"data":"Footwork","floor":10,"key":"SMITH"},{"data":"Cloak And Dagger","floor":15,"key":"SMITH"},{"data":"After Image","floor":24,"key":"SMITH"},{"data":"A Thousand Cuts","floor":29,"key":"SMITH"},{"data":"Footwork","floor":32,"key":"SMITH"},{"data":"Footwork","floor":41,"key":"SMITH"},{"data":"Backflip","floor":44,"key":"SMITH"}],"neow_cost":"NONE","seed_source_timestamp":629380811651909,"circlet_count":0,"master_deck":["Survivor+1","Neutralize+1","AscendersBane","Phantasmal Killer+1","Prepared+1","Backstab+1","Footwork+1","Backflip+1","Noxious Fumes+1","Leg Sweep+1","Well Laid Plans+1","Cloak And Dagger+1","A Thousand Cuts+1","After Image+1","Sucker Punch+1","Caltrops+1","Footwork+1","Footwork+1","Noxious Fumes+1","Night Terror+1","Backflip+1","Slice+1","Blade Dance+1","Blade Dance+1","Backflip+1","Quick Slash+1","Deadly Poison+1","Sucker Punch+1","Panache+1","Noxious Fumes+1","Noxious Fumes+1","Dodge and Roll+1"],"relics":["Ring of the Snake","Happy Flower","Ornamental Fan","Bottled Lightning","Pear","Coffee Dripper","Enchiridion","Gremlin Horn","Paper Crane","Centennial Puzzle","Lee\u0027s Waffle","Lantern","Pandora\u0027s Box","Gambling Chip","Incense Burner","Singing Bowl","Mark of the Bloom"],"potions_floor_usage":[7,7,7,7,16,23,35,42,50],"damage_taken":[{"damage":3,"enemies":"Cultist","floor":1,"turns":6},{"damage":0,"enemies":"Jaw Worm","floor":2,"turns":7},{"damage":1,"enemies":"2 Louse","floor":3,"turns":3},{"damage":27,"enemies":"Exordium Thugs","floor":4,"turns":11},{"damage":6,"enemies":"Gremlin Gang","floor":5,"turns":12},{"damage":10,"enemies":"Gremlin Nob","floor":7,"turns":4},{"damage":0,"enemies":"Looter","floor":12,"turns":4},{"damage":19,"enemies":"3 Sentries","floor":14,"turns":9},{"damage":0,"enemies":"The Guardian","floor":16,"turns":15},{"damage":3,"enemies":"Spheric Guardian","floor":18,"turns":6},{"damage":2,"enemies":"3 Byrds","floor":21,"turns":5},{"damage":9,"enemies":"Slavers","floor":23,"turns":8},{"damage":0,"enemies":"Book of Stabbing","floor":25,"turns":8},{"damage":0,"enemies":"Centurion and Healer","floor":27,"turns":7},{"damage":0,"enemies":"Gremlin Leader","floor":30,"turns":7},{"damage":16,"enemies":"Sentry and Sphere","floor":31,"turns":5},{"damage":37,"enemies":"Collector","floor":33,"turns":11},{"damage":7,"enemies":"Orb Walker","floor":35,"turns":4},{"damage":14,"enemies":"Giant Head","floor":40,"turns":8},{"damage":37,"enemies":"3 Darklings","floor":42,"turns":3},{"damage":3,"enemies":"Spire Growth","floor":46,"turns":6},{"damage":12,"enemies":"Time Eater","floor":50,"turns":13}],"seed_played":"168883262501999577","potions_obtained":[{"floor":1,"key":"EntropicBrew"},{"floor":3,"key":"Regen Potion"},{"floor":5,"key":"GhostInAJar"},{"floor":12,"key":"Block Potion"},{"floor":22,"key":"FearPotion"},{"floor":27,"key":"Dexterity Potion"},{"floor":31,"key":"Regen Potion"},{"floor":33,"key":"AttackPotion"},{"floor":35,"key":"GhostInAJar"},{"floor":46,"key":"LiquidBronze"}],"is_trial":false,"path_per_floor":["M","M","M","M","M","R","E","R","T","R","$","M","T","E","R","B",null,"M","?","?","M","?","E","R","E","T","M","$","R","E","M","R","B",null,"M","?","$","?","$","E","R","M","T","R","T","M","$","?","R","B"],"character_chosen":"THE_SILENT","items_purchased":["Leg Sweep","Well Laid Plans","Footwork","Lee\u0027s Waffle","Panache","Noxious Fumes","Dodge and Roll"],"campfire_rested":0,"item_purchase_floors":[11,11,28,28,39,39,47],"current_hp_per_floor":[60,60,59,32,26,26,25,25,25,25,25,25,25,16,16,16,64,61,61,45,43,43,34,34,34,34,34,87,87,87,71,71,34,74,67,67,67,67,67,53,53,16,16,16,16,15,15,15,15,3],"gold":32,"neow_bonus":"TRANSFORM_CARD","is_prod":false,"is_daily":false,"chose_seed":false,"campfire_upgraded":9,"win_rate":0,"timestamp":1533308766,"path_taken":["M","M","?","?","M","R","E","R","T","R","$","M","?","E","R","BOSS","M","?","?","M","?","E","R","E","T","M","$","R","E","M","R","BOSS","M","?","$","?","$","E","R","M","T","R","?","?","?","?","R","BOSS"],"build_version":"2018-08-01","purchased_purges":2,"victory":true,"max_hp_per_floor":[70,70,70,70,70,70,70,70,70,70,70,70,70,80,80,80,80,80,80,80,80,80,80,80,80,80,80,87,87,87,87,87,87,87,87,87,87,87,87,87,87,87,87,87,87,89,89,89,89,89],"card_choices":[{"not_picked":["Masterful Stab","Deadly Poison"],"picked":"Prepared","floor":1},{"not_picked":["Expertise","Slice"],"picked":"Backstab","floor":2},{"not_picked":["Riddle With Holes","Expertise","Bane"],"picked":"SKIP","floor":3},{"not_picked":["Skewer","Concentrate"],"picked":"Footwork","floor":4},{"not_picked":["Flying Knee","Doppelganger"],"picked":"Backflip","floor":5},{"not_picked":["Prepared","Slice"],"picked":"Noxious Fumes","floor":7},{"not_picked":["Sucker Punch","Noxious Fumes"],"picked":"Cloak And Dagger","floor":12},{"not_picked":["Escape Plan","Underhanded Strike","Wraith Form v2"],"picked":"SKIP","floor":14},{"not_picked":["Adrenaline","Tools of the Trade"],"picked":"A Thousand Cuts","floor":16},{"not_picked":["Setup","Reflex","Slice"],"picked":"SKIP","floor":18},{"not_picked":["Acrobatics+1","Deadly Poison+1","Crippling Poison"],"picked":"SKIP","floor":21},{"not_picked":["Dagger Spray+1","Setup+1"],"picked":"Sucker Punch","floor":23},{"not_picked":["Tactician+1","Escape Plan","Dagger Throw"],"picked":"SKIP","floor":25},{"not_picked":["PiercingWail","Well Laid Plans"],"picked":"Caltrops","floor":27},{"not_picked":["Bane","Endless Agony"],"picked":"Footwork","floor":30},{"not_picked":["Calculated Gamble+1","Prepared"],"picked":"Noxious Fumes","floor":31},{"not_picked":["Grand Finale","Glass Knife"],"picked":"Night Terror","floor":33},{"not_picked":["Quick Slash+1","Deflect+1"],"picked":"Sucker Punch+1","floor":35},{"not_picked":["Predator","Terror+1"],"picked":"Noxious Fumes","floor":40},{"not_picked":["Acrobatics+1","Outmaneuver","Prepared"],"picked":"SKIP","floor":42},{"not_picked":["Heel Hook+1","Deflect+1","Underhanded Strike"],"picked":"Singing Bowl","floor":46}],"player_experience":336274,"relics_obtained":[{"floor":7,"key":"Happy Flower"},{"floor":9,"key":"Ornamental Fan"},{"floor":13,"key":"Bottled Lightning"},{"floor":14,"key":"Pear"},{"floor":20,"key":"Enchiridion"},{"floor":23,"key":"Gremlin Horn"},{"floor":25,"key":"Paper Crane"},{"floor":26,"key":"Centennial Puzzle"},{"floor":30,"key":"Lantern"},{"floor":40,"key":"Gambling Chip"},{"floor":43,"key":"Incense Burner"},{"floor":45,"key":"Singing Bowl"}],"event_choices":[{"event_name":"Transmorgrifier","player_choice":"Transform","floor":19,"damage_taken":0},{"event_name":"Cursed Tome","player_choice":"Obtained Book","floor":20,"damage_taken":0},{"event_name":"The Woman in Blue","player_choice":"Bought 1 Potion","floor":22,"damage_taken":0},{"event_name":"Accursed Blacksmith","player_choice":"Forge","floor":36,"damage_taken":0},{"event_name":"Golden Shrine","player_choice":"Desecrate","floor":38,"damage_taken":0},{"event_name":"MindBloom","player_choice":"Upgrade","floor":48,"damage_taken":0}],"is_beta":true,"boss_relics":[{"not_picked":["HoveringKite","Snecko Eye"],"picked":"Coffee Dripper"},{"not_picked":["White Beast Statue","Calling Bell"],"picked":"Pandora\u0027s Box"}],"items_purged_floors":[37,39],"is_endless":false,"potions_floor_spawned":[1,3,5,12,14,27,30,31,33,35,40,46],"ascension_level":10}