{"path_per_floor":["M","?","M","?","$","R","?","M","T","T","M","M","M","M","R"],"character_chosen":"IRONCLAD","items_purchased":["Shrug It Off"],"gold_per_floor":[109,109,126,126,1,1,1,11,11,38,48,59,73,91,91,91],"floor_reached":16,"campfire_rested":1,"playtime":988,"item_purchase_floors":[5],"current_hp_per_floor":[76,76,70,63,63,63,63,69,69,69,66,61,57,20,44,0],"items_purged":["Defend_R"],"gold":91,"score":113,"play_id":"a5b4eade-156f-4ddb-82a8-a2b12cdb1539","local_time":"20180618111245","is_prod":false,"is_daily":false,"chose_seed":false,"is_ascension_mode":true,"campfire_upgraded":1,"win_rate":0,"timestamp":1529334765,"campfire_choices":[{"data":"Bash","floor":6,"key":"SMITH"},{"floor":15,"key":"REST"}],"path_taken":["M","?","M","?","$","R","?","M","T","?","?","M","M","?","R","BOSS"],"build_version":"2018-06-14v2","seed_source_timestamp":373103738551706,"purchased_purges":1,"victory":false,"master_deck":["Strike_R","Strike_R","Strike_R","Defend_R","Defend_R","Bash+1","Shrug It Off","Battle Trance","Shrug It Off","Rage","Metallicize","Thunderclap","Iron Wave"],"max_hp_per_floor":[80,80,80,80,80,80,80,80,80,80,80,80,80,80,80,80],"relics":["Burning Blood","Art of War","Bronze Scales"],"card_choices":[{"not_picked":["Warcry","Flex"],"picked":"Shrug It Off","floor":1},{"not_picked":["Hemokinesis","Seeing Red"],"picked":"Battle Trance","floor":3},{"not_picked":["Flex","Disarm"],"picked":"Metallicize","floor":8},{"not_picked":["Shrug It Off","Evolve"],"picked":"Thunderclap","floor":11},{"not_picked":["Pummel","Fire Breathing","Flex"],"picked":"SKIP","floor":12},{"not_picked":["Havoc","Reaper","Rage"],"picked":"SKIP","floor":13},{"not_picked":["Perfected Strike","Second Wind"],"picked":"Iron Wave","floor":14}],"player_experience":633799,"potions_floor_usage":[14,16],"damage_taken":[{"damage":10,"enemies":"Small Slimes","floor":1,"turns":3},{"damage":12,"enemies":"Jaw Worm","floor":3,"turns":3},{"damage":0,"enemies":"2 Louse","floor":8,"turns":3},{"damage":9,"enemies":"2 Fungi Beasts","floor":11,"turns":4},{"damage":11,"enemies":"Blue Slaver","floor":12,"turns":3},{"damage":10,"enemies":"3 Louse","floor":13,"turns":3},{"damage":43,"enemies":"Gremlin Gang","floor":14,"turns":4},{"damage":66,"enemies":"The Guardian","floor":16,"turns":17}],"relics_obtained":[{"floor":9,"key":"Art of War"},{"floor":10,"key":"Bronze Scales"}],"event_choices":[{"event_name":"Liars Game","player_choice":"disagreed","floor":2,"damage_taken":0},{"event_name":"Golden Wing","player_choice":"Card Removal","floor":4,"damage_taken":0},{"event_name":"Transmorgrifier","player_choice":"Transform","floor":7,"damage_taken":0}],"boss_relics":[],"items_purged_floors":[5],"is_endless":false,"potions_floor_spawned":[8,12],"seed_played":"9058125327813835082","killed_by":"The Guardian","ascension_level":4,"potions_obtained":[{"floor":8,"key":"Poison Potion"},{"floor":12,"key":"Regen Potion"}],"is_trial":false}