{"gold_per_floor":[114,128,2,22,22,51,51,67,67,98,118,138,151,151,151,228,228,239,239,19,19,33,33,53,69,94,94,113,113,113,128,128,205,205,219,234,248,248],"floor_reached":38,"playtime":1681,"items_purged":[],"score":770,"play_id":"9beaa4e2-776f-44fb-a0e6-62613bdb2d5c","local_time":"20190119201214","is_ascension_mode":true,"campfire_choices":[{"floor":7,"key":"REST"},{"data":"Static Discharge","floor":15,"key":"SMITH"},{"floor":27,"key":"REST"},{"floor":29,"key":"REST"},{"floor":32,"key":"REST"}],"neow_cost":"NONE","seed_source_timestamp":99052593716263,"circlet_count":0,"master_deck":["AscendersBane","Strike_B","Strike_B","Strike_B","Defend_B","Defend_B+1","Defend_B","Defend_B","Zap","Dualcast","Sweeping Beam","BootSequence","Defragment+1","Melter","Cold Snap","Compile Driver","Steam+1","Electrodynamics","Coolheaded","Capacitor","Static Discharge+1","Echo Form","Conserve Battery","Barrage","Reinforced Body+1","Auto Shields","Consume","Conserve Battery","Echo Form"],"relics":["Cracked Core","NeowsBlessing","Bronze Scales","War Paint","Singing Bowl","Busted Crown","DataDisk","Dream Catcher","Empty Cage"],"potions_floor_usage":[1,10,16,18,24,33,33,38,38],"damage_taken":[{"damage":0,"enemies":"Cultist","floor":1,"turns":1},{"damage":0,"enemies":"Jaw Worm","floor":2,"turns":1},{"damage":0,"enemies":"2 Louse","floor":4,"turns":1},{"damage":24,"enemies":"Lagavulin","floor":6,"turns":7},{"damage":0,"enemies":"Looter","floor":8,"turns":2},{"damage":29,"enemies":"Gremlin Nob","floor":10,"turns":4},{"damage":0,"enemies":"Exordium Wildlife","floor":11,"turns":2},{"damage":0,"enemies":"3 Louse","floor":12,"turns":2},{"damage":9,"enemies":"Blue Slaver","floor":13,"turns":3},{"damage":26,"enemies":"Slime Boss","floor":16,"turns":7},{"damage":4,"enemies":"Spheric Guardian","floor":18,"turns":3},{"damage":0,"enemies":"Chosen","floor":22,"turns":4},{"damage":20,"enemies":"Snake Plant","floor":24,"turns":4},{"damage":24,"enemies":"Centurion and Healer","floor":25,"turns":6},{"damage":9,"enemies":"3 Cultists","floor":28,"turns":2},{"damage":22,"enemies":"Sentry and Sphere","floor":31,"turns":5},{"damage":56,"enemies":"Collector","floor":33,"turns":9},{"damage":4,"enemies":"3 Shapes","floor":35,"turns":7},{"damage":23,"enemies":"Orb Walker","floor":36,"turns":5},{"damage":21,"enemies":"Writhing Mass","floor":37,"turns":7},{"damage":47,"enemies":"Spire Growth","floor":38,"turns":4}],"seed_played":"-5782186540098062566","potions_obtained":[{"floor":1,"key":"Fruit Juice"},{"floor":6,"key":"Energy Potion"},{"floor":12,"key":"PowerPotion"},{"floor":16,"key":"SkillPotion"},{"floor":18,"key":"Poison Potion"},{"floor":25,"key":"Poison Potion"},{"floor":31,"key":"FocusPotion"},{"floor":33,"key":"SkillPotion"},{"floor":37,"key":"Explosive Potion"}],"is_trial":false,"path_per_floor":["M","M","$","M","?","E","R","M","T","E","M","M","M","?","R","B",null,"M","?","$","?","M","$","M","M","T","R","M","R","?","M","R","B",null,"M","M","M","M"],"character_chosen":"DEFECT","items_purchased":["Defragment","Melter","DataDisk","Conserve Battery"],"campfire_rested":4,"item_purchase_floors":[3,3,20,20],"current_hp_per_floor":[69,69,69,69,69,45,67,67,67,38,38,38,29,54,54,28,64,62,62,62,62,64,64,44,22,22,48,39,64,64,42,67,11,66,64,43,24,0],"gold":248,"neow_bonus":"THREE_ENEMY_KILL","is_prod":false,"is_daily":false,"chose_seed":false,"campfire_upgraded":1,"win_rate":0,"timestamp":1547946734,"path_taken":["M","?","$","M","?","E","R","M","T","E","M","?","M","?","R","BOSS","M","?","$","?","M","?","M","M","T","R","M","R","?","M","R","BOSS","M","M","M","M"],"build_version":"2019-01-17v2","purchased_purges":0,"victory":false,"max_hp_per_floor":[76,76,76,76,76,76,76,76,76,76,76,76,76,76,76,76,76,78,78,78,78,80,80,80,82,82,84,84,84,84,84,84,84,84,86,88,90,90],"card_choices":[{"not_picked":["Double Energy","Hologram"],"picked":"Sweeping Beam","floor":1},{"not_picked":["Sweeping Beam","Turbo"],"picked":"BootSequence","floor":2},{"not_picked":["Hologram","Redo"],"picked":"Cold Snap","floor":4},{"not_picked":["Rebound","Undo"],"picked":"Compile Driver","floor":6},{"not_picked":["Turbo","Stack"],"picked":"Steam","floor":8},{"not_picked":["Capacitor","Streamline"],"picked":"Electrodynamics","floor":10},{"not_picked":["Barrage","Leap"],"picked":"Coolheaded","floor":11},{"not_picked":["Coolheaded","Rebound"],"picked":"Capacitor","floor":12},{"not_picked":["BootSequence","Steam"],"picked":"Static Discharge","floor":13},{"not_picked":["Electrodynamics","Core Surge"],"picked":"Echo Form","floor":16},{"not_picked":["Rebound"],"picked":"Singing Bowl","floor":18},{"not_picked":["Rebound"],"picked":"Singing Bowl","floor":22},{"not_picked":[],"picked":"Barrage","floor":24},{"not_picked":["Scrape"],"picked":"Singing Bowl","floor":25},{"not_picked":["Barrage"],"picked":"Singing Bowl","floor":27},{"not_picked":[],"picked":"Reinforced Body+1","floor":28},{"not_picked":[],"picked":"Auto Shields","floor":29},{"not_picked":[],"picked":"Consume","floor":31},{"not_picked":[],"picked":"Conserve Battery","floor":32},{"not_picked":[],"picked":"Echo Form","floor":33},{"not_picked":["Lockon"],"picked":"Singing Bowl","floor":35},{"not_picked":["Beam Cell"],"picked":"Singing Bowl","floor":36},{"not_picked":["Conserve Battery"],"picked":"Singing Bowl","floor":37}],"player_experience":2168147,"relics_obtained":[{"floor":6,"key":"Bronze Scales"},{"floor":9,"key":"War Paint"},{"floor":10,"key":"Singing Bowl"},{"floor":26,"key":"Dream Catcher"}],"event_choices":[{"damage_healed":0,"gold_gain":0,"player_choice":"Upgraded","damage_taken":0,"max_hp_gain":0,"max_hp_loss":0,"event_name":"Upgrade Shrine","floor":5,"gold_loss":0,"cards_upgraded":["Defragment"]},{"damage_healed":25,"gold_gain":0,"player_choice":"Banana","damage_taken":0,"max_hp_gain":0,"max_hp_loss":0,"event_name":"Big Fish","floor":14,"gold_loss":0},{"damage_healed":0,"gold_gain":0,"player_choice":"Ignored","damage_taken":0,"max_hp_gain":0,"max_hp_loss":0,"event_name":"Ghosts","floor":19,"gold_loss":0},{"damage_healed":0,"gold_gain":0,"player_choice":"Smashed Altar","damage_taken":0,"max_hp_gain":0,"max_hp_loss":0,"event_name":"Forgotten Altar","floor":21,"gold_loss":0,"cards_obtained":["Decay"]},{"damage_healed":0,"gold_gain":0,"player_choice":"Ignored","damage_taken":0,"max_hp_gain":0,"max_hp_loss":0,"event_name":"Vampires","floor":30,"gold_loss":0}],"is_beta":false,"boss_relics":[{"not_picked":["Coffee Dripper","Snecko Eye"],"picked":"Busted Crown"},{"not_picked":["Calling Bell","Astrolabe"],"picked":"Empty Cage"}],"items_purged_floors":[],"is_endless":false,"potions_floor_spawned":[1,6,12,16,18,25,31,33,37],"killed_by":"Spire Growth","ascension_level":18}