{"path_per_floor":["M","M","$","?","?","E","R","?","T","?","M","M","M","M","R","B",null,"M","M","?","?","M","R","E","M","T","R","M"],"character_chosen":"IRONCLAD","items_purchased":["Dual Wield","Pommel Strike","Twin Strike"],"gold_per_floor":[119,131,14,89,89,118,118,68,68,68,79,92,102,114,114,216,216,232,246,246,246,264,264,298,316,316,316,329],"floor_reached":29,"campfire_rested":3,"playtime":3285,"current_hp_per_floor":[70,71,71,60,60,33,57,57,57,57,63,69,70,71,71,46,80,60,47,47,47,35,59,17,7,7,31,17],"items_purged":[],"gold":329,"play_id":"748701b6-9fe9-4d21-9d9e-4e8e335fd22a","is_prod":false,"is_daily":false,"campfire_rituals":0,"campfire_upgraded":1,"is_hardmode":false,"path_taken":["M","?","$","?","?","E","R","?","T","?","M","M","M","?","R","BOSS","M","M","?","?","M","R","E","M","T","R","M","M"],"build_version":"2018-01-11-PROD2","purchased_purges":0,"victory":false,"master_deck":["Strike_R","Strike_R","Strike_R","Strike_R","Defend_R","Defend_R","Defend_R","Defend_R","Bash","Sword Boomerang","Shrug It Off","Dual Wield","Pommel Strike","Twin Strike","Juggernaut","Cleave","Disarm","Headbutt","Clothesline","Demon Form","Disarm","Searing Blow","Bloodletting","Blood for Blood","Shockwave","Shockwave"],"max_hp_per_floor":[80,80,80,80,80,80,80,80,80,80,80,80,80,80,80,80,80,80,80,80,80,80,80,80,80,80,80,80],"relics":["Burning Blood","Self Forming Clay","Thread and Needle","White Beast Statue","Oddly Smooth Stone","Sundial"],"campfire_meditates":0,"card_choices":[{"not_picked":["Cleave","Power Through"],"picked":"Sword Boomerang"},{"not_picked":["Warcry","Reckless Charge"],"picked":"Shrug It Off"},{"not_picked":["Armaments","Flex"],"picked":"Juggernaut"},{"not_picked":["Dual Wield","Dropkick"],"picked":"Cleave"},{"not_picked":["Perfected Strike","Armaments"],"picked":"Disarm"},{"not_picked":["Sword Boomerang","Thunderclap"],"picked":"Headbutt"},{"not_picked":["Reckless Charge","Offering"],"picked":"Clothesline"},{"not_picked":["Brutality","Feed"],"picked":"Demon Form"},{"not_picked":["Power Through","Clash"],"picked":"Disarm"},{"not_picked":["Flex","Clothesline"],"picked":"Searing Blow"},{"not_picked":["Headbutt","Iron Wave"],"picked":"Bloodletting"},{"not_picked":["True Grit","Thunderclap"],"picked":"Blood for Blood"},{"not_picked":["Corruption","Clothesline"],"picked":"Shockwave"},{"not_picked":["Armaments","Twin Strike"],"picked":"Shockwave"}],"player_experience":0,"potions_floor_usage":[25,25],"damage_taken":[{"damage":16,"enemies":"Blue Slaver","floor":1,"turns":4},{"damage":5,"enemies":"Cultist","floor":2,"turns":4},{"damage":33,"enemies":"3 Sentries","floor":6,"turns":8},{"damage":0,"enemies":"Small Slimes","floor":11,"turns":4},{"damage":0,"enemies":"Exordium Wildlife","floor":12,"turns":2},{"damage":5,"enemies":"Looter","floor":13,"turns":3},{"damage":5,"enemies":"Exordium Thugs","floor":14,"turns":5},{"damage":31,"enemies":"The Guardian","floor":16,"turns":12},{"damage":26,"enemies":"2 Thieves","floor":18,"turns":5},{"damage":19,"enemies":"Shell Parasite","floor":19,"turns":5},{"damage":18,"enemies":"Snecko","floor":22,"turns":6},{"damage":48,"enemies":"Book of Stabbing","floor":24,"turns":11},{"damage":16,"enemies":"Slaver and Parasite","floor":25,"turns":12},{"damage":20,"enemies":"Snake Plant","floor":28,"turns":6},{"damage":17,"enemies":"Centurion and Healer","floor":29,"turns":2}],"event_choices":[{"event_name":"World of Goop","player_choice":"Gather Gold","floor":4,"damage_taken":0},{"event_name":"Upgrade Shrine","player_choice":"Upgraded","floor":5,"damage_taken":0},{"event_name":"The Cleric","player_choice":"Card Removal","floor":8,"damage_taken":0},{"event_name":"The Lab","player_choice":"Got Potions","floor":10,"damage_taken":0},{"event_name":"Upgrade Shrine","player_choice":"Upgraded","floor":20,"damage_taken":0},{"event_name":"Beggar","player_choice":"Ignored","floor":21,"damage_taken":0}],"boss_relics":[{"not_picked":["Runic Dome","Philosopher\u0027s Stone"],"picked":"White Beast Statue"}],"potions_floor_spawned":[11,12,13,18,19,22,24,25,28],"seed_played":"-1454504123953926649","killed_by":"Centurion and Healer","is_trial":false}