{"path_per_floor":["M","?","M","$","?","R","?","R","T","E","R","M","M","M","R","B",null,"M","?","?","?","M","R","?","R","T","R","M","M","?","M","R"],"character_chosen":"DEFECT","items_purchased":["Glacier","Cold Snap"],"gold_per_floor":[115,115,133,5,5,5,5,5,5,37,37,48,68,84,84,188,188,157,157,82,82,100,100,100,100,125,125,144,160,160,180,180,180],"floor_reached":33,"campfire_rested":4,"playtime":2772,"item_purchase_floors":[4,4],"current_hp_per_floor":[69,53,49,49,49,73,73,73,73,39,63,60,59,52,76,49,82,69,69,69,69,69,69,53,77,77,77,77,67,67,70,70,0],"items_purged":[],"gold":180,"score":282,"play_id":"66054333-af50-46de-a7d3-541ed4bf0d17","local_time":"20180615075748","is_prod":false,"is_daily":false,"chose_seed":false,"is_ascension_mode":true,"campfire_upgraded":4,"win_rate":0,"timestamp":1529063868,"campfire_choices":[{"floor":6,"key":"REST"},{"data":"Chill","floor":8,"key":"SMITH"},{"floor":11,"key":"REST"},{"floor":15,"key":"REST"},{"data":"Glacier","floor":23,"key":"SMITH"},{"floor":25,"key":"REST"},{"data":"Cold Snap","floor":27,"key":"SMITH"},{"data":"Gash","floor":32,"key":"SMITH"}],"path_taken":["M","?","M","$","?","R","?","R","T","E","R","?","M","?","R","BOSS","M","?","?","?","?","R","?","R","T","R","M","M","?","M","R","BOSS"],"build_version":"2018-06-14v2","seed_source_timestamp":100449194677825,"purchased_purges":0,"victory":false,"master_deck":["Strike_B","Strike_B+1","Defend_B","Defend_B","Defend_B","Defend_B","Zap","Dualcast","Gash+1","Chill+1","Glacier+1","Cold Snap+1","BootSequence","Capacitor","Coolheaded","Seek","Cold Snap","BootSequence","Self Repair","Genetic Algorithm"],"max_hp_per_floor":[82,82,82,82,82,82,82,82,82,82,82,82,82,82,82,82,82,82,82,82,82,82,82,82,82,82,82,82,82,82,82,82,82],"relics":["Cracked Core","Centennial Puzzle","Lantern","Sozu","Enchiridion","Potion Belt"],"card_choices":[{"not_picked":["Reprogram","Capacitor"],"picked":"Gash","floor":1},{"not_picked":["Aggregate","Double Energy"],"picked":"Chill","floor":3},{"not_picked":["Tempest","Aggregate","Lockon"],"picked":"SKIP","floor":10},{"not_picked":["Scrape","Lockon"],"picked":"BootSequence","floor":12},{"not_picked":["Reprogram","Coolheaded"],"picked":"Capacitor","floor":13},{"not_picked":["Rebound","Turbo"],"picked":"Coolheaded","floor":14},{"not_picked":["Creative AI","Electrodynamics"],"picked":"Seek","floor":16},{"not_picked":["Turbo+1","Ball Lightning"],"picked":"Cold Snap","floor":18},{"not_picked":["Sweeping Beam+1","Conserve Battery+1"],"picked":"BootSequence","floor":22},{"not_picked":["Steam Power","Steam+1","Lockon"],"picked":"SKIP","floor":28},{"not_picked":["Genetic Algorithm","Rebound"],"picked":"Self Repair","floor":29},{"not_picked":["Force Field+1","Ball Lightning"],"picked":"Genetic Algorithm","floor":31}],"player_experience":560927,"potions_floor_usage":[16,16,33],"damage_taken":[{"damage":13,"enemies":"Jaw Worm","floor":1,"turns":4},{"damage":4,"enemies":"Small Slimes","floor":3,"turns":3},{"damage":34,"enemies":"Gremlin Nob","floor":10,"turns":5},{"damage":3,"enemies":"2 Louse","floor":12,"turns":3},{"damage":1,"enemies":"Blue Slaver","floor":13,"turns":4},{"damage":7,"enemies":"Looter","floor":14,"turns":3},{"damage":27,"enemies":"Slime Boss","floor":16,"turns":22},{"damage":13,"enemies":"2 Thieves","floor":18,"turns":5},{"damage":0,"enemies":"Shell Parasite","floor":22,"turns":8},{"damage":0,"enemies":"Centurion and Healer","floor":28,"turns":13},{"damage":10,"enemies":"Snake Plant","floor":29,"turns":8},{"damage":4,"enemies":"Slaver and Parasite","floor":31,"turns":13},{"damage":111,"enemies":"Collector","floor":33,"turns":13}],"relics_obtained":[{"floor":9,"key":"Centennial Puzzle"},{"floor":10,"key":"Lantern"},{"floor":24,"key":"Enchiridion"},{"floor":26,"key":"Potion Belt"}],"event_choices":[{"event_name":"Shining Light","player_choice":"Entered Light","floor":2,"damage_taken":0},{"event_name":"The Cleric","player_choice":"Leave","floor":5,"damage_taken":0},{"event_name":"Bonfire Elementals","player_choice":"BASIC","floor":7,"damage_taken":0},{"event_name":"Vampires","player_choice":"Ignored","floor":19,"damage_taken":0},{"event_name":"Beggar","player_choice":"Gave Gold","floor":20,"damage_taken":0},{"event_name":"The Lab","player_choice":"Got Potions","floor":21,"damage_taken":0},{"event_name":"Cursed Tome","player_choice":"Obtained Book","floor":24,"damage_taken":0},{"event_name":"Ghosts","player_choice":"Ignored","floor":30,"damage_taken":0}],"boss_relics":[{"not_picked":["Inserter","Calling Bell"],"picked":"Sozu"}],"items_purged_floors":[],"is_endless":false,"potions_floor_spawned":[1,13,14,16,18,28,31],"seed_played":"-3818630609665944659","killed_by":"Collector","ascension_level":3,"potions_obtained":[{"floor":1,"key":"PowerPotion"},{"floor":13,"key":"Energy Potion"},{"floor":14,"key":"EssenceOfSteel"},{"floor":16,"key":"Regen Potion"}],"is_trial":false}