{"gold_per_floor":[115,115,129,149,48,83,99,99,99,113,113,113,126,126,126,200,200,219,39,0],"floor_reached":20,"playtime":755,"items_purged":["Strike_B"],"score":331,"play_id":"7f00ed24-149d-40c0-800b-9869758f914f","local_time":"20181224073758","is_ascension_mode":true,"campfire_choices":[{"floor":8.0,"key":"REST"},{"floor":11.0,"key":"REST"},{"floor":15.0,"key":"REST"}],"neow_cost":"NONE","seed_source_timestamp":360472152364034,"circlet_count":0,"master_deck":["AscendersBane","Strike_B","Strike_B","Defend_B","Defend_B","Defend_B","Defend_B","Zap","Dualcast","Cold Snap","Gash","Rainbow","Cold Snap","Defragment","Heatsinks","Heatsinks","Compile Driver","Core Surge","Storm+1","Mayhem"],"special_seed":0,"relics":["Cracked Core","NeowsBlessing","Ginger","Bottled Tornado","Eternal Feather"],"potions_floor_usage":[],"damage_taken":[{"damage":0.0,"enemies":"Jaw Worm","floor":1.0,"turns":1.0},{"damage":0.0,"enemies":"Cultist","floor":3.0,"turns":1.0},{"damage":0.0,"enemies":"2 Louse","floor":4.0,"turns":1.0},{"damage":24.0,"enemies":"Lagavulin","floor":6.0,"turns":10.0},{"damage":11.0,"enemies":"Looter","floor":7.0,"turns":3.0},{"damage":16.0,"enemies":"3 Louse","floor":10.0,"turns":4.0},{"damage":16.0,"enemies":"Exordium Wildlife","floor":13.0,"turns":3.0},{"damage":42.0,"enemies":"Hexaghost","floor":16.0,"turns":12.0},{"damage":37.0,"enemies":"3 Byrds","floor":18.0,"turns":6.0},{"damage":20,"enemies":"2 Thieves","floor":20,"turns":2}],"seed_played":"1591527904666004324","potions_obtained":[{"floor":2.0,"key":"Explosive Potion"},{"floor":2.0,"key":"Block Potion"},{"floor":3.0,"key":"PowerPotion"},{"floor":7.0,"key":"SpeedPotion"},{"floor":10.0,"key":"Weak Potion"}],"is_trial":false,"path_per_floor":["M","?","M","M","$","E","M","R","T","M","R","?","M","?","R","B",null,"M","$","M"],"character_chosen":"DEFECT","items_purchased":["Cold Snap","Mayhem"],"campfire_rested":3,"item_purchase_floors":[5,19],"current_hp_per_floor":[64,64,64,64,64,40,29,50,50,34,55,55,39,32,53,11,56,19,19,0],"gold":0,"neow_bonus":"THREE_ENEMY_KILL","is_prod":false,"is_daily":false,"chose_seed":false,"campfire_upgraded":0,"win_rate":0,"timestamp":1545655078,"path_taken":["M","?","M","M","$","E","?","R","T","M","R","?","M","?","R","BOSS","M","$","M"],"build_version":"2018-12-20","purchased_purges":1,"victory":false,"max_hp_per_floor":[71,71,71,71,71,71,71,71,71,71,71,71,71,71,71,71,71,71,71,71],"card_choices":[{"not_picked":["Steam Power","Aggregate"],"picked":"Cold Snap","floor":1.0},{"not_picked":["Double Energy","Barrage"],"picked":"Gash","floor":3.0},{"not_picked":["Steam","Skim"],"picked":"Rainbow","floor":4.0},{"not_picked":["Aggregate","Undo"],"picked":"Defragment","floor":6.0},{"not_picked":["Beam Cell","Turbo"],"picked":"Heatsinks","floor":7.0},{"not_picked":["Streamline","Cold Snap"],"picked":"Heatsinks","floor":10.0},{"not_picked":["Skim","Steam Power"],"picked":"Compile Driver","floor":13.0},{"not_picked":["Seek","Hyperbeam"],"picked":"Core Surge","floor":16.0},{"not_picked":["Gash","Compile Driver"],"picked":"Storm+1","floor":18.0}],"player_experience":1947706,"relics_obtained":[{"floor":6.0,"key":"Ginger"},{"floor":9.0,"key":"Bottled Tornado"}],"event_choices":[{"damage_healed":0.0,"max_hp_gain":0.0,"max_hp_loss":0.0,"gold_gain":0.0,"event_name":"Lab","player_choice":"Got Potions","floor":2.0,"gold_loss":0.0,"damage_taken":0.0},{"damage_healed":0.0,"max_hp_gain":0.0,"max_hp_loss":0.0,"gold_gain":0.0,"event_name":"Liars Game","player_choice":"Ignored","floor":12.0,"gold_loss":0.0,"damage_taken":0.0},{"cards_removed":["Strike_B"],"damage_healed":0.0,"max_hp_gain":0.0,"max_hp_loss":0.0,"gold_gain":0.0,"event_name":"Golden Wing","player_choice":"Card Removal","floor":14.0,"gold_loss":0.0,"damage_taken":7.0}],"is_beta":false,"boss_relics":[{"not_picked":["Empty Cage","Astrolabe"],"picked":"Eternal Feather"}],"items_purged_floors":[5],"is_endless":false,"potions_floor_spawned":[3,7,10],"killed_by":"2 Thieves","ascension_level":18}