{"gold_per_floor":[113,130,130,140,159,189,200,1,25,25,25,54,54],"floor_reached":13,"playtime":746,"items_purged":[],"score":95,"play_id":"35d17eb5-fe8c-45a0-bb8f-c2023fa353f2","local_time":"20190123222634","is_ascension_mode":false,"campfire_choices":[{"data":"Loop","floor":10,"key":"SMITH"}],"neow_cost":"NONE","seed_source_timestamp":346309864731761,"circlet_count":0,"master_deck":["Strike_B","Strike_B","Strike_B","Strike_B","Defend_B","Defend_B","Defend_B","Defend_B","Zap","Dualcast","Redo","Coolheaded","Seek","Zap","Coolheaded","Loop+1","Cold Snap","Pain"],"relics":["Cracked Core","NeowsBlessing","Bag of Marbles","Runic Capacitor","Art of War","WarpedTongs","Ancient Tea Set"],"potions_floor_usage":[12,12],"damage_taken":[{"damage":0,"enemies":"Cultist","floor":1,"turns":1},{"damage":0,"enemies":"Jaw Worm","floor":2,"turns":1},{"damage":0,"enemies":"2 Louse","floor":4,"turns":1},{"damage":16,"enemies":"Exordium Wildlife","floor":5,"turns":4},{"damage":12,"enemies":"Lagavulin","floor":6,"turns":12},{"damage":10,"enemies":"3 Louse","floor":7,"turns":4},{"damage":9,"enemies":"3 Sentries","floor":12,"turns":5},{"damage":30,"enemies":"Gremlin Gang","floor":13,"turns":5}],"seed_played":"-617113261647925136","potions_obtained":[{"floor":1,"key":"FocusPotion"},{"floor":5,"key":"SkillPotion"}],"is_trial":false,"path_per_floor":["M","M","?","M","M","E","M","$","T","R","?","E","M"],"character_chosen":"DEFECT","items_purchased":["Runic Capacitor"],"campfire_rested":0,"item_purchase_floors":[8],"current_hp_per_floor":[75,75,75,75,59,47,37,37,37,37,37,28,0],"gold":54,"neow_bonus":"THREE_ENEMY_KILL","is_prod":false,"is_daily":false,"chose_seed":false,"campfire_upgraded":1,"win_rate":0,"timestamp":1548244594,"path_taken":["M","M","?","?","M","E","M","$","T","R","?","E","M"],"build_version":"2019-01-17v2","purchased_purges":0,"victory":false,"max_hp_per_floor":[75,75,75,75,75,75,75,75,75,75,75,75,75],"card_choices":[{"not_picked":["Skim","Gash"],"picked":"Redo","floor":1},{"not_picked":["Rebound","Compile Driver"],"picked":"Coolheaded","floor":2},{"not_picked":["Gash","Undo"],"picked":"Coolheaded","floor":4},{"not_picked":["Go for the Eyes","Coolheaded"],"picked":"Loop","floor":5},{"not_picked":["Scrape","Compile Driver"],"picked":"Cold Snap","floor":6},{"not_picked":["Rebound","Hyperbeam","Sweeping Beam"],"picked":"SKIP","floor":7},{"not_picked":["Rebound","Hyperbeam","Sweeping Beam"],"picked":"SKIP","floor":7},{"not_picked":["Stack","Rebound","Hello World"],"picked":"SKIP","floor":12}],"player_experience":509066,"relics_obtained":[{"floor":6,"key":"Bag of Marbles"},{"floor":9,"key":"Art of War"},{"floor":12,"key":"Ancient Tea Set"}],"event_choices":[{"damage_healed":0,"gold_gain":0,"player_choice":"2 cards matched","damage_taken":0,"max_hp_gain":0,"max_hp_loss":0,"event_name":"Match and Keep!","floor":3,"gold_loss":0,"cards_obtained":["Seek","Zap"]},{"damage_healed":0,"gold_gain":0,"player_choice":"Rummage","damage_taken":0,"relics_obtained":["WarpedTongs"],"max_hp_gain":0,"max_hp_loss":0,"event_name":"Accursed Blacksmith","floor":11,"gold_loss":0,"cards_obtained":["Pain"]}],"is_beta":false,"boss_relics":[],"items_purged_floors":[],"is_endless":false,"potions_floor_spawned":[1,5],"killed_by":"Gremlin Gang","ascension_level":0}