{"gold_per_floor":[109,109,34,45,62,62,76,76,76,410,423,423,442,452,452,551,551,551,551,29,29,29,29,29,29,29,29,29,29,29,29,29,29],"floor_reached":33,"playtime":937,"items_purged":["Strike_G"],"score":287,"play_id":"ba678b6d-e98c-40df-bdc8-13bfa151d0be","local_time":"20180727222721","is_ascension_mode":false,"campfire_choices":[{"floor":6,"key":"REST"},{"data":"Accuracy","floor":8,"key":"SMITH"},{"floor":12,"key":"REST"},{"data":"Noxious Fumes","floor":15,"key":"SMITH"},{"data":"Crippling Poison","floor":23,"key":"SMITH"},{"data":"Noxious Fumes","floor":25,"key":"SMITH"},{"floor":29,"key":"REST"},{"floor":32,"key":"REST"}],"neow_cost":"","seed_source_timestamp":35440244055669,"circlet_count":0,"master_deck":["Defend_G+1","Defend_G+1","Defend_G+1","Defend_G+1","Defend_G+1","Strike_G+1","Strike_G+1","Strike_G+1","Survivor","Neutralize","Slice","Accuracy+1","Cloak And Dagger","Quick Slash","Wraith Form v2","Crippling Poison+1","Bouncing Flask+1","Noxious Fumes+1","Glass Knife","Cloak And Dagger+1","Noxious Fumes+1","Choke","Cloak And Dagger","Outmaneuver+1","All Out Attack+1","Bane","RitualDagger"],"relics":["Ring of the Snake","Pantograph","Old Coin","Ectoplasm","War Paint","MealTicket","Kunai","Ornamental Fan","The Courier"],"potions_floor_usage":[5,10,11,22,28,33],"damage_taken":[{"damage":5,"enemies":"2 Louse","floor":1,"turns":2},{"damage":15,"enemies":"Jaw Worm","floor":4,"turns":4},{"damage":6,"enemies":"Cultist","floor":5,"turns":4},{"damage":10,"enemies":"Exordium Wildlife","floor":7,"turns":6},{"damage":21,"enemies":"Lagavulin","floor":10,"turns":6},{"damage":1,"enemies":"Looter","floor":11,"turns":4},{"damage":15,"enemies":"Exordium Thugs","floor":13,"turns":5},{"damage":9,"enemies":"2 Fungi Beasts","floor":14,"turns":3},{"damage":29,"enemies":"Hexaghost","floor":16,"turns":8},{"damage":11,"enemies":"Shell Parasite","floor":18,"turns":5},{"damage":0,"enemies":"Spheric Guardian","floor":21,"turns":3},{"damage":8,"enemies":"3 Cultists","floor":22,"turns":6},{"damage":29,"enemies":"Gremlin Leader","floor":24,"turns":6},{"damage":15,"enemies":"Book of Stabbing","floor":28,"turns":5},{"damage":29,"enemies":"Centurion and Healer","floor":30,"turns":5},{"damage":75,"enemies":"Collector","floor":33,"turns":8}],"seed_played":"6187665599531094324","potions_obtained":[{"floor":4,"key":"FearPotion"},{"floor":7,"key":"Strength Potion"},{"floor":10,"key":"Fire Potion"},{"floor":24,"key":"Fruit Juice"},{"floor":30,"key":"Energy Potion"}],"is_trial":false,"path_per_floor":["M","?","$","M","M","R","M","R","T","E","M","R","M","M","R","B",null,"M","?","$","M","M","R","E","R","T","$","E","R","M","?","R"],"character_chosen":"THE_SILENT","items_purchased":["Noxious Fumes","War Paint","MealTicket","Choke","Regen Potion"],"campfire_rested":4,"item_purchase_floors":[20,20,20,20,20],"current_hp_per_floor":[65,58,58,43,37,58,48,48,48,27,26,47,32,23,23,19,70,59,59,59,59,66,66,37,37,37,44,34,56,27,21,43,0],"gold":29,"neow_bonus":"","is_prod":false,"is_daily":false,"chose_seed":false,"campfire_upgraded":4,"win_rate":0,"timestamp":1532696241,"path_taken":["M","?","$","M","M","R","?","R","T","E","M","R","M","M","R","BOSS","M","?","$","M","M","R","E","R","T","$","E","R","M","?","R","BOSS"],"build_version":"2018-07-26","purchased_purges":1,"victory":false,"max_hp_per_floor":[70,70,70,70,70,70,70,70,70,70,70,70,70,70,70,70,70,70,70,70,70,70,70,70,70,70,70,75,75,75,75,75,75],"card_choices":[{"not_picked":["Sucker Punch","Blade Dance"],"picked":"Slice","floor":1},{"not_picked":["Deflect","Sucker Punch"],"picked":"Accuracy","floor":4},{"not_picked":["Flechettes","Terror"],"picked":"Cloak And Dagger","floor":5},{"not_picked":["Heel Hook","Setup"],"picked":"Quick Slash","floor":7},{"not_picked":["Dagger Throw","Leg Sweep"],"picked":"Wraith Form v2","floor":10},{"not_picked":["Eviscerate","Dash"],"picked":"Crippling Poison","floor":11},{"not_picked":["Dash","Sucker Punch"],"picked":"Bouncing Flask","floor":13},{"not_picked":["Underhanded Strike","Setup"],"picked":"Noxious Fumes","floor":14},{"not_picked":["Malaise","Grand Finale"],"picked":"Glass Knife","floor":16},{"not_picked":["Acrobatics","Caltrops"],"picked":"Cloak And Dagger","floor":18},{"not_picked":["Flechettes","Predator+1"],"picked":"Cloak And Dagger","floor":21},{"not_picked":["Heel Hook","Poisoned Stab"],"picked":"Outmaneuver+1","floor":22},{"not_picked":["Dodge and Roll+1","Tactician"],"picked":"All Out Attack+1","floor":24},{"not_picked":["Masterful Stab","Unload"],"picked":"Bane","floor":28},{"not_picked":["Expertise","Eviscerate+1","Sucker Punch"],"picked":"SKIP","floor":30}],"player_experience":270683,"relics_obtained":[{"floor":9,"key":"Pantograph"},{"floor":10,"key":"Old Coin"},{"floor":24,"key":"Kunai"},{"floor":26,"key":"Ornamental Fan"},{"floor":28,"key":"The Courier"}],"event_choices":[{"event_name":"Golden Wing","player_choice":"Card Removal","floor":2,"damage_taken":0},{"event_name":"Back to Basics","player_choice":"Simplicity","floor":19,"damage_taken":0},{"event_name":"Nest","player_choice":"Joined the Cult","floor":31,"damage_taken":0}],"is_beta":false,"boss_relics":[{"not_picked":["Astrolabe","Cursed Key"],"picked":"Ectoplasm"}],"items_purged_floors":[3],"is_endless":false,"potions_floor_spawned":[4,7,10,24,30],"killed_by":"Collector","ascension_level":0}