{"gold_per_floor":[112,128,139,155,230,230,264,264,264,264,264,293,468,478,478,478],"floor_reached":16,"playtime":1623,"items_purged":[],"score":132,"play_id":"71bb8295-a985-454a-9c99-cdd71a0d0039","local_time":"20180629181809","is_ascension_mode":true,"campfire_choices":[{"data":"Neutralize","floor":6,"key":"SMITH"},{"floor":8,"key":"REST"},{"floor":10,"key":"REST"},{"data":"Footwork","floor":15,"key":"SMITH"}],"neow_cost":"","seed_source_timestamp":247656073340314,"circlet_count":0,"master_deck":["Defend_G","Defend_G","Defend_G","Defend_G","Defend_G","Strike_G","Strike_G","Strike_G","Strike_G","Strike_G","Survivor","Neutralize+1","Adrenaline","Footwork+1","Burst","Doubt"],"relics":["Ring of the Snake","Bottled Tornado","Prayer Wheel","Incense Burner"],"potions_floor_usage":[7,12,16,16],"damage_taken":[{"damage":2,"enemies":"Jaw Worm","floor":1,"turns":6},{"damage":3,"enemies":"Small Slimes","floor":2,"turns":4},{"damage":6,"enemies":"Cultist","floor":3,"turns":4},{"damage":6,"enemies":"Exordium Wildlife","floor":4,"turns":4},{"damage":37,"enemies":"Lagavulin","floor":7,"turns":15},{"damage":14,"enemies":"3 Sentries","floor":12,"turns":13},{"damage":9,"enemies":"Blue Slaver","floor":14,"turns":5},{"damage":60,"enemies":"The Guardian","floor":16,"turns":31}],"seed_played":"7112721544069380206","potions_obtained":[{"floor":2,"key":"Strength Potion"},{"floor":4,"key":"FearPotion"},{"floor":12,"key":"FearPotion"},{"floor":14,"key":"Explosive Potion"}],"is_trial":false,"path_per_floor":["M","M","M","M","?","R","E","R","T","R","?","E","?","M","R"],"character_chosen":"THE_SILENT","items_purchased":[],"campfire_rested":2,"item_purchase_floors":[],"current_hp_per_floor":[68,65,59,53,42,42,5,26,26,47,70,56,56,47,47,0],"gold":478,"neow_bonus":"","is_prod":false,"is_daily":false,"chose_seed":false,"campfire_upgraded":2,"win_rate":0,"timestamp":1530314289,"path_taken":["M","M","M","M","?","R","E","R","T","R","?","E","?","?","R","BOSS"],"build_version":"2018-06-28","purchased_purges":0,"victory":false,"max_hp_per_floor":[70,70,70,70,70,70,70,70,70,70,70,70,70,70,70,70],"card_choices":[{"not_picked":["Dodge and Roll","Setup","Bane"],"picked":"SKIP","floor":1},{"not_picked":["Bane","Poisoned Stab"],"picked":"Adrenaline","floor":2},{"not_picked":["Finisher","Underhanded Strike","Deadly Poison"],"picked":"SKIP","floor":3},{"not_picked":["Flying Knee","Cloak And Dagger"],"picked":"Footwork","floor":4},{"not_picked":["Expertise","Quick Slash","Acrobatics"],"picked":"SKIP","floor":7},{"not_picked":["Expertise","Quick Slash","Acrobatics"],"picked":"SKIP","floor":7},{"not_picked":["Backflip","Bullet Time"],"picked":"Burst","floor":12},{"not_picked":["Outmaneuver","Dagger Throw","Poisoned Stab"],"picked":"SKIP","floor":14},{"not_picked":["Accuracy","Riddle With Holes","Slice"],"picked":"SKIP","floor":14}],"player_experience":180320,"relics_obtained":[{"floor":7,"key":"Bottled Tornado"},{"floor":9,"key":"Prayer Wheel"},{"floor":12,"key":"Incense Burner"}],"event_choices":[{"event_name":"World of Goop","player_choice":"Gather Gold","floor":5,"damage_taken":0},{"event_name":"Big Fish","player_choice":"Banana","floor":11,"damage_taken":0},{"event_name":"Liars Game","player_choice":"agreed","floor":13,"damage_taken":0}],"boss_relics":[],"items_purged_floors":[],"is_endless":false,"potions_floor_spawned":[2,4,12,14],"killed_by":"The Guardian","ascension_level":4}