{"gold_per_floor":[213,213,213,226,5,44,67,67,91,65,89,89,89,113,113,238,238,257,182,5,23,23,38,58,78,123,123],"floor_reached":27,"playtime":1349,"items_purged":["Strike_R","Strike_R"],"score":333,"play_id":"4d182ec5-dbb6-478b-9b06-90d251f92703","local_time":"20180830204714","is_ascension_mode":true,"campfire_choices":[{"floor":15,"key":"REST"}],"neow_cost":"NONE","seed_source_timestamp":851370641326606,"circlet_count":0,"master_deck":["Defend_R","Defend_R","Defend_R","Defend_R","Bash","AscendersBane","Iron Wave","Uppercut","Inflame","Metallicize","Shrug It Off","Reaper","Iron Wave","Demon Form+1","Thunderclap","Heavy Blade","True Grit","Shrug It Off","Heavy Blade","Pummel","Shrug It Off"],"relics":["Burning Blood","Golden Idol","Bag of Marbles","Boot","Strawberry","Bronze Scales","Frozen Egg 2","Empty Cage","Orichalcum"],"potions_floor_usage":[16,16,25,27],"damage_taken":[{"damage":4,"enemies":"Small Slimes","floor":1,"turns":4},{"damage":6,"enemies":"Cultist","floor":4,"turns":3},{"damage":46,"enemies":"Gremlin Nob","floor":6,"turns":5},{"damage":6,"enemies":"2 Louse","floor":7,"turns":3},{"damage":5,"enemies":"2 Fungi Beasts","floor":11,"turns":4},{"damage":14,"enemies":"Exordium Wildlife","floor":14,"turns":4},{"damage":37,"enemies":"Hexaghost","floor":16,"turns":15},{"damage":22,"enemies":"3 Byrds","floor":18,"turns":3},{"damage":24,"enemies":"Shell Parasite","floor":21,"turns":5},{"damage":40,"enemies":"Centurion and Healer","floor":23,"turns":8},{"damage":40,"enemies":"Snake Plant","floor":24,"turns":5},{"damage":8,"enemies":"Snecko","floor":25,"turns":5},{"damage":45,"enemies":"3 Cultists","floor":27,"turns":5}],"seed_played":"5576563158224135840","potions_obtained":[{"floor":7,"key":"Weak Potion"},{"floor":11,"key":"Weak Potion"},{"floor":14,"key":"Dexterity Potion"},{"floor":18,"key":"Dexterity Potion"},{"floor":25,"key":"Fire Potion"}],"is_trial":false,"path_per_floor":["M","?","?","M","$","E","M","?","T","$","M","?","?","M","R","B",null,"M","?","$","M","?","M","M","M","T"],"character_chosen":"IRONCLAD","items_purchased":["Bag of Marbles","Shrug It Off","Heavy Blade","True Grit"],"campfire_rested":1,"item_purchase_floors":[5,10,20,20],"current_hp_per_floor":[74,74,79,79,79,39,39,34,34,34,35,35,35,35,62,37,78,74,74,74,56,56,46,12,19,19,0],"gold":123,"neow_bonus":"HUNDRED_GOLD","is_prod":false,"is_daily":false,"chose_seed":false,"campfire_upgraded":0,"win_rate":0,"timestamp":1535676434,"path_taken":["M","?","?","M","$","E","?","?","T","?","?","?","?","M","R","BOSS","M","?","$","M","?","M","M","M","T","M"],"build_version":"2018-08-23v2","purchased_purges":2,"victory":false,"max_hp_per_floor":[80,80,85,85,85,85,85,92,92,92,92,92,92,92,92,92,92,92,92,92,92,92,92,92,92,92,92],"card_choices":[{"not_picked":["Thunderclap","Body Slam"],"picked":"Iron Wave","floor":1},{"not_picked":["True Grit","Power Through"],"picked":"Uppercut","floor":4},{"not_picked":["Perfected Strike","Body Slam"],"picked":"Inflame","floor":6},{"not_picked":["Wild Strike","Thunderclap"],"picked":"Metallicize","floor":7},{"not_picked":["Havoc","Barricade","Entrench"],"picked":"SKIP","floor":11},{"not_picked":["Wild Strike","Heavy Blade"],"picked":"Iron Wave","floor":14},{"not_picked":["Brutality+1","Exhume"],"picked":"Demon Form+1","floor":16},{"not_picked":["Flex","Anger"],"picked":"Thunderclap","floor":18},{"not_picked":["Warcry","Rampage"],"picked":"Shrug It Off","floor":21},{"not_picked":["True Grit","Rupture+1"],"picked":"Pummel","floor":23},{"not_picked":["Sever Soul+1","Havoc+1","Clash"],"picked":"SKIP","floor":24},{"not_picked":["Armaments+1","Uppercut"],"picked":"Shrug It Off","floor":25}],"player_experience":1507822,"relics_obtained":[{"floor":6,"key":"Boot"},{"floor":9,"key":"Bronze Scales"},{"floor":26,"key":"Orichalcum"}],"event_choices":[{"event_name":"Golden Idol","player_choice":"Take Wound","floor":2,"damage_taken":0},{"event_name":"Big Fish","player_choice":"Donut","floor":3,"damage_taken":0},{"event_name":"Scrap Ooze","player_choice":"success","floor":8,"damage_taken":12},{"event_name":"WeMeetAgain","player_choice":"Potion","floor":12,"damage_taken":0},{"event_name":"Transmorgrifier","player_choice":"Transform","floor":13,"damage_taken":0},{"event_name":"Beggar","player_choice":"Gave Gold","floor":19,"damage_taken":0},{"event_name":"Duplicator","player_choice":"One dupe","floor":22,"damage_taken":0}],"is_beta":false,"boss_relics":[{"not_picked":["Black Star","Calling Bell"],"picked":"Empty Cage"}],"items_purged_floors":[5,20],"is_endless":false,"potions_floor_spawned":[7,11,14,18,25],"killed_by":"3 Cultists","ascension_level":11}