{"gold_per_floor":[110,120,137,62,80,80,115,128,201,201,38,54,54,64,64,139,139,149,149,166,11,11,11,11,22,46,46],"floor_reached":27,"playtime":1221,"items_purged":["Strike_R","Strike_R"],"score":398,"play_id":"0399119d-b763-452a-9a6d-1b19c049e005","local_time":"20190211152244","is_ascension_mode":true,"campfire_choices":[{"floor":6,"key":"REST"},{"floor":10,"key":"REST"},{"data":"Searing Blow","floor":13,"key":"SMITH"},{"floor":15,"key":"REST"},{"data":"Searing Blow+1","floor":23,"key":"SMITH"}],"neow_cost":"NONE","seed_source_timestamp":694693176629035,"circlet_count":0,"master_deck":["AscendersBane","Strike_R","Strike_R","Strike_R","Defend_R","Defend_R","Defend_R","Defend_R","Bash","Armaments","Searing Blow+2","Feel No Pain","Flame Barrier","Havoc","Armaments","Headbutt","Thunderclap","Juggernaut","Reaper","Disarm","Armaments","Flame Barrier"],"relics":["Burning Blood","Lantern","Question Card","Orichalcum","Sozu","Bag of Preparation"],"potions_floor_usage":[7,12,16],"damage_taken":[{"damage":7,"enemies":"Cultist","floor":1,"turns":4},{"damage":7,"enemies":"Small Slimes","floor":2,"turns":3},{"damage":14,"enemies":"Jaw Worm","floor":3,"turns":4},{"damage":24,"enemies":"Exordium Wildlife","floor":5,"turns":8},{"damage":39,"enemies":"Gremlin Nob","floor":7,"turns":6},{"damage":18,"enemies":"Lots of Slimes","floor":8,"turns":7},{"damage":0,"enemies":"3 Louse","floor":12,"turns":5},{"damage":11,"enemies":"Blue Slaver","floor":14,"turns":4},{"damage":28,"enemies":"The Guardian","floor":16,"turns":13},{"damage":20,"enemies":"Shell Parasite","floor":18,"turns":6},{"damage":31,"enemies":"Spheric Guardian","floor":20,"turns":6},{"damage":30,"enemies":"Snecko","floor":25,"turns":6},{"damage":28,"enemies":"Sentry and Sphere","floor":27,"turns":4}],"seed_played":"2962219429582614611","potions_obtained":[{"floor":3,"key":"Ancient Potion"},{"floor":5,"key":"SkillPotion"},{"floor":12,"key":"Explosive Potion"}],"is_trial":false,"path_per_floor":["M","M","M","$","M","R","E","M","T","R","$","M","R","M","R","B",null,"M","?","M","$","?","R","$","M","T","M"],"character_chosen":"IRONCLAD","items_purchased":["Orichalcum","Armaments"],"campfire_rested":3,"item_purchase_floors":[11,21],"current_hp_per_floor":[67,66,58,58,40,62,29,17,17,39,39,45,45,40,62,40,66,52,67,46,46,46,46,46,27,27,0],"gold":46,"neow_bonus":"THREE_CARDS","is_prod":false,"is_daily":false,"chose_seed":false,"campfire_upgraded":2,"win_rate":0,"timestamp":1549916564,"path_taken":["M","?","?","$","M","R","E","M","T","R","?","M","R","M","R","BOSS","M","?","M","$","?","R","$","M","T","M"],"build_version":"2019-01-23","purchased_purges":2,"victory":false,"max_hp_per_floor":[75,75,75,75,75,75,75,75,75,75,75,75,75,75,75,75,75,75,75,75,75,75,75,75,75,75,75],"card_choices":[{"not_picked":["Flex","Wild Strike"],"picked":"Armaments","floor":0},{"not_picked":["Body Slam","Heavy Blade"],"picked":"Searing Blow","floor":1},{"not_picked":["Cleave","Blood for Blood"],"picked":"Feel No Pain","floor":2},{"not_picked":["Flex","Cleave"],"picked":"Flame Barrier","floor":3},{"not_picked":["Warcry","Cleave"],"picked":"Havoc","floor":5},{"not_picked":["Flex","Barricade"],"picked":"Armaments","floor":7},{"not_picked":["Clash","Clothesline"],"picked":"Headbutt","floor":8},{"not_picked":["Perfected Strike","Anger","Clothesline"],"picked":"Thunderclap","floor":12},{"not_picked":["Reckless Charge","Sword Boomerang","Body Slam"],"picked":"Juggernaut","floor":14},{"not_picked":["Juggernaut","Berserk","Barricade"],"picked":"Reaper","floor":16},{"not_picked":["Intimidate","Dual Wield","Wild Strike"],"picked":"Disarm","floor":18},{"not_picked":["Flex+1","Cleave","Havoc","Combust"],"picked":"SKIP","floor":20},{"not_picked":["Armaments","Body Slam","Anger"],"picked":"Flame Barrier","floor":25}],"player_experience":2399870,"relics_obtained":[{"floor":7,"key":"Lantern"},{"floor":9,"key":"Question Card"},{"floor":26,"key":"Bag of Preparation"}],"event_choices":[{"damage_healed":15,"gold_gain":0,"player_choice":"Heal","damage_taken":0,"max_hp_gain":0,"max_hp_loss":0,"event_name":"The Library","floor":19,"gold_loss":0},{"damage_healed":0,"gold_gain":0,"player_choice":"Ignored","damage_taken":0,"max_hp_gain":0,"max_hp_loss":0,"event_name":"Ghosts","floor":22,"gold_loss":0}],"is_beta":false,"boss_relics":[{"not_picked":["Orrery","Fusion Hammer"],"picked":"Sozu"}],"items_purged_floors":[4,21],"is_endless":false,"potions_floor_spawned":[3,5,12,25],"killed_by":"Sentry and Sphere","ascension_level":17}