{"gold_per_floor":[15,190,209,5,24,24,41,41,91,91,106,124,134,161,161,261,261,261,261,261,186,186,186,186,186,186,186,186,186,186,186,186,186,186,186,186,186,186,0,0,0,0,0,0,0,0,0,0,0,0],"floor_reached":51,"playtime":3219,"items_purged":[],"score":1073,"play_id":"516cd110-6ac8-42b3-976f-78e4ee897e51","local_time":"20180629015825","is_ascension_mode":true,"campfire_choices":[{"data":"Shockwave","floor":6.0,"key":"SMITH"},{"data":"Clothesline","floor":8.0,"key":"SMITH"},{"data":"Carnage","floor":10.0,"key":"SMITH"},{"data":"Barricade","floor":15.0,"key":"SMITH"},{"floor":23.0,"key":"REST"},{"data":"Body Slam","floor":30.0,"key":"SMITH"},{"floor":32,"key":"REST"},{"data":"Demon Form","floor":41,"key":"SMITH"},{"data":"Apotheosis","floor":44,"key":"SMITH"},{"floor":47,"key":"REST"},{"floor":49,"key":"REST"}],"neow_cost":"","seed_source_timestamp":30304395005590,"circlet_count":0,"master_deck":["Strike_R+1","Strike_R","Defend_R","Defend_R","Defend_R","Defend_R","Bash","Brutality","Dropkick","Twin Strike+1","Shockwave+1","Shrug It Off","Carnage+1","Clothesline+1","Shrug It Off","Barricade+1","Immolate","Metallicize","Ghostly Armor","Body Slam+1","Iron Wave","Demon Form+1","Body Slam","Body Slam+1","Apotheosis+1","Trip","Madness","Heavy Blade","Heavy Blade+1","Doubt","Body Slam+1","Ghostly Armor"],"special_seed":0,"relics":["Burning Blood","Singing Bowl","Happy Flower","Whetstone","Ectoplasm","Nilry\u0027s Codex","Incense Burner","Centennial Puzzle","Cursed Key","Red Mask","Art of War","Bottled Flame","Sundial"],"potions_floor_usage":[33,33,40,50],"damage_taken":[{"damage":1.0,"enemies":"2 Louse","floor":1.0,"turns":3.0},{"damage":6.0,"enemies":"Small Slimes","floor":3.0,"turns":4.0},{"damage":2.0,"enemies":"Jaw Worm","floor":5.0,"turns":4.0},{"damage":5.0,"enemies":"Looter","floor":7.0,"turns":3.0},{"damage":13.0,"enemies":"Exordium Wildlife","floor":11.0,"turns":7.0},{"damage":1.0,"enemies":"Blue Slaver","floor":12.0,"turns":2.0},{"damage":12.0,"enemies":"Exordium Thugs","floor":13.0,"turns":5.0},{"damage":13.0,"enemies":"Gremlin Nob","floor":14.0,"turns":3.0},{"damage":20.0,"enemies":"The Guardian","floor":16.0,"turns":10.0},{"damage":23.0,"enemies":"Shell Parasite","floor":18.0,"turns":6.0},{"damage":20.0,"enemies":"Spheric Guardian","floor":22.0,"turns":4.0},{"damage":14.0,"enemies":"Slavers","floor":24.0,"turns":4.0},{"damage":25.0,"enemies":"Slaver and Parasite","floor":25.0,"turns":5.0},{"damage":0.0,"enemies":"Snecko","floor":27.0,"turns":5.0},{"damage":2.0,"enemies":"Cultist and Chosen","floor":28.0,"turns":5.0},{"damage":10,"enemies":"Centurion and Healer","floor":31,"turns":5},{"damage":25,"enemies":"Champ","floor":33,"turns":12},{"damage":1,"enemies":"3 Shapes","floor":35,"turns":4},{"damage":4,"enemies":"Orb Walker","floor":38,"turns":3},{"damage":3,"enemies":"Giant Head","floor":40,"turns":6},{"damage":25,"enemies":"Maw","floor":42,"turns":6},{"damage":42,"enemies":"Nemesis","floor":45,"turns":7},{"damage":16,"enemies":"Sphere and 2 Shapes","floor":46,"turns":4},{"damage":0,"enemies":"Spire Growth","floor":48,"turns":5},{"damage":36,"enemies":"Donu and Deca","floor":50,"turns":8}],"seed_played":"2110257817334451380","potions_obtained":[{"floor":1.0,"key":"SpeedPotion"},{"floor":7.0,"key":"Ancient Potion"},{"floor":11.0,"key":"Poison Potion"},{"floor":13.0,"key":"AttackPotion"},{"floor":14.0,"key":"Fire Potion"},{"floor":22.0,"key":"Strength Potion"},{"floor":25.0,"key":"FairyPotion"},{"floor":29.0,"key":"LiquidBronze"},{"floor":29.0,"key":"Block Potion"},{"floor":31,"key":"BloodPotion"},{"floor":33,"key":"SteroidPotion"},{"floor":38,"key":"GamblersBrew"},{"floor":42,"key":"Fire Potion"}],"is_trial":false,"path_per_floor":["M","?","M","$","M","R","M","R","T","R","M","M","M","E","R","B",null,"M","?","?","?","M","R","E","M","T","M","M","?","R","M","R","B",null,"M","?","?","M","?","E","R","M","T","R","E","M","R","M","R","B"],"character_chosen":"IRONCLAD","items_purchased":["Singing Bowl","Shrug It Off"],"campfire_rested":4,"item_purchase_floors":[],"current_hp_per_floor":[77,77,77,77,80,80,80,80,80,80,73,78,74,69,69,55,77,62,46,46,46,34,60,54,35,35,41,45,45,45,41,68,58,82,87,87,77,84,84,87,87,68,68,68,32,24,52,58,86,56],"gold":0,"neow_bonus":"","is_prod":false,"is_daily":false,"chose_seed":false,"campfire_upgraded":7,"win_rate":0,"timestamp":1530230305,"path_taken":["M","?","M","$","M","R","M","R","T","R","M","M","M","E","R","BOSS","M","?","?","?","M","R","E","M","T","?","M","?","R","?","R","BOSS","M","?","?","M","?","E","R","M","T","R","E","M","R","?","R","BOSS"],"build_version":"2018-06-27","purchased_purges":0,"victory":true,"max_hp_per_floor":[80,80,80,80,80,80,80,80,80,80,80,80,82,84,84,84,84,86,86,86,86,88,88,90,90,90,90,90,90,90,90,90,90,90,90,90,90,92,92,92,92,92,92,92,92,94,94,94,94,94],"card_choices":[{"not_picked":["Burning Pact","Flex"],"picked":"Twin Strike","floor":1.0},{"not_picked":["Perfected Strike","Pommel Strike"],"picked":"Shockwave","floor":3.0},{"not_picked":["Wild Strike","Warcry"],"picked":"Carnage","floor":5.0},{"not_picked":["Armaments","Fiend Fire"],"picked":"Clothesline","floor":7.0},{"not_picked":["Pommel Strike","Flex"],"picked":"Shrug It Off","floor":11.0},{"not_picked":["Searing Blow","Sword Boomerang"],"picked":"Barricade","floor":12.0},{"not_picked":["Anger","Sword Boomerang","Armaments"],"picked":"Singing Bowl","floor":13.0},{"not_picked":["Heavy Blade","Pommel Strike","Warcry"],"picked":"Singing Bowl","floor":14.0},{"not_picked":["Exhume","Double Tap"],"picked":"Immolate","floor":16.0},{"not_picked":["Anger","Perfected Strike","Corruption+1"],"picked":"Singing Bowl","floor":18.0},{"not_picked":["Anger","Armaments","Second Wind"],"picked":"Singing Bowl","floor":22.0},{"not_picked":["Sever Soul","Searing Blow+1","Rampage+1"],"picked":"Singing Bowl","floor":24.0},{"not_picked":["Twin Strike","Clash"],"picked":"Metallicize","floor":25.0},{"not_picked":["Sever Soul","Headbutt"],"picked":"Ghostly Armor","floor":27.0},{"not_picked":["Thunderclap","Cleave"],"picked":"Body Slam","floor":28.0},{"not_picked":["Headbutt+1","Rage+1"],"picked":"Iron Wave","floor":31},{"not_picked":["Limit Break","Berserk"],"picked":"Demon Form","floor":33},{"not_picked":["Clothesline","Heavy Blade"],"picked":"Body Slam","floor":35},{"not_picked":["Sadistic Nature","Purity"],"picked":"Apotheosis","floor":37},{"not_picked":["Purity","Blind"],"picked":"Trip","floor":37},{"not_picked":["Apotheosis","Jack Of All Trades"],"picked":"Madness","floor":37},{"not_picked":["Havoc","Flex+1","Clothesline"],"picked":"Singing Bowl","floor":38},{"not_picked":["Twin Strike","Wild Strike"],"picked":"Heavy Blade","floor":40},{"not_picked":["Fire Breathing+1","Shrug It Off"],"picked":"Heavy Blade+1","floor":42},{"not_picked":["Feel No Pain+1","Sword Boomerang+1"],"picked":"Body Slam+1","floor":45},{"not_picked":["Dual Wield","Thunderclap+1","Reckless Charge"],"picked":"Singing Bowl","floor":46},{"not_picked":["Entrench","True Grit"],"picked":"Ghostly Armor","floor":48}],"player_experience":215872,"relics_obtained":[{"floor":9.0,"key":"Happy Flower"},{"floor":14.0,"key":"Whetstone"},{"floor":19.0,"key":"Nilry\u0027s Codex"},{"floor":24.0,"key":"Incense Burner"},{"floor":26.0,"key":"Centennial Puzzle"},{"floor":40,"key":"Art of War"},{"floor":43,"key":"Bottled Flame"},{"floor":45,"key":"Sundial"}],"event_choices":[{"event_name":"Liars Game","player_choice":"agreed","floor":2.0,"damage_taken":0.0},{"event_name":"Cursed Tome","player_choice":"Obtained Book","floor":19.0,"damage_taken":0.0},{"event_name":"Fountain of Cleansing","player_choice":"Removed Curse","floor":20.0,"damage_taken":0.0},{"event_name":"Beggar","player_choice":"Gave Gold","floor":21.0,"damage_taken":0.0},{"event_name":"The Lab","player_choice":"Got Potions","floor":29.0,"damage_taken":0.0},{"event_name":"Duplicator","player_choice":"One dupe","floor":36,"damage_taken":0},{"event_name":"SensoryStone","player_choice":"Memory 3","floor":37,"damage_taken":0},{"event_name":"Tomb of Lord Red Mask","player_choice":"Paid","floor":39,"damage_taken":0}],"boss_relics":[{"not_picked":["Calling Bell","Empty Cage"],"picked":"Ectoplasm"},{"not_picked":["Philosopher\u0027s Stone","Astrolabe"],"picked":"Cursed Key"}],"items_purged_floors":[],"is_endless":false,"potions_floor_spawned":[1,7,11,13,14,22,25,31,33,38,42],"ascension_level":8}