{"gold_per_floor":[112,37,37,37,48,80,80,98,98,111,138,165,177,199,211,326,338,336,348,378,408,434,446,458],"floor_reached":24,"playtime":1316,"items_purged":["Strike_B"],"score":235,"play_id":"9be63bb6-192b-4f74-bd6d-e4fb48ed5afd","local_time":"20181207130120","is_ascension_mode":false,"campfire_choices":[{"floor":7,"key":"REST"},{"floor":15,"key":"REST"},{"floor":23,"key":"REST"}],"neow_cost":"NONE","seed_source_timestamp":407392181765274,"circlet_count":0,"master_deck":["Strike_B","Strike_B","Strike_B","Defend_B","Defend_B","Defend_B","Defend_B","Zap","Dualcast","Reinforced Body","Leap","Barrage","Ball Lightning","Conserve Battery","Hologram","Defragment+1","Machine Learning","Echo Form","Consume+1","Ball Lightning","Streamline","Leap","Genetic Algorithm"],"relics":["Inserter","Matryoshka","PreservedInsect","Bag of Marbles","Mercury Hourglass","MawBank","Lizard Tail"],"potions_floor_usage":[11,12,16,22,24],"damage_taken":[{"damage":0,"enemies":"Cultist","floor":1,"turns":4},{"damage":2,"enemies":"2 Louse","floor":5,"turns":3},{"damage":43,"enemies":"3 Sentries","floor":6,"turns":13},{"damage":3,"enemies":"Small Slimes","floor":8,"turns":4},{"damage":2,"enemies":"2 Fungi Beasts","floor":10,"turns":3},{"damage":0,"enemies":"Lagavulin","floor":11,"turns":5},{"damage":7,"enemies":"Blue Slaver","floor":12,"turns":4},{"damage":11,"enemies":"Lots of Slimes","floor":14,"turns":3},{"damage":23,"enemies":"The Guardian","floor":16,"turns":11},{"damage":35,"enemies":"2 Thieves","floor":18,"turns":4},{"damage":13,"enemies":"Chosen","floor":20,"turns":6},{"damage":15,"enemies":"Centurion and Healer","floor":21,"turns":8},{"damage":39,"enemies":"Cultist and Chosen","floor":22,"turns":7},{"damage":43,"enemies":"Gremlin Leader","floor":24,"turns":3}],"seed_played":"784108290666168187","potions_obtained":[{"floor":1,"key":"SteroidPotion"},{"floor":6,"key":"Weak Potion"},{"floor":11,"key":"Regen Potion"},{"floor":16,"key":"Strength Potion"},{"floor":18,"key":"Swift Potion"}],"is_trial":false,"path_per_floor":["M","$","?","?","M","E","R","M","T","M","E","M","?","M","R","B",null,"M","?","M","M","M","R","E"],"character_chosen":"DEFECT","items_purchased":[],"campfire_rested":3,"item_purchase_floors":[],"current_hp_per_floor":[75,75,75,63,61,18,40,37,37,35,35,37,37,26,48,25,75,40,40,27,12,14,36,0],"gold":458,"neow_bonus":"BOSS_RELIC","is_prod":false,"is_daily":false,"chose_seed":false,"campfire_upgraded":0,"win_rate":0,"timestamp":1544205680,"path_taken":["M","?","?","?","M","E","R","M","T","M","E","M","?","M","R","BOSS","M","?","?","M","M","R","E"],"build_version":"2018-12-06","purchased_purges":1,"victory":false,"max_hp_per_floor":[75,75,75,75,75,75,75,75,75,75,75,75,75,75,75,75,75,75,75,75,75,75,75,75],"card_choices":[{"not_picked":["Beam Cell","Stack"],"picked":"Reinforced Body","floor":1},{"not_picked":["Compile Driver","Sweeping Beam"],"picked":"Leap","floor":5},{"not_picked":["Heatsinks","Hologram"],"picked":"Barrage","floor":6},{"not_picked":["Redo","Hologram"],"picked":"Ball Lightning","floor":8},{"not_picked":["Beam Cell","Reprogram"],"picked":"Conserve Battery","floor":10},{"not_picked":["Force Field","Stack"],"picked":"Hologram","floor":11},{"not_picked":["Rebound","Hologram"],"picked":"Defragment","floor":12},{"not_picked":["Compile Driver","Doom and Gloom"],"picked":"Machine Learning","floor":14},{"not_picked":["Core Surge","Amplify"],"picked":"Echo Form","floor":16},{"not_picked":["Hologram+1","Streamline"],"picked":"Consume+1","floor":18},{"not_picked":["Turbo","Hologram"],"picked":"Streamline","floor":20},{"not_picked":["Steam Power+1","Gash"],"picked":"Leap","floor":21},{"not_picked":["Barrage","Scrape+1"],"picked":"Genetic Algorithm","floor":22}],"player_experience":1796308,"relics_obtained":[{"floor":6,"key":"PreservedInsect"},{"floor":9,"key":"Bag of Marbles"},{"floor":9,"key":"Mercury Hourglass"},{"floor":11,"key":"MawBank"}],"event_choices":[{"damage_healed":0,"gold_gain":0,"player_choice":"Ignored","damage_taken":0,"max_hp_gain":0,"max_hp_loss":0,"event_name":"Liars Game","floor":3,"gold_loss":0},{"damage_healed":0,"gold_gain":0,"player_choice":"Success","damage_taken":12,"relics_obtained":["Matryoshka"],"max_hp_gain":0,"max_hp_loss":0,"event_name":"Scrap Ooze","floor":4,"gold_loss":0},{"damage_healed":0,"gold_gain":0,"player_choice":"Grow","damage_taken":0,"max_hp_gain":0,"max_hp_loss":0,"event_name":"Living Wall","floor":13,"gold_loss":0,"cards_upgraded":["Defragment"]},{"damage_healed":0,"gold_gain":0,"player_choice":"1 cards matched","damage_taken":0,"max_hp_gain":0,"max_hp_loss":0,"event_name":"Match and Keep!","floor":19,"gold_loss":0,"cards_obtained":["Ball Lightning"]}],"is_beta":false,"boss_relics":[{"not_picked":["Ectoplasm","Snecko Eye"],"picked":"Lizard Tail"}],"items_purged_floors":[2],"is_endless":false,"potions_floor_spawned":[1,6,11,16,18],"killed_by":"Gremlin Leader","ascension_level":0}