{"gold_per_floor":[110,35,35,54,54,54,82,94,94,125,125,136,169,186,186,257,257,267,267,267,280,280,280,280],"floor_reached":24,"playtime":1063,"items_purged":[],"score":454,"play_id":"43ea5910-9f5c-49e8-99f8-e915e7d75566","local_time":"20190121185511","is_ascension_mode":true,"campfire_choices":[{"data":"Streamline","floor":6,"key":"SMITH"},{"floor":15,"key":"REST"},{"floor":23,"key":"REST"}],"neow_cost":"NONE","seed_source_timestamp":123921837633277,"circlet_count":0,"master_deck":["AscendersBane","Defend_B","Defend_B+1","Defend_B","Defend_B","Zap+1","Dualcast","Streamline+1","Beam Cell","Loop","Leap+1","Glacier+1","Static Discharge","Sweeping Beam","Echo Form","Redo+1","Machine Learning","Writhe","Leap+1"],"relics":["Cracked Core","NeowsBlessing","Toxic Egg 2","Art of War","Vajra","Prayer Wheel","Busted Crown","MutagenicStrength","Nloth\u0027s Gift"],"potions_floor_usage":[10,13,14,18],"damage_taken":[{"damage":0,"enemies":"2 Louse","floor":1,"turns":1},{"damage":0,"enemies":"Small Slimes","floor":4,"turns":1},{"damage":0,"enemies":"Gremlin Nob","floor":7,"turns":1},{"damage":0,"enemies":"Cultist","floor":8,"turns":3},{"damage":8,"enemies":"3 Sentries","floor":10,"turns":7},{"damage":7,"enemies":"2 Fungi Beasts","floor":12,"turns":5},{"damage":36,"enemies":"Gremlin Nob","floor":13,"turns":4},{"damage":0,"enemies":"Exordium Wildlife","floor":14,"turns":3},{"damage":3,"enemies":"Slime Boss","floor":16,"turns":13},{"damage":9,"enemies":"Chosen","floor":18,"turns":7},{"damage":22,"enemies":"Spheric Guardian","floor":21,"turns":4},{"damage":53,"enemies":"Gremlin Leader","floor":24,"turns":3}],"seed_played":"1905983730718233941","potions_obtained":[{"floor":7,"key":"Block Potion"},{"floor":10,"key":"GamblersBrew"},{"floor":13,"key":"Regen Potion"},{"floor":16,"key":"Energy Potion"}],"is_trial":false,"path_per_floor":["M","?","?","M","?","R","E","M","T","E","?","M","E","M","R","B",null,"M","?","?","M","?","R","E"],"character_chosen":"DEFECT","items_purchased":[],"campfire_rested":2,"item_purchase_floors":[],"current_hp_per_floor":[64,64,57,57,57,57,57,57,57,49,49,42,6,15,36,33,62,53,53,53,31,31,52,0],"gold":280,"neow_bonus":"THREE_ENEMY_KILL","is_prod":false,"is_daily":false,"chose_seed":false,"campfire_upgraded":1,"win_rate":0,"timestamp":1548114911,"path_taken":["M","?","?","M","?","R","E","M","T","E","?","M","E","?","R","BOSS","M","?","?","M","?","R","E"],"build_version":"2019-01-17v2","purchased_purges":0,"victory":false,"max_hp_per_floor":[71,71,71,71,71,71,71,71,71,71,71,71,71,71,71,71,71,71,71,71,71,71,71,71],"card_choices":[{"not_picked":["Compile Driver","Steam Power"],"picked":"Streamline","floor":1},{"not_picked":["Redo","Turbo"],"picked":"Beam Cell","floor":4},{"not_picked":["Blizzard","Turbo"],"picked":"Loop","floor":7},{"not_picked":["Turbo+1","Cold Snap"],"picked":"Leap+1","floor":8},{"not_picked":["Multi-Cast+1","Stack+1"],"picked":"Glacier+1","floor":10},{"not_picked":["Blizzard","Darkness+1"],"picked":"Sweeping Beam","floor":12},{"not_picked":["Cold Snap","Streamline","Stack+1"],"picked":"SKIP","floor":13},{"not_picked":["Sweeping Beam","Streamline"],"picked":"Echo Form","floor":14},{"not_picked":["Static Discharge","FTL"],"picked":"Redo+1","floor":14},{"not_picked":["All For One","Hyperbeam"],"picked":"Machine Learning","floor":16},{"not_picked":["Beam Cell"],"picked":"SKIP","floor":18},{"not_picked":["Hello World"],"picked":"SKIP","floor":18},{"not_picked":[],"picked":"Leap+1","floor":21},{"not_picked":["Turbo+1"],"picked":"SKIP","floor":21}],"player_experience":2191404,"relics_obtained":[{"floor":7,"key":"Toxic Egg 2"},{"floor":9,"key":"Art of War"},{"floor":10,"key":"Vajra"},{"floor":13,"key":"Prayer Wheel"}],"event_choices":[{"cards_removed":["Strike_B"],"damage_healed":0,"gold_gain":0,"player_choice":"Card Removal","damage_taken":0,"max_hp_gain":0,"max_hp_loss":0,"event_name":"The Cleric","floor":2,"gold_loss":75},{"cards_removed":["Strike_B"],"damage_healed":0,"gold_gain":0,"player_choice":"Card Removal","damage_taken":7,"max_hp_gain":0,"max_hp_loss":0,"event_name":"Golden Wing","floor":3,"gold_loss":0},{"cards_removed":["Strike_B"],"damage_healed":0,"gold_gain":0,"player_choice":"Forget","damage_taken":0,"max_hp_gain":0,"max_hp_loss":0,"event_name":"Living Wall","floor":5,"gold_loss":0},{"damage_healed":0,"gold_gain":0,"cards_transformed":["Strike_B"],"player_choice":"Transformed","damage_taken":0,"max_hp_gain":0,"max_hp_loss":0,"event_name":"Transmorgrifier","floor":11,"gold_loss":0,"cards_obtained":["Static Discharge"]},{"damage_healed":0,"gold_gain":0,"player_choice":"Opened","damage_taken":0,"relics_obtained":["War Paint"],"max_hp_gain":0,"max_hp_loss":0,"event_name":"The Mausoleum","floor":19,"gold_loss":0,"cards_obtained":["Writhe"]},{"damage_healed":0,"gold_gain":0,"player_choice":"Inject Mutagens","damage_taken":0,"relics_obtained":["MutagenicStrength"],"max_hp_gain":0,"max_hp_loss":0,"event_name":"Drug Dealer","floor":20,"gold_loss":0},{"damage_healed":0,"gold_gain":0,"player_choice":"Traded Relic","damage_taken":0,"relics_obtained":["Nloth\u0027s Gift"],"max_hp_gain":0,"max_hp_loss":0,"event_name":"N\u0027loth","floor":22,"relics_lost":["War Paint"],"gold_loss":0}],"is_beta":false,"boss_relics":[{"not_picked":["Ectoplasm","Runic Dome"],"picked":"Busted Crown"}],"items_purged_floors":[],"is_endless":false,"potions_floor_spawned":[7,10,13,16],"killed_by":"Gremlin Leader","ascension_level":18}