{"gold_per_floor":[114,289,289,93,108,108,138,138,138,168,183,183,183,213,213,313,313,328,178,277,292,207,237,237,267,292,42,57,87,87,117,117,217,217,232,232,44,0,15,15,45,60,140,155,185,185,215,215,215,215],"floor_reached":51,"playtime":1712,"items_purged":["Doubt"],"score":1200,"play_id":"af04c88e-ed12-4f1e-a18d-0916f5af815c","local_time":"20181006154409","daily_mods":["Draft","Blue Cards","Elite Swarm"],"is_ascension_mode":false,"campfire_choices":[{"data":"Tempest","floor":6,"key":"SMITH"},{"data":"Stack","floor":8,"key":"SMITH"},{"data":"Dagger Spray","floor":12,"key":"SMITH"},{"data":"Envenom","floor":15,"key":"SMITH"},{"floor":24,"key":"REST"},{"floor":30,"key":"REST"},{"floor":32,"key":"DIG"},{"floor":40,"key":"DIG"},{"floor":46,"key":"DIG"},{"floor":49,"key":"DIG"}],"neow_cost":"","seed_source_timestamp":0,"circlet_count":0,"master_deck":["BootSequence+1","Tempest+1","Cloak And Dagger","Bane","Sweeping Beam","Go for the Eyes","Footwork+1","PiercingWail","Coolheaded","Dagger Spray+1","Catalyst","Deflect","FTL+1","Masterful Stab","Flying Knee","Stack+1","Backstab+1","Cold Snap","After Image","Adrenaline","Cold Snap","Envenom+1","Corpse Explosion","Backflip+1","Burst","Self Repair+1","Envenom+1","Adrenaline","Buffer+1","Bane+1","Dark Shackles","Footwork+1","Glacier+1","Envenom+1","Bouncing Flask+1","Wraith Form v2+1"],"special_seed":17810,"relics":["Ring of the Snake","PreservedInsect","Omamori","Nunchaku","Peace Pipe","Fusion Hammer","Vajra","Mummified Hand","Bottled Lightning","Frozen Egg 2","War Paint","Gremlin Horn","Pear","Shovel","Whetstone","Black Star","Bronze Scales","Red Mask","Dodecahedron","StoneCalendar","Gambling Chip","Tiny Chest","Singing Bowl","Sundial","Blood Vial","Du-Vu Doll","Incense Burner","Orichalcum"],"potions_floor_usage":[23,31],"damage_taken":[{"damage":0,"enemies":"Jaw Worm","floor":1,"turns":2},{"damage":0,"enemies":"2 Louse","floor":5,"turns":1},{"damage":11,"enemies":"Lagavulin","floor":7,"turns":5},{"damage":0,"enemies":"Gremlin Nob","floor":10,"turns":3},{"damage":0,"enemies":"Small Slimes","floor":11,"turns":2},{"damage":0,"enemies":"3 Sentries","floor":14,"turns":3},{"damage":3,"enemies":"The Guardian","floor":16,"turns":7},{"damage":0,"enemies":"Chosen","floor":18,"turns":3},{"damage":0,"enemies":"Shell Parasite","floor":21,"turns":4},{"damage":0,"enemies":"Book of Stabbing","floor":23,"turns":3},{"damage":0,"enemies":"Gremlin Leader","floor":25,"turns":3},{"damage":0,"enemies":"3 Cultists","floor":28,"turns":1},{"damage":0,"enemies":"Slavers","floor":29,"turns":1},{"damage":15,"enemies":"Gremlin Leader","floor":31,"turns":4},{"damage":0,"enemies":"Automaton","floor":33,"turns":5},{"damage":0,"enemies":"3 Darklings","floor":35,"turns":3},{"damage":0,"enemies":"3 Shapes","floor":39,"turns":2},{"damage":0,"enemies":"2 Orb Walkers","floor":41,"turns":2},{"damage":0,"enemies":"3 Darklings","floor":42,"turns":3},{"damage":0,"enemies":"4 Shapes","floor":44,"turns":1},{"damage":0,"enemies":"Nemesis","floor":45,"turns":3},{"damage":0,"enemies":"2 Orb Walkers","floor":47,"turns":2},{"damage":50,"enemies":"Time Eater","floor":50,"turns":11}],"seed_played":"-894642481113240428","potions_obtained":[{"floor":1,"key":"LiquidBronze"},{"floor":11,"key":"SteroidPotion"},{"floor":25,"key":"Fire Potion"},{"floor":41,"key":"Fire Potion"}],"is_trial":false,"path_per_floor":["M","?","?","$","M","R","E","R","T","E","M","R","?","E","R","B",null,"M","$","?","M","?","E","R","E","T","$","M","E","R","E","R","B",null,"M","?","$","?","M","R","E","M","T","M","E","R","E","?","R","B"],"character_chosen":"THE_SILENT","items_purchased":["Backstab","Fire Potion","Vajra","Gremlin Horn","Bronze Scales","Footwork+1"],"campfire_rested":2,"item_purchase_floors":[4,4,19,27,37,37],"current_hp_per_floor":[70,70,70,70,70,70,59,59,59,59,59,59,59,59,59,56,70,70,70,70,70,70,70,70,70,70,70,70,80,80,75,75,80,80,80,70,70,70,80,80,80,80,80,80,80,80,82,82,82,32],"gold":215,"neow_bonus":"","is_prod":false,"is_daily":true,"chose_seed":false,"campfire_upgraded":4,"win_rate":0,"timestamp":1538833449,"path_taken":["M","?","?","$","M","R","E","R","T","E","M","R","?","E","R","BOSS","M","$","?","M","?","E","R","E","T","$","M","E","R","E","R","BOSS","M","?","?","?","?","R","E","M","T","?","E","R","E","?","R","BOSS"],"build_version":"2018-10-04v2","purchased_purges":1,"victory":true,"max_hp_per_floor":[70,70,70,70,70,70,70,70,70,70,70,70,70,70,70,70,70,70,70,70,70,70,70,70,70,70,70,70,80,80,80,80,80,80,80,80,80,80,80,80,80,80,80,80,80,80,82,82,82,82],"card_choices":[{"not_picked":["Finisher","Acrobatics"],"picked":"BootSequence","floor":0},{"not_picked":["Terror","Turbo"],"picked":"Tempest","floor":0},{"not_picked":["Streamline","Deadly Poison"],"picked":"Cloak And Dagger","floor":0},{"not_picked":["Turbo","Redo"],"picked":"Bane","floor":0},{"not_picked":["Streamline","Flying Knee"],"picked":"Sweeping Beam","floor":0},{"not_picked":["Blade Dance","Dagger Throw"],"picked":"Go for the Eyes","floor":0},{"not_picked":["Rip and Tear","Compile Driver"],"picked":"Footwork","floor":0},{"not_picked":["Reflex","Terror"],"picked":"PiercingWail","floor":0},{"not_picked":["Double Energy","Turbo"],"picked":"Coolheaded","floor":0},{"not_picked":["Compile Driver","Slice"],"picked":"Dagger Spray","floor":0},{"not_picked":["Recycle","Rebound"],"picked":"Catalyst","floor":0},{"not_picked":["Underhanded Strike","Endless Agony"],"picked":"Deflect","floor":0},{"not_picked":["Quick Slash","Gash"],"picked":"FTL","floor":0},{"not_picked":["Streamline","Acrobatics"],"picked":"Masterful Stab","floor":0},{"not_picked":["Underhanded Strike","Distraction"],"picked":"Flying Knee","floor":0},{"not_picked":["Tactician","Outmaneuver"],"picked":"Stack","floor":1},{"not_picked":["Outmaneuver","Riddle With Holes"],"picked":"Cold Snap","floor":5},{"not_picked":["Envenom","Meteor Strike"],"picked":"After Image","floor":7},{"not_picked":["Tools of the Trade","Rainbow"],"picked":"Adrenaline","floor":10},{"not_picked":["Ball Lightning","Outmaneuver"],"picked":"Cold Snap","floor":11},{"not_picked":["Grand Finale","Fission"],"picked":"Envenom","floor":14},{"not_picked":["Creative AI","Fission"],"picked":"Corpse Explosion","floor":16},{"not_picked":["Double Energy","Riddle With Holes","Dagger Spray+1"],"picked":"SKIP","floor":18},{"not_picked":["Slice","Blizzard"],"picked":"Backflip","floor":21},{"not_picked":["Thunder Strike","Corpse Explosion","Amplify"],"picked":"SKIP","floor":23},{"not_picked":["Meteor Strike","Glass Knife"],"picked":"Burst","floor":25},{"not_picked":["Dodge and Roll","Darkness+1"],"picked":"Self Repair+1","floor":28},{"not_picked":["Storm of Steel","Corpse Explosion"],"picked":"Envenom+1","floor":29},{"not_picked":["Machine Learning+1","Fission"],"picked":"Adrenaline","floor":31},{"not_picked":["Machine Learning+1","Seek"],"picked":"Buffer+1","floor":33},{"not_picked":["Blade Dance+1","Ball Lightning"],"picked":"Bane+1","floor":35},{"not_picked":["Forethought","Jack Of All Trades"],"picked":"Dark Shackles","floor":36},{"not_picked":["Ball Lightning","Infinite Blades+1"],"picked":"Glacier+1","floor":39},{"not_picked":["Malaise","A Thousand Cuts+1"],"picked":"Envenom+1","floor":41},{"not_picked":["Prepared","Sucker Punch","Blade Dance"],"picked":"SKIP","floor":42},{"not_picked":["Poisoned Stab","Compile Driver+1"],"picked":"Bouncing Flask+1","floor":44},{"not_picked":["Meteor Strike","Doppelganger"],"picked":"Wraith Form v2+1","floor":45},{"not_picked":["Multi-Cast","Creative AI+1","Core Surge"],"picked":"Singing Bowl","floor":47}],"player_experience":1515689,"relics_obtained":[{"floor":7,"key":"PreservedInsect"},{"floor":9,"key":"Omamori"},{"floor":10,"key":"Nunchaku"},{"floor":14,"key":"Peace Pipe"},{"floor":23,"key":"Bottled Lightning"},{"floor":25,"key":"Frozen Egg 2"},{"floor":26,"key":"War Paint"},{"floor":29,"key":"Pear"},{"floor":31,"key":"Shovel"},{"floor":32,"key":"Whetstone"},{"floor":40,"key":"Dodecahedron"},{"floor":41,"key":"StoneCalendar"},{"floor":41,"key":"Gambling Chip"},{"floor":43,"key":"Tiny Chest"},{"floor":45,"key":"Singing Bowl"},{"floor":45,"key":"Sundial"},{"floor":46,"key":"Blood Vial"},{"floor":47,"key":"Du-Vu Doll"},{"floor":47,"key":"Incense Burner"},{"floor":49,"key":"Orichalcum"}],"event_choices":[{"event_name":"Liars Game","player_choice":"agreed","floor":2,"damage_taken":0},{"event_name":"Living Wall","player_choice":"Grow","floor":3,"damage_taken":0},{"event_name":"The Woman in Blue","player_choice":"Bought 0 Potions","floor":13,"damage_taken":0},{"event_name":"Nest","player_choice":"Stole From Cult","floor":20,"damage_taken":0},{"event_name":"Addict","player_choice":"Obtained Relic","floor":22,"damage_taken":0},{"event_name":"SensoryStone","player_choice":"Memory 3","floor":36,"damage_taken":0},{"event_name":"Tomb of Lord Red Mask","player_choice":"Paid","floor":38,"damage_taken":0},{"event_name":"Purifier","player_choice":"Skipped","floor":48,"damage_taken":0}],"is_beta":false,"boss_relics":[{"not_picked":["White Beast Statue","Eternal Feather"],"picked":"Fusion Hammer"},{"not_picked":["Astrolabe","Calling Bell"],"picked":"Black Star"}],"items_purged_floors":[4],"is_endless":false,"potions_floor_spawned":[1,11,14,16,21,25,28,41,42,47],"ascension_level":0}