{"gold_per_floor":[20,39,51,17,34,63,63,97,97,115,3,15,15,15,15,115,115,126,143,155,55,73,101,101,113,113,113,142,142,176,91,91,195,195,214,228,328,328,17,17,51,65,92,105,137,137,137,172,172,172,172,172,91,124,124],"floor_reached":56,"playtime":5145,"items_purged":["Strike_R","Strike_R"],"score":1383,"play_id":"fbf3ab50-94f3-4c01-861b-fa4b76d05c63","local_time":"20190215115622","is_ascension_mode":true,"campfire_choices":[{"data":"Heavy Blade","floor":7.0,"key":"SMITH"},{"data":"Whirlwind","floor":13.0,"key":"SMITH"},{"data":"Metallicize","floor":15.0,"key":"SMITH"},{"data":"Armaments","floor":24.0,"key":"SMITH"},{"data":"Inflame","floor":27.0,"key":"SMITH"},{"data":"Offering","floor":29.0,"key":"SMITH"},{"data":"Bash","floor":32.0,"key":"SMITH"},{"data":"Demon Form","floor":40.0,"key":"SMITH"},{"floor":46,"key":"RECALL"},{"data":"Spot Weakness","floor":49,"key":"SMITH"},{"data":"Defend_R","floor":52,"key":"SMITH"}],"neow_cost":"NO_GOLD","seed_source_timestamp":65458538491576,"circlet_count":0,"master_deck":["Strike_R","Strike_R","Defend_R+1","Defend_R+1","Defend_R","Defend_R","Bash+1","Heavy Blade+1","Inflame+1","Shrug It Off+1","Whirlwind+1","Metallicize+1","Pommel Strike+1","Offering+1","Uppercut+1","Armaments+1","Demon Form+1","Sword Boomerang+1","Heavy Blade+1","Metallicize+1","Shrug It Off+1","Parasite","Parasite","Pommel Strike+1","Spot Weakness+1","Disarm"],"special_seed":0,"relics":["Burning Blood","Turnip","Mummified Hand","FossilizedHelix","Molten Egg 2","Coffee Dripper","Meat on the Bone","Kunai","Strawberry","Prayer Wheel","War Paint","Cursed Key","Pocketwatch","Ice Cream","Pear","Anchor","Bronze Scales","Bottled Lightning"],"potions_floor_usage":[55,55],"damage_taken":[{"damage":3.0,"enemies":"Jaw Worm","floor":1.0,"turns":5.0},{"damage":17.0,"enemies":"2 Louse","floor":2.0,"turns":4.0},{"damage":1.0,"enemies":"Cultist","floor":3.0,"turns":3.0},{"damage":7.0,"enemies":"Looter","floor":5.0,"turns":4.0},{"damage":40.0,"enemies":"Lagavulin","floor":6.0,"turns":8.0},{"damage":6.0,"enemies":"Gremlin Nob","floor":8.0,"turns":3.0},{"damage":0.0,"enemies":"Large Slime","floor":10.0,"turns":4.0},{"damage":0.0,"enemies":"2 Fungi Beasts","floor":12.0,"turns":3.0},{"damage":27.0,"enemies":"The Guardian","floor":16.0,"turns":11.0},{"damage":0.0,"enemies":"Chosen","floor":18.0,"turns":3.0},{"damage":0.0,"enemies":"Shell Parasite","floor":19.0,"turns":3.0},{"damage":26.0,"enemies":"Shelled Parasite and Fungi","floor":20.0,"turns":7.0},{"damage":0.0,"enemies":"Snecko","floor":22.0,"turns":3.0},{"damage":23.0,"enemies":"Book of Stabbing","floor":23.0,"turns":5.0},{"damage":21.0,"enemies":"Centurion and Healer","floor":25.0,"turns":4.0},{"damage":6.0,"enemies":"Slavers","floor":28.0,"turns":5.0},{"damage":1.0,"enemies":"Gremlin Leader","floor":30.0,"turns":3.0},{"damage":45.0,"enemies":"Collector","floor":33.0,"turns":11.0},{"damage":15.0,"enemies":"3 Darklings","floor":35.0,"turns":2.0},{"damage":0.0,"enemies":"3 Shapes","floor":36.0,"turns":1.0},{"damage":9.0,"enemies":"Mind Bloom Boss Battle","floor":37.0,"turns":4.0},{"damage":23.0,"enemies":"Reptomancer","floor":41.0,"turns":4.0},{"damage":0.0,"enemies":"Jaw Worm Horde","floor":42.0,"turns":3.0},{"damage":6.0,"enemies":"Writhing Mass","floor":44.0,"turns":4.0},{"damage":1,"enemies":"Giant Head","floor":45,"turns":5},{"damage":0,"enemies":"Nemesis","floor":48,"turns":5},{"damage":28,"enemies":"Donu and Deca","floor":50,"turns":6},{"damage":34,"enemies":"Shield and Spear","floor":54,"turns":5},{"damage":59,"enemies":"The Heart","floor":55,"turns":8}],"seed_played":"-1898570810365041205","potions_obtained":[{"floor":3.0,"key":"FearPotion"},{"floor":5.0,"key":"Weak Potion"},{"floor":8.0,"key":"Weak Potion"},{"floor":23.0,"key":"Dexterity Potion"},{"floor":25.0,"key":"Block Potion"},{"floor":28.0,"key":"SpeedPotion"},{"floor":33.0,"key":"FearPotion"},{"floor":35.0,"key":"Block Potion"},{"floor":41.0,"key":"FearPotion"},{"floor":45,"key":"Regen Potion"},{"floor":48,"key":"FairyPotion"}],"is_trial":false,"path_per_floor":["M","M","M","$","M","E","R","E","T","M","$","M","R","$","R","B",null,"M","M","M","$","M","E","R","M","T","R","E","R","E","?","R","B",null,"M","M","?","?","$","R","E","M","T","M","E","R","?","E","R","B",null,"R","$","E","B",null],"character_chosen":"IRONCLAD","items_purchased":["Inflame","Metallicize","Ice Cream","Disarm"],"campfire_rested":0,"item_purchase_floors":[4,11,39,53],"current_hp_per_floor":[80,69,74,74,73,39,39,39,39,45,45,51,51,51,51,30,80,80,80,60,60,66,49,49,46,46,46,65,65,70,70,70,43,87,78,84,81,81,81,81,74,80,80,80,85,85,85,91,91,69,93,93,93,65,39],"gold":124,"neow_bonus":"ONE_RARE_RELIC","is_prod":false,"is_daily":false,"chose_seed":false,"campfire_upgraded":10,"win_rate":0,"timestamp":1550202982,"path_taken":["M","M","M","$","M","E","R","E","T","M","$","M","R","$","R","BOSS","M","M","M","$","M","E","R","M","T","R","E","R","E","?","R","BOSS","M","M","?","?","$","R","E","M","T","M","E","R","?","E","R","BOSS","R","$","E","BOSS"],"build_version":"2019-01-23","purchased_purges":2,"victory":true,"max_hp_per_floor":[80,80,80,80,80,80,80,80,80,80,80,80,80,80,80,80,80,80,80,80,80,80,80,80,80,80,80,87,87,87,87,87,87,87,87,87,87,83,83,83,93,93,93,93,93,93,93,93,93,93,93,93,93,93,93],"card_choices":[{"not_picked":["Headbutt","Wild Strike"],"picked":"Heavy Blade","floor":1.0},{"not_picked":["Anger","Cleave","Burning Pact"],"picked":"SKIP","floor":2.0},{"not_picked":["Second Wind","Sword Boomerang","Rage"],"picked":"SKIP","floor":3.0},{"not_picked":["Hemokinesis","Sever Soul","Cleave"],"picked":"SKIP","floor":5.0},{"not_picked":["Clash","Carnage"],"picked":"Shrug It Off","floor":6.0},{"not_picked":["Cleave","Warcry"],"picked":"Whirlwind","floor":8.0},{"not_picked":["Headbutt+1","Exhume","Sword Boomerang+1"],"picked":"SKIP","floor":10.0},{"not_picked":["Headbutt+1","Exhume","Sword Boomerang+1"],"picked":"SKIP","floor":10.0},{"not_picked":["Body Slam+1","Wild Strike+1"],"picked":"Pommel Strike+1","floor":12.0},{"not_picked":["Brutality","Reaper+1"],"picked":"Offering","floor":16.0},{"not_picked":["Clothesline+1","Rupture+1","Heavy Blade+1"],"picked":"SKIP","floor":18.0},{"not_picked":["Rampage+1","Anger+1","Sword Boomerang+1"],"picked":"SKIP","floor":19.0},{"not_picked":["Thunderclap+1","Bludgeon+1"],"picked":"Uppercut+1","floor":20.0},{"not_picked":["Sever Soul+1","Cleave+1"],"picked":"Armaments","floor":22.0},{"not_picked":["Wild Strike+1","Havoc+1","Sword Boomerang+1"],"picked":"SKIP","floor":23.0},{"not_picked":["Blood for Blood+1","True Grit","Armaments"],"picked":"SKIP","floor":25.0},{"not_picked":["Headbutt+1","True Grit","Whirlwind+1"],"picked":"SKIP","floor":28.0},{"not_picked":["Second Wind","Body Slam+1","Flex"],"picked":"SKIP","floor":30.0},{"not_picked":["Immolate+1","Berserk"],"picked":"Demon Form","floor":33.0},{"not_picked":["Iron Wave+1","Havoc+1"],"picked":"Sword Boomerang+1","floor":35.0},{"not_picked":["Clothesline+1","Combust+1","Armaments"],"picked":"SKIP","floor":35.0},{"not_picked":["True Grit+1","Rampage+1"],"picked":"Heavy Blade+1","floor":36.0},{"not_picked":["Cleave+1","Sever Soul+1","Havoc"],"picked":"SKIP","floor":36.0},{"not_picked":["Clothesline+1","Demon Form"],"picked":"Metallicize+1","floor":41.0},{"not_picked":["Cleave+1","Body Slam+1"],"picked":"Shrug It Off+1","floor":42.0},{"not_picked":["Shockwave","Thunderclap+1","Dropkick+1"],"picked":"SKIP","floor":42.0},{"not_picked":["Flex+1","Entrench+1"],"picked":"Pommel Strike+1","floor":44.0},{"not_picked":["Headbutt+1","Rupture+1","Reckless Charge+1"],"picked":"SKIP","floor":44.0},{"not_picked":["Armaments","Berserk","True Grit"],"picked":"SKIP","floor":45},{"not_picked":["Power Through+1","Fire Breathing+1"],"picked":"Spot Weakness","floor":48},{"not_picked":["Pommel Strike+1","Combust","True Grit"],"picked":"SKIP","floor":54}],"player_experience":141168,"relics_obtained":[{"floor":6.0,"key":"Mummified Hand"},{"floor":8.0,"key":"FossilizedHelix"},{"floor":9.0,"key":"Molten Egg 2"},{"floor":23.0,"key":"Meat on the Bone"},{"floor":26.0,"key":"Kunai"},{"floor":28.0,"key":"Strawberry"},{"floor":30.0,"key":"Prayer Wheel"},{"floor":37.0,"key":"Pocketwatch"},{"floor":41.0,"key":"Pear"},{"floor":45,"key":"Anchor"},{"floor":48,"key":"Bronze Scales"},{"floor":54,"key":"Bottled Lightning"}],"event_choices":[{"damage_healed":0.0,"max_hp_gain":0.0,"max_hp_loss":0.0,"gold_gain":0.0,"event_name":"Addict","player_choice":"Obtained Relic","floor":31.0,"gold_loss":85.0,"damage_taken":0.0,"relics_obtained":["War Paint"]},{"damage_healed":0.0,"max_hp_gain":0.0,"max_hp_loss":0.0,"gold_gain":0.0,"event_name":"MindBloom","player_choice":"Fight","floor":37.0,"gold_loss":0.0,"damage_taken":0.0},{"damage_healed":0.0,"max_hp_gain":0.0,"max_hp_loss":4.0,"gold_gain":0.0,"event_name":"Winding Halls","player_choice":"Max HP","floor":38.0,"gold_loss":0.0,"damage_taken":0.0},{"cards_removed":["Strike_R"],"damage_healed":0,"gold_gain":0,"player_choice":"Purged","damage_taken":0,"max_hp_gain":0,"max_hp_loss":0,"event_name":"Purifier","floor":47,"gold_loss":0}],"is_beta":false,"boss_relics":[{"not_picked":["Lizard Tail","Runic Pyramid"],"picked":"Coffee Dripper"},{"not_picked":["Sozu","Empty Cage"],"picked":"Cursed Key"}],"items_purged_floors":[11,21],"is_endless":false,"potions_floor_spawned":[3,5,8,23,25,28,33,35,41,45,48,54],"ascension_level":2}