{"gold_per_floor":[131,318,344,369,391,403,415,455,490,502,528,555,122,136,136,136],"floor_reached":16,"playtime":700,"items_purged":["Strike_R"],"score":151,"play_id":"bfd92132-4dfd-4477-aae1-629fa6b6ef30","local_time":"20180730204048","is_ascension_mode":true,"campfire_choices":[{"data":"Bash","floor":6,"key":"SMITH"},{"floor":10,"key":"REST"},{"floor":15,"key":"REST"}],"neow_cost":"NONE","seed_source_timestamp":443187447212578,"circlet_count":0,"master_deck":["Strike_R","Strike_R+1","Strike_R+1","Defend_R","Defend_R","Defend_R","Defend_R","Bash+1","Carnage","Doubt","Headbutt","Limit Break","Shrug It Off","Thunderclap","Pummel","Iron Wave","Clothesline","Bludgeon"],"relics":["Burning Blood","MawBank","Boot","Whetstone","ClockworkSouvenir","Bag of Marbles"],"potions_floor_usage":[14,16],"damage_taken":[{"damage":8,"enemies":"Small Slimes","floor":1,"turns":3},{"damage":4,"enemies":"2 Louse","floor":3,"turns":3},{"damage":14,"enemies":"Jaw Worm","floor":4,"turns":3},{"damage":14,"enemies":"Red Slaver","floor":5,"turns":2},{"damage":28,"enemies":"3 Sentries","floor":8,"turns":9},{"damage":25,"enemies":"Gremlin Gang","floor":11,"turns":5},{"damage":0,"enemies":"Exordium Wildlife","floor":12,"turns":2},{"damage":23,"enemies":"Exordium Thugs","floor":14,"turns":3},{"damage":60,"enemies":"The Guardian","floor":16,"turns":12}],"seed_played":"8762890074669888133","potions_obtained":[{"floor":8,"key":"Dexterity Potion"},{"floor":12,"key":"Fruit Juice"}],"is_trial":false,"path_per_floor":["M","?","M","M","M","R","?","E","T","R","M","M","$","M","R"],"character_chosen":"IRONCLAD","items_purchased":["ClockworkSouvenir","Clothesline","Bag of Marbles"],"campfire_rested":2,"item_purchase_floors":[13,13,13],"current_hp_per_floor":[70,70,72,64,56,56,56,34,34,58,39,45,45,33,58,0],"gold":136,"neow_bonus":"RANDOM_COMMON_RELIC","is_prod":false,"is_daily":false,"chose_seed":false,"campfire_upgraded":1,"win_rate":0,"timestamp":1532997648,"path_taken":["M","?","M","M","M","R","?","E","T","R","M","M","?","M","R","BOSS"],"build_version":"2018-07-26","purchased_purges":1,"victory":false,"max_hp_per_floor":[80,80,80,80,80,80,80,80,80,80,80,80,80,85,85,85],"card_choices":[{"not_picked":["Wild Strike","Havoc"],"picked":"Carnage","floor":1},{"not_picked":["Wild Strike","Blood for Blood"],"picked":"Headbutt","floor":3},{"not_picked":["Flex","Thunderclap"],"picked":"Limit Break","floor":4},{"not_picked":["Warcry","Cleave"],"picked":"Shrug It Off","floor":5},{"not_picked":["Rupture","Shrug It Off"],"picked":"Thunderclap","floor":8},{"not_picked":["Headbutt","Sentinel"],"picked":"Pummel","floor":11},{"not_picked":["Feel No Pain","Havoc"],"picked":"Iron Wave","floor":12},{"not_picked":["Twin Strike","Body Slam"],"picked":"Bludgeon","floor":14}],"player_experience":1379686,"relics_obtained":[{"floor":8,"key":"Boot"},{"floor":9,"key":"Whetstone"}],"event_choices":[{"event_name":"Liars Game","player_choice":"agreed","floor":2,"damage_taken":0},{"event_name":"Living Wall","player_choice":"Forget","floor":7,"damage_taken":0}],"is_beta":false,"boss_relics":[],"items_purged_floors":[13],"is_endless":false,"potions_floor_spawned":[8,12],"killed_by":"The Guardian","ascension_level":9}