{"path_per_floor":["M","M","?","M","M","R","M","R","T","M","M","M","$","?","R","B",null,"M","M","?","?","M","R","M","R","T","M","$","M","?","M","R"],"character_chosen":"IRONCLAD","items_purchased":["Feed","Twin Strike","Reaper","Anger","Block Potion"],"gold_per_floor":[115,135,135,152,165,165,175,175,175,190,202,222,48,48,48,146,146,161,177,177,177,196,196,210,210,236,254,8,22,22,39,39],"floor_reached":33,"campfire_rested":5,"playtime":1632,"current_hp_per_floor":[78,80,80,69,67,80,80,80,80,77,67,53,53,53,77,40,80,72,46,46,73,38,62,52,77,77,49,49,38,38,32,58],"items_purged":[],"gold":39,"score":245,"play_id":"a959af9f-921b-4376-b7aa-0357d9083da8","local_time":"20180316162631","is_prod":false,"is_daily":false,"is_ascension_mode":false,"campfire_upgraded":1,"timestamp":1521210391,"path_taken":["M","M","?","M","M","R","?","R","T","M","M","M","$","?","R","BOSS","M","?","?","?","?","R","M","R","T","M","$","M","?","M","R","BOSS"],"build_version":"2018-03-15","purchased_purges":1,"victory":false,"master_deck":["Strike_R","Strike_R","Strike_R","Strike_R","Strike_R","Defend_R","Defend_R","Defend_R","Defend_R","Bash","Double Tap","Shrug It Off","Twin Strike","Mind Blast","Impervious","Anger","Offering","Rupture+1","Twin Strike","Whirlwind","Disarm","Feed","Twin Strike","Demon Form","Flex+1","Anger","Heavy Blade+1","Shrug It Off+1","Flex","Reaper","Anger","Fiend Fire+1","Second Wind+1"],"max_hp_per_floor":[80,80,80,80,80,80,80,80,80,80,80,80,80,80,80,80,80,80,83,83,83,83,83,86,86,86,89,89,89,89,89,89],"relics":["Burning Blood","Matryoshka","Question Card","Pen Nib","Orichalcum"],"card_choices":[{"not_picked":["Impervious","Juggernaut"],"picked":"Double Tap"},{"not_picked":["Thunderclap","Heavy Blade"],"picked":"Shrug It Off"},{"not_picked":["Burning Pact","Entrench"],"picked":"Twin Strike"},{"not_picked":["Armaments","Pommel Strike"],"picked":"Anger"},{"not_picked":["Disarm","Iron Wave"],"picked":"Offering"},{"not_picked":["Flex","Twin Strike"],"picked":"Rupture"},{"not_picked":["Sword Boomerang","Wild Strike"],"picked":"Twin Strike"},{"not_picked":["Twin Strike","Wild Strike"],"picked":"Whirlwind"},{"not_picked":["Warcry","Headbutt"],"picked":"Disarm"},{"not_picked":["Offering","Feed"],"picked":"Demon Form"},{"not_picked":["Twin Strike","Carnage","Power Through"],"picked":"Flex"},{"not_picked":["Pommel Strike","Warcry","Wild Strike"],"picked":"Anger"},{"not_picked":["Headbutt","Shrug It Off","Carnage"],"picked":"Heavy Blade"},{"not_picked":["Iron Wave","Cleave","Evolve"],"picked":"Shrug It Off"},{"not_picked":["Rage","Rupture","Perfected Strike"],"picked":"Flex"},{"not_picked":["Warcry","Perfected Strike","True Grit"],"picked":"Fiend Fire"},{"not_picked":["Blood for Blood","Anger","Clothesline"],"picked":"Second Wind"}],"player_experience":122060,"potions_floor_usage":[5,12,18,24,31,33],"damage_taken":[{"damage":8,"enemies":"2 Louse","floor":1,"turns":2},{"damage":4,"enemies":"Cultist","floor":2,"turns":4},{"damage":17,"enemies":"Jaw Worm","floor":4,"turns":4},{"damage":23,"enemies":"Gremlin Gang","floor":5,"turns":7},{"damage":1,"enemies":"Exordium Wildlife","floor":7,"turns":3},{"damage":9,"enemies":"Looter","floor":10,"turns":3},{"damage":16,"enemies":"Gremlin Gang","floor":11,"turns":4},{"damage":20,"enemies":"Exordium Thugs","floor":12,"turns":5},{"damage":43,"enemies":"The Guardian","floor":16,"turns":10},{"damage":14,"enemies":"Spheric Guardian","floor":18,"turns":3},{"damage":35,"enemies":"Chosen","floor":19,"turns":5},{"damage":41,"enemies":"3 Cultists","floor":22,"turns":6},{"damage":19,"enemies":"Centurion and Healer","floor":24,"turns":6},{"damage":37,"enemies":"Sentry and Sphere","floor":27,"turns":6},{"damage":17,"enemies":"Cultist and Chosen","floor":29,"turns":5},{"damage":12,"enemies":"Snake Plant","floor":31,"turns":4},{"damage":70,"enemies":"Champ","floor":33,"turns":9}],"event_choices":[{"event_name":"Match and Keep!","player_choice":"2 cards matched","floor":3,"damage_taken":0},{"event_name":"Wheel of Change","player_choice":"Curse","floor":14,"damage_taken":0},{"event_name":"Fountain of Cleansing","player_choice":"Removed Curse","floor":20,"damage_taken":0},{"event_name":"The Library","player_choice":"Heal","floor":21,"damage_taken":0},{"event_name":"Upgrade Shrine","player_choice":"Upgraded","floor":30,"damage_taken":0}],"boss_relics":[{"not_picked":["Lizard Tail","White Beast Statue"],"picked":"Question Card"}],"potions_floor_spawned":[4,11,16,22,27],"seed_played":"-5502617070294307901","killed_by":"Champ","ascension_level":0,"is_trial":false}