{"gold_per_floor":[116,40,54,64,64,64,78,117,143,143,143,181,181,22,22,115,115,136,151,215,233,248,248,41,41,41,109,109,144,44,94,94,94],"floor_reached":33,"playtime":1149,"items_purged":[],"score":600,"play_id":"7a69c5f8-979a-4dfe-bee5-af22f858c602","local_time":"20190113125652","is_ascension_mode":true,"campfire_choices":[{"data":"Neutralize","floor":6.0,"key":"SMITH"},{"data":"Malaise","floor":10.0,"key":"SMITH"},{"data":"Deadly Poison","floor":15,"key":"SMITH"},{"data":"Crippling Poison","floor":23,"key":"SMITH"},{"data":"Footwork","floor":25,"key":"SMITH"},{"floor":28,"key":"REST"},{"floor":32,"key":"REST"}],"neow_cost":"NONE","seed_source_timestamp":0,"circlet_count":0,"master_deck":["AscendersBane","Defend_G","Defend_G","Defend_G","Defend_G","Defend_G","Strike_G","Strike_G","Strike_G","Strike_G","Strike_G","Survivor","Neutralize+1","Leg Sweep","Infinite Blades","Poisoned Stab","PiercingWail","Deadly Poison+1","Malaise+1","Dagger Spray","Dash","Cloak And Dagger","PiercingWail","Corpse Explosion","Crippling Poison+1","Skewer+1","Deflect","Footwork+1","Escape Plan"],"special_seed":0,"relics":["Ring of the Snake","Bag of Preparation","Golden Idol","Omamori","Bag of Marbles","Strawberry","SsserpentHead","Busted Crown","Bronze Scales","Frozen Egg 2","Letter Opener","Nilry\u0027s Codex"],"potions_floor_usage":[21,29,33],"damage_taken":[{"damage":4.0,"enemies":"Cultist","floor":1.0,"turns":6.0},{"damage":4.0,"enemies":"Small Slimes","floor":3.0,"turns":4.0},{"damage":0.0,"enemies":"2 Louse","floor":4.0,"turns":4.0},{"damage":0.0,"enemies":"Red Slaver","floor":7.0,"turns":7.0},{"damage":20.0,"enemies":"Gremlin Nob","floor":8.0,"turns":4.0},{"damage":21,"enemies":"Lagavulin","floor":12,"turns":10},{"damage":9,"enemies":"Hexaghost","floor":16,"turns":11},{"damage":5,"enemies":"2 Thieves","floor":18,"turns":3},{"damage":5,"enemies":"Chosen","floor":19,"turns":4},{"damage":19,"enemies":"Centurion and Healer","floor":20,"turns":7},{"damage":8,"enemies":"Snake Plant","floor":21,"turns":5},{"damage":0,"enemies":"3 Cultists","floor":22,"turns":3},{"damage":1,"enemies":"Centurion and Healer","floor":27,"turns":7},{"damage":6,"enemies":"Slavers","floor":29,"turns":3},{"damage":50,"enemies":"Automaton","floor":33,"turns":8}],"seed_played":"-6427998011897622148","potions_obtained":[{"floor":1.0,"key":"EssenceOfSteel"},{"floor":4.0,"key":"Fire Potion"},{"floor":12,"key":"Regen Potion"},{"floor":18,"key":"Ancient Potion"},{"floor":27,"key":"Fire Potion"}],"is_trial":false,"path_per_floor":["M","$","M","M","?","R","M","E","T","R","?","E","?","$","R","B",null,"M","M","M","M","M","R","$","R","T","M","R","E","$","?","R","B"],"character_chosen":"THE_SILENT","items_purchased":["Infinite Blades","Dash","Cloak And Dagger","PiercingWail","Bronze Scales","Footwork","Escape Plan","Dexterity Potion"],"campfire_rested":2,"item_purchase_floors":[2,14,14,14,24,24,30,30],"current_hp_per_floor":[55,55,51,51,51,51,51,31,31,31,36,22,22,22,22,13,57,52,47,28,34,34,34,34,34,34,33,54,48,48,27,48,0],"gold":94,"neow_bonus":"RANDOM_COMMON_RELIC","is_prod":false,"is_daily":false,"chose_seed":false,"campfire_upgraded":5,"win_rate":0,"timestamp":1547380612,"path_taken":["M","$","M","M","?","R","M","E","T","R","?","E","?","$","R","BOSS","M","M","?","M","M","R","?","R","T","?","R","E","$","?","R","BOSS"],"build_version":"2019-01-10","purchased_purges":0,"victory":false,"max_hp_per_floor":[66,66,66,66,60,60,60,60,60,60,65,72,72,72,72,72,72,72,72,72,72,72,72,72,72,72,72,72,72,72,72,72,72],"card_choices":[{"not_picked":["Flechettes","Endless Agony"],"picked":"Leg Sweep","floor":1.0},{"not_picked":["Infinite Blades","Underhanded Strike"],"picked":"Poisoned Stab","floor":3.0},{"not_picked":["Catalyst","Distraction"],"picked":"PiercingWail","floor":4.0},{"not_picked":["Dagger Spray","Blur"],"picked":"Deadly Poison","floor":7.0},{"not_picked":["Tactician","Blade Dance"],"picked":"Malaise","floor":8.0},{"not_picked":["Tactician","Expertise"],"picked":"Dagger Spray","floor":12},{"not_picked":["Burst","Die Die Die"],"picked":"Corpse Explosion","floor":16},{"not_picked":["Tactician"],"picked":"SKIP","floor":18},{"not_picked":[],"picked":"Crippling Poison","floor":19},{"not_picked":[],"picked":"Skewer+1","floor":20},{"not_picked":[],"picked":"Deflect","floor":21},{"not_picked":["Prepared"],"picked":"SKIP","floor":22},{"not_picked":["Underhanded Strike"],"picked":"SKIP","floor":27},{"not_picked":["Concentrate"],"picked":"SKIP","floor":29}],"player_experience":1884331,"relics_obtained":[{"floor":8.0,"key":"Omamori"},{"floor":9.0,"key":"Bag of Marbles"},{"floor":12,"key":"Strawberry"},{"floor":26,"key":"Frozen Egg 2"},{"floor":29,"key":"Letter Opener"},{"floor":31,"key":"Nilry\u0027s Codex"}],"event_choices":[{"damage_healed":0.0,"max_hp_gain":0.0,"max_hp_loss":6.0,"gold_gain":0.0,"event_name":"Golden Idol","player_choice":"Lose Max HP","floor":5.0,"gold_loss":0.0,"damage_taken":0.0,"relics_obtained":["Golden Idol"]},{"damage_healed":0.0,"max_hp_gain":5.0,"max_hp_loss":0.0,"gold_gain":0.0,"event_name":"Big Fish","player_choice":"Donut","floor":11.0,"gold_loss":0.0,"damage_taken":0.0},{"damage_healed":0,"gold_gain":0,"player_choice":"Trade","damage_taken":0,"relics_obtained":["SsserpentHead"],"max_hp_gain":0,"max_hp_loss":0,"event_name":"FaceTrader","floor":13,"gold_loss":0},{"damage_healed":0,"gold_gain":0,"player_choice":"Obtained Book","damage_taken":21,"max_hp_gain":0,"max_hp_loss":0,"event_name":"Cursed Tome","floor":31,"gold_loss":0}],"is_beta":false,"boss_relics":[{"not_picked":["Philosopher\u0027s Stone","Eternal Feather"],"picked":"Busted Crown"}],"items_purged_floors":[],"is_endless":false,"potions_floor_spawned":[1,4,12,18,20,27],"killed_by":"Automaton","ascension_level":20}