{"gold_per_floor":[109,59,0,14,30,30,61,61,61,90,19,36,59,5,5,109,109,125,224,224,224,237,237,248,248,272,272,171,171,186,203,203,300,300,318,330,330,346,365,365,382,71,71,71,71,96,96,113,113,113],"floor_reached":51,"playtime":2975,"items_purged":["Strike_B","Strike_B"],"score":830,"play_id":"eb8a7d6e-31e3-4d28-a688-9fca31f148ad","local_time":"20181105213726","is_ascension_mode":false,"campfire_choices":[{"data":"Zap","floor":6.0,"key":"SMITH"},{"data":"Dualcast","floor":8.0,"key":"SMITH"},{"floor":15.0,"key":"REST"},{"data":"Streamline","floor":23,"key":"SMITH"},{"data":"Redo","floor":27,"key":"SMITH"},{"floor":29,"key":"REST"},{"data":"Defragment","floor":32,"key":"SMITH"},{"data":"Echo Form","floor":40,"key":"SMITH"},{"data":"Coolheaded","floor":44,"key":"SMITH"},{"data":"Seek","floor":47,"key":"SMITH"},{"data":"Hologram","floor":49,"key":"SMITH"}],"neow_cost":"NONE","seed_source_timestamp":0,"circlet_count":0,"master_deck":["Defend_B","Defend_B","Defend_B","Defend_B","Zap+1","Dualcast+1","Coolheaded","Cold Snap","All For One","Compile Driver","Streamline+1","Defragment+1","Redo+1","Gash","Seek+1","Melter","Capacitor+1","Self Repair+1","Go for the Eyes","Gash","Beam Cell","Echo Form+1","Leap+1","Coolheaded+1","Self Repair","Streamline+1","Gash+1","Hologram+1"],"special_seed":0,"relics":["FrozenCore","NeowsBlessing","Shuriken","Smiling Mask","Dodecahedron","PreservedInsect","Orichalcum","Lantern","Sozu","Symbiotic Virus","Prayer Wheel","Potion Belt"],"potions_floor_usage":[18,24,33,33],"damage_taken":[{"damage":0.0,"enemies":"Jaw Worm","floor":1.0,"turns":1.0},{"damage":0.0,"enemies":"Small Slimes","floor":4.0,"turns":1.0},{"damage":0.0,"enemies":"Cultist","floor":5.0,"turns":1.0},{"damage":24.0,"enemies":"Lagavulin","floor":7.0,"turns":6.0},{"damage":26.0,"enemies":"Gremlin Nob","floor":10.0,"turns":4.0},{"damage":21.0,"enemies":"Lots of Slimes","floor":12.0,"turns":4.0},{"damage":17.0,"enemies":"The Guardian","floor":16.0,"turns":11.0},{"damage":3,"enemies":"Spheric Guardian","floor":18,"turns":5},{"damage":5,"enemies":"Chosen","floor":22,"turns":5},{"damage":9,"enemies":"Shelled Parasite and Fungi","floor":24,"turns":5},{"damage":5,"enemies":"Centurion and Healer","floor":30,"turns":6},{"damage":0,"enemies":"3 Cultists","floor":31,"turns":6},{"damage":15,"enemies":"Champ","floor":33,"turns":8},{"damage":7,"enemies":"Orb Walker","floor":35,"turns":2},{"damage":10,"enemies":"3 Shapes","floor":36,"turns":7},{"damage":0,"enemies":"Sphere and 2 Shapes","floor":38,"turns":11},{"damage":8,"enemies":"3 Darklings","floor":39,"turns":6},{"damage":2,"enemies":"Spire Growth","floor":41,"turns":6},{"damage":0,"enemies":"4 Shapes","floor":48,"turns":7},{"damage":75,"enemies":"Awakened One","floor":50,"turns":11}],"seed_played":"8134952453059200979","potions_obtained":[{"floor":7.0,"key":"Swift Potion"},{"floor":12.0,"key":"Ancient Potion"},{"floor":18,"key":"Energy Potion"},{"floor":22,"key":"Ancient Potion"},{"floor":31,"key":"Strength Potion"}],"is_trial":false,"path_per_floor":["M","?","?","M","M","R","E","R","T","E","$","M","T","$","R","B",null,"M","?","?","?","M","R","M","?","T","R","$","R","M","M","R","B",null,"M","M","?","M","M","R","M","$","T","R","?","T","R","M","R","B",null],"character_chosen":"DEFECT","items_purchased":["Defragment","Gash","Go for the Eyes","Symbiotic Virus"],"campfire_rested":2,"item_purchase_floors":[11,14,28,42],"current_hp_per_floor":[75,75,75,75,75,75,51,51,51,25,25,4,4,4,26,9,75,72,72,58,58,53,53,44,44,44,44,44,68,73,80,80,75,80,73,73,73,80,80,80,80,80,80,80,80,80,80,80,80,5],"gold":113,"neow_bonus":"THREE_ENEMY_KILL","is_prod":false,"is_daily":false,"chose_seed":false,"campfire_upgraded":9,"win_rate":0,"timestamp":1541471846,"path_taken":["M","?","?","?","?","R","E","R","T","E","$","M","?","$","R","BOSS","M","?","?","?","M","R","M","?","T","R","$","R","M","M","R","BOSS","M","M","?","?","M","R","M","?","T","R","?","?","R","M","R","BOSS"],"build_version":"2018-11-01","purchased_purges":2,"victory":true,"max_hp_per_floor":[75,75,75,75,75,75,75,75,75,75,75,75,75,75,75,75,75,75,75,80,80,80,80,80,80,80,80,80,80,80,80,80,80,80,80,80,80,80,80,80,80,80,80,80,80,80,80,80,80,80],"card_choices":[{"not_picked":["Ball Lightning","Cold Snap"],"picked":"Coolheaded","floor":1.0},{"not_picked":["Static Discharge","Redo"],"picked":"Cold Snap","floor":4.0},{"not_picked":["Streamline","Cold Snap"],"picked":"All For One","floor":5.0},{"not_picked":["Heatsinks","Streamline"],"picked":"Compile Driver","floor":7.0},{"not_picked":["Static Discharge","Turbo"],"picked":"Streamline","floor":10.0},{"not_picked":["Tempest","Chaos"],"picked":"Redo","floor":12.0},{"not_picked":["Reboot","Meteor Strike"],"picked":"Seek","floor":16.0},{"not_picked":["Hello World+1","Fusion"],"picked":"Melter","floor":18},{"not_picked":["Compile Driver","Hologram"],"picked":"Capacitor+1","floor":22},{"not_picked":["Loop+1","Compile Driver+1"],"picked":"Self Repair+1","floor":24},{"not_picked":["Blizzard","Self Repair"],"picked":"Gash","floor":30},{"not_picked":["Leap","Compile Driver"],"picked":"Beam Cell","floor":31},{"not_picked":["Amplify","Meteor Strike"],"picked":"Echo Form","floor":33},{"not_picked":["Stack+1","Barrage"],"picked":"Leap+1","floor":35},{"not_picked":["Sweeping Beam","Blizzard"],"picked":"Coolheaded","floor":36},{"not_picked":["Sweeping Beam","Turbo"],"picked":"Streamline+1","floor":38},{"not_picked":["Compile Driver+1","Auto Shields+1","Ball Lightning"],"picked":"SKIP","floor":39},{"not_picked":["Reboot","Compile Driver"],"picked":"Gash+1","floor":41},{"not_picked":["Redo+1","Coolheaded+1"],"picked":"Hologram","floor":48},{"not_picked":["Steam Power+1","Rebound+1","Ball Lightning+1"],"picked":"SKIP","floor":48}],"player_experience":1654806,"relics_obtained":[{"floor":7.0,"key":"Smiling Mask"},{"floor":9.0,"key":"Dodecahedron"},{"floor":10.0,"key":"PreservedInsect"},{"floor":13.0,"key":"Orichalcum"},{"floor":26,"key":"Lantern"},{"floor":43,"key":"Prayer Wheel"},{"floor":46,"key":"Potion Belt"}],"event_choices":[{"cards_removed":["Strike_B"],"damage_healed":0.0,"max_hp_gain":0.0,"max_hp_loss":0.0,"gold_gain":0.0,"event_name":"The Cleric","player_choice":"Card Removal","floor":2.0,"gold_loss":50.0,"damage_taken":0.0},{"damage_healed":0.0,"max_hp_gain":0.0,"max_hp_loss":0.0,"gold_gain":0.0,"event_name":"WeMeetAgain","player_choice":"Paid Gold","floor":3.0,"gold_loss":59.0,"damage_taken":0.0,"relics_obtained":["Shuriken"]},{"damage_healed":0,"gold_gain":99,"player_choice":"Stole From Cult","damage_taken":0,"max_hp_gain":0,"max_hp_loss":0,"event_name":"Nest","floor":19,"gold_loss":0},{"damage_healed":0,"gold_gain":0,"player_choice":"Shed Blood","damage_taken":19,"max_hp_gain":5,"max_hp_loss":0,"event_name":"Forgotten Altar","floor":20,"gold_loss":0},{"damage_healed":0,"gold_gain":0,"player_choice":"Ignored","damage_taken":0,"max_hp_gain":0,"max_hp_loss":0,"event_name":"Vampires","floor":21,"gold_loss":0},{"damage_healed":0,"gold_gain":0,"player_choice":"Ignored","damage_taken":0,"max_hp_gain":0,"max_hp_loss":0,"event_name":"Ghosts","floor":25,"gold_loss":0},{"damage_healed":0,"gold_gain":0,"cards_transformed":["Strike_B"],"player_choice":"Transformed","damage_taken":0,"max_hp_gain":0,"max_hp_loss":0,"event_name":"Transmorgrifier","floor":37,"gold_loss":0,"cards_obtained":["Self Repair"]},{"damage_healed":0,"gold_gain":0,"player_choice":"Memory 1","damage_taken":0,"max_hp_gain":0,"max_hp_loss":0,"event_name":"SensoryStone","floor":45,"gold_loss":0}],"is_beta":false,"boss_relics":[{"not_picked":["Snecko Eye","Runic Pyramid"],"picked":"FrozenCore"},{"not_picked":["Philosopher\u0027s Stone","Black Star"],"picked":"Sozu"}],"items_purged_floors":[28,42],"is_endless":false,"potions_floor_spawned":[7,12,18,22,31,35,41,48],"ascension_level":0}