{"gold_per_floor":[216,234,248,10,10,48,73,98,98,98,173,214,214,214,214,214],"floor_reached":16,"playtime":714,"items_purged":["Strike_B"],"score":209,"play_id":"632bc7b9-70d3-4c96-8b5b-1c34c11ccf82","local_time":"20181219213832","is_ascension_mode":true,"campfire_choices":[{"floor":10,"key":"REST"},{"floor":13,"key":"REST"},{"data":"Defragment","floor":15,"key":"SMITH"}],"neow_cost":"NONE","seed_source_timestamp":331068799836393,"circlet_count":0,"master_deck":["AscendersBane","Strike_B","Strike_B","Defend_B","Defend_B","Defend_B","Defend_B","Zap","Dualcast","Glacier","Chill","FTL","Go for the Eyes","Storm","FTL","Defragment+1","Genetic Algorithm"],"relics":["Cracked Core","PreservedInsect","Golden Idol","Pear","Kunai","Lantern"],"potions_floor_usage":[6,7],"damage_taken":[{"damage":6,"enemies":"Cultist","floor":1,"turns":3},{"damage":4,"enemies":"2 Louse","floor":2,"turns":4},{"damage":2,"enemies":"Jaw Worm","floor":3,"turns":4},{"damage":11,"enemies":"Lagavulin","floor":6,"turns":5},{"damage":0,"enemies":"Large Slime","floor":7,"turns":5},{"damage":3,"enemies":"2 Fungi Beasts","floor":8,"turns":5},{"damage":41,"enemies":"Gremlin Nob","floor":12,"turns":5},{"damage":43,"enemies":"Hexaghost","floor":16,"turns":14}],"seed_played":"-8180387267317971754","potions_obtained":[{"floor":3,"key":"Poison Potion"},{"floor":6,"key":"Fire Potion"}],"is_trial":false,"path_per_floor":["M","M","M","$","?","E","M","M","T","R","?","E","R","?","R","B"],"character_chosen":"DEFECT","items_purchased":["PreservedInsect"],"campfire_rested":2,"item_purchase_floors":[4],"current_hp_per_floor":[58,54,52,52,52,51,51,48,48,70,59,18,40,40,40,0],"gold":214,"neow_bonus":"HUNDRED_GOLD","is_prod":false,"is_daily":false,"chose_seed":false,"campfire_upgraded":1,"win_rate":0,"timestamp":1545273512,"path_taken":["M","?","M","$","?","E","M","M","T","R","?","E","R","?","R","BOSS"],"build_version":"2018-12-13","purchased_purges":1,"victory":false,"max_hp_per_floor":[71,71,71,71,64,74,74,74,74,74,74,74,74,74,74,74],"card_choices":[{"not_picked":["Compile Driver","Scrape"],"picked":"Glacier","floor":1},{"not_picked":["Barrage","Coolheaded"],"picked":"Chill","floor":2},{"not_picked":["Stack","Hologram"],"picked":"FTL","floor":3},{"not_picked":["Heatsinks","Compile Driver"],"picked":"Go for the Eyes","floor":6},{"not_picked":["Redo","Stack"],"picked":"Storm","floor":7},{"not_picked":["Redo","Sweeping Beam"],"picked":"FTL","floor":8},{"not_picked":["Leap","Sweeping Beam"],"picked":"Defragment","floor":12}],"player_experience":1925007,"relics_obtained":[{"floor":6,"key":"Pear"},{"floor":9,"key":"Kunai"},{"floor":12,"key":"Lantern"}],"event_choices":[{"damage_healed":0,"gold_gain":0,"player_choice":"Lose Max HP","damage_taken":0,"relics_obtained":["Golden Idol"],"max_hp_gain":0,"max_hp_loss":7,"event_name":"Golden Idol","floor":5,"gold_loss":0},{"damage_healed":0,"gold_gain":75,"player_choice":"Gather Gold","damage_taken":11,"max_hp_gain":0,"max_hp_loss":0,"event_name":"World of Goop","floor":11,"gold_loss":0},{"damage_healed":0,"gold_gain":0,"cards_transformed":["Strike_B"],"player_choice":"Change","damage_taken":0,"max_hp_gain":0,"max_hp_loss":0,"event_name":"Living Wall","floor":14,"gold_loss":0,"cards_obtained":["Genetic Algorithm"]}],"is_beta":false,"boss_relics":[],"items_purged_floors":[4],"is_endless":false,"potions_floor_spawned":[3,6],"killed_by":"Hexaghost","ascension_level":18}