{"gold_per_floor":[163,163,176,187,206,218,248,248,321,338,392,392,40,51,51,156,156,169,169,204,220,2,2,14,32,32,32,42,141,41,53,53,150,150,168,168,168,168,67,93,112,334,357,357,404,404,404,414,414,414],"floor_reached":51,"playtime":3052,"items_purged":["Strike_R","Strike_R"],"score":742,"play_id":"8d9931fb-bb31-4430-8c65-5fcc584a6a8d","local_time":"20181123123249","is_ascension_mode":false,"campfire_choices":[{"data":"Inflame","floor":12,"key":"SMITH"},{"data":"Shockwave","floor":15,"key":"SMITH"},{"floor":23,"key":"REST"},{"floor":27,"key":"REST"},{"floor":32,"key":"REST"},{"floor":44,"key":"REST"},{"floor":49,"key":"REST"}],"neow_cost":"NONE","seed_source_timestamp":1018178585447850,"circlet_count":0,"master_deck":["Strike_R","Strike_R","Defend_R","Defend_R+1","Defend_R","Defend_R","Clash","Inflame+1","Rampage","Infernal Blade","Anger+1","Shockwave+1","Feed+1","Heavy Blade+1","Cleave+1","Anger+1","Clothesline+1","Heavy Blade+1","Limit Break","Iron Wave+1","Limit Break","Whirlwind+1","Fire Breathing+1","Clash+1"],"relics":["Tiny House","Mummified Hand","Molten Egg 2","Dream Catcher","StoneCalendar","Fusion Hammer","MutagenicStrength","Red Mask","Bag of Marbles","Juzu Bracelet","Velvet Choker","Kunai","Pen Nib","Ginger","Centennial Puzzle"],"potions_floor_usage":[14,16,33,33,33,35],"damage_taken":[{"damage":0,"enemies":"Cultist","floor":1,"turns":3},{"damage":1,"enemies":"Jaw Worm","floor":3,"turns":3},{"damage":0,"enemies":"Small Slimes","floor":4,"turns":2},{"damage":2,"enemies":"Exordium Wildlife","floor":5,"turns":4},{"damage":0,"enemies":"2 Fungi Beasts","floor":6,"turns":3},{"damage":7,"enemies":"Blue Slaver","floor":10,"turns":2},{"damage":9,"enemies":"Large Slime","floor":14,"turns":4},{"damage":16,"enemies":"The Guardian","floor":16,"turns":7},{"damage":17,"enemies":"Chosen","floor":18,"turns":5},{"damage":16,"enemies":"Masked Bandits","floor":20,"turns":4},{"damage":9,"enemies":"2 Thieves","floor":21,"turns":3},{"damage":12,"enemies":"Shelled Parasite and Fungi","floor":24,"turns":3},{"damage":0,"enemies":"Snake Plant","floor":25,"turns":1},{"damage":0,"enemies":"Chosen and Byrds","floor":28,"turns":4},{"damage":23,"enemies":"Shelled Parasite and Fungi","floor":31,"turns":4},{"damage":12,"enemies":"Champ","floor":33,"turns":7},{"damage":11,"enemies":"3 Darklings","floor":35,"turns":6},{"damage":9,"enemies":"Giant Head","floor":40,"turns":5},{"damage":3,"enemies":"3 Shapes","floor":41,"turns":2},{"damage":10,"enemies":"2 Orb Walkers","floor":45,"turns":2},{"damage":9,"enemies":"Spire Growth","floor":48,"turns":3},{"damage":27,"enemies":"Time Eater","floor":50,"turns":6}],"seed_played":"-1263736746034172830","potions_obtained":[{"floor":0,"key":"Regen Potion"},{"floor":1,"key":"AttackPotion"},{"floor":3,"key":"Poison Potion"},{"floor":20,"key":"Block Potion"},{"floor":31,"key":"Strength Potion"},{"floor":33,"key":"Fire Potion"},{"floor":40,"key":"Regen Potion"}],"is_trial":false,"path_per_floor":["M","?","M","M","M","M","?","T","T","M","T","R","$","M","R","B",null,"M","?","?","M","$","R","M","M","T","R","M","?","$","M","R","B",null,"M","?","?","?","$","E","M","?","T","R","?","T","?","M","R","B",null],"character_chosen":"IRONCLAD","items_purchased":["Anger+1","StoneCalendar","Bag of Marbles","FairyPotion"],"campfire_rested":5,"item_purchase_floors":[13,13,22,39],"current_hp_per_floor":[85,85,84,84,82,82,82,82,82,75,75,75,75,78,78,62,85,72,72,60,51,51,78,70,70,70,97,97,97,97,74,97,85,97,86,86,86,92,92,83,80,80,80,92,82,82,82,77,96,69],"gold":414,"neow_bonus":"BOSS_RELIC","is_prod":false,"is_daily":false,"chose_seed":false,"campfire_upgraded":2,"win_rate":0,"timestamp":1542943969,"path_taken":["M","?","M","M","?","M","?","?","T","M","?","R","$","M","R","BOSS","M","?","?","M","?","R","M","M","T","R","M","?","$","M","R","BOSS","M","?","?","?","$","E","M","?","T","R","?","?","?","M","R","BOSS"],"build_version":"2018-11-15","purchased_purges":2,"victory":true,"max_hp_per_floor":[85,85,85,85,85,85,85,85,85,85,85,85,85,85,85,85,85,89,89,93,93,93,93,97,97,97,97,97,97,97,97,97,97,97,97,97,92,92,92,92,92,92,92,92,92,92,92,96,96,96],"card_choices":[{"not_picked":["Sword Boomerang","Feel No Pain"],"picked":"Clash","floor":0},{"not_picked":["Clash","Flex"],"picked":"Inflame","floor":1},{"not_picked":["Headbutt","Clash","True Grit"],"picked":"SKIP","floor":3},{"not_picked":["Carnage","Second Wind","Pummel"],"picked":"SKIP","floor":4},{"not_picked":["Armaments","Shrug It Off","True Grit"],"picked":"SKIP","floor":5},{"not_picked":["Perfected Strike","Twin Strike"],"picked":"Rampage","floor":6},{"not_picked":["Pommel Strike+1","Dark Embrace"],"picked":"Infernal Blade","floor":10},{"not_picked":["Flex","Headbutt+1"],"picked":"Shockwave","floor":14},{"not_picked":["Barricade","Dark Embrace"],"picked":"Feed+1","floor":16},{"not_picked":["Shrug It Off","Pommel Strike+1"],"picked":"Heavy Blade+1","floor":18},{"not_picked":["Shrug It Off+1","Flex"],"picked":"Cleave+1","floor":20},{"not_picked":["Shrug It Off","Disarm"],"picked":"Anger+1","floor":21},{"not_picked":["Spot Weakness","Pommel Strike+1"],"picked":"Clothesline+1","floor":23},{"not_picked":["Bloodletting","Reckless Charge+1"],"picked":"Heavy Blade+1","floor":24},{"not_picked":["Sword Boomerang+1","Disarm","Clothesline+1"],"picked":"SKIP","floor":25},{"not_picked":["Dual Wield","Flame Barrier"],"picked":"Limit Break","floor":27},{"not_picked":["Rampage+1","True Grit","Searing Blow+1"],"picked":"SKIP","floor":28},{"not_picked":["Armaments","Blood for Blood+1","Thunderclap+1"],"picked":"SKIP","floor":31},{"not_picked":["Metallicize","Cleave+1"],"picked":"Iron Wave+1","floor":32},{"not_picked":["Fiend Fire+1","Dark Embrace"],"picked":"Limit Break","floor":33},{"not_picked":["Flex","Blood for Blood+1","Hemokinesis+1"],"picked":"SKIP","floor":35},{"not_picked":["Shrug It Off+1","Headbutt+1"],"picked":"Whirlwind+1","floor":40},{"not_picked":["Rupture","Flex","True Grit"],"picked":"SKIP","floor":41},{"not_picked":["True Grit","Second Wind"],"picked":"Fire Breathing+1","floor":44},{"not_picked":["Perfected Strike+1","Second Wind"],"picked":"Clash+1","floor":45},{"not_picked":["Flex","Perfected Strike+1","Clothesline+1"],"picked":"SKIP","floor":48}],"player_experience":18067,"relics_obtained":[{"floor":8,"key":"Mummified Hand"},{"floor":9,"key":"Molten Egg 2"},{"floor":11,"key":"Dream Catcher"},{"floor":20,"key":"Red Mask"},{"floor":26,"key":"Juzu Bracelet"},{"floor":40,"key":"Kunai"},{"floor":43,"key":"Pen Nib"},{"floor":45,"key":"Ginger"},{"floor":46,"key":"Centennial Puzzle"}],"event_choices":[{"cards_removed":["Strike_R"],"damage_healed":0,"gold_gain":0,"player_choice":"Purged","damage_taken":0,"max_hp_gain":0,"max_hp_loss":0,"event_name":"Purifier","floor":2,"gold_loss":0},{"damage_healed":0,"gold_gain":30,"player_choice":"Searched \u00271\u0027 times","damage_taken":0,"max_hp_gain":0,"max_hp_loss":0,"event_name":"Dead Adventurer","floor":7,"gold_loss":0},{"damage_healed":0,"gold_gain":0,"player_choice":"Inject Mutagens","damage_taken":0,"relics_obtained":["MutagenicStrength"],"max_hp_gain":0,"max_hp_loss":0,"event_name":"Drug Dealer","floor":19,"gold_loss":0},{"damage_healed":0,"gold_gain":0,"player_choice":"Fought Bandits","damage_taken":0,"max_hp_gain":0,"max_hp_loss":0,"event_name":"Masked Bandits","floor":20,"gold_loss":0},{"damage_healed":0,"gold_gain":99,"player_choice":"Stole From Cult","damage_taken":0,"max_hp_gain":0,"max_hp_loss":0,"event_name":"Nest","floor":29,"gold_loss":0},{"damage_healed":0,"gold_gain":0,"player_choice":"Memory 1","damage_taken":0,"max_hp_gain":0,"max_hp_loss":0,"event_name":"SensoryStone","floor":36,"gold_loss":0},{"damage_healed":0,"gold_gain":0,"player_choice":"Max HP","damage_taken":0,"max_hp_gain":0,"max_hp_loss":5,"event_name":"Winding Halls","floor":37,"gold_loss":0},{"damage_healed":6,"gold_gain":0,"player_choice":"Full Heal","damage_taken":0,"max_hp_gain":0,"max_hp_loss":0,"event_name":"Wheel of Change","floor":38,"gold_loss":0},{"damage_healed":0,"gold_gain":222,"player_choice":"Wore Mask","damage_taken":0,"max_hp_gain":0,"max_hp_loss":0,"event_name":"Tomb of Lord Red Mask","floor":42,"gold_loss":0},{"damage_healed":0,"gold_gain":0,"player_choice":"Fight","damage_taken":0,"max_hp_gain":0,"max_hp_loss":0,"event_name":"Mysterious Sphere","floor":45,"gold_loss":0},{"cards_removed":["Bash"],"damage_healed":0,"gold_gain":0,"player_choice":"Removed Attack","damage_taken":0,"max_hp_gain":0,"max_hp_loss":0,"event_name":"Falling","floor":47,"gold_loss":0}],"is_beta":false,"boss_relics":[{"not_picked":["Runic Cube","Ectoplasm"],"picked":"Fusion Hammer"},{"not_picked":["Runic Pyramid","White Beast Statue"],"picked":"Velvet Choker"}],"items_purged_floors":[22,30],"is_endless":false,"potions_floor_spawned":[1,3,5,20,31,33,40],"ascension_level":0}