{"path_per_floor":["M","M","?","$","M","M","R","M","T","$","?","E","?","T","R","B",null,"M","?","M","?","M","R","$","R","T","?","M","R","M","M","R","B",null,"M","M","?","?","?","R","M","E","T","R","E","$","?","M","R","B"],"character_chosen":"IRONCLAD","items_purchased":["Vajra","Weak Potion","Shrug It Off","Fire Potion","Dexterity Potion","Pantograph","Regen Potion","Fire Potion"],"gold_per_floor":[209,222,172,20,35,45,45,61,61,9,9,43,43,43,43,146,146,162,162,177,177,192,192,43,43,118,118,128,128,141,159,159,257,257,269,288,288,288,342,342,358,391,391,391,419,75,75,90,90,90],"floor_reached":51,"campfire_rested":4,"playtime":2005,"current_hp_per_floor":[80,80,80,80,80,80,80,79,79,79,76,73,73,73,73,73,80,56,80,74,59,54,79,79,79,79,79,79,79,85,59,84,38,85,85,78,78,78,49,74,60,18,32,61,29,29,87,86,86,45],"items_purged":[],"gold":90,"score":738,"play_id":"cef18b2d-5bae-43e6-9b2f-6b99f1703a09","local_time":"20180417214336","is_prod":false,"is_daily":false,"chose_seed":false,"is_ascension_mode":true,"campfire_upgraded":5,"timestamp":1523990616,"path_taken":["M","M","?","$","M","?","R","M","T","$","?","E","?","?","R","BOSS","M","?","M","?","M","R","$","R","T","?","M","R","M","M","R","BOSS","M","M","?","?","?","R","M","E","T","R","E","$","?","M","R","BOSS"],"build_version":"2018-04-12","seed_source_timestamp":0,"purchased_purges":1,"victory":true,"master_deck":["Strike_R+1","Strike_R+1","Strike_R+1","Strike_R+1","Strike_R+1","Defend_R+1","Defend_R+1","Defend_R+1","Bash","Shrug It Off+1","Flex+1","Carnage+1","Demon Form+1","Cleave+1","Shrug It Off+1","Anger","Bludgeon","Anger+1","Feed","Anger","Clash","Demon Form+1"],"max_hp_per_floor":[80,80,80,80,80,80,80,80,80,80,80,80,80,80,80,80,80,80,80,80,85,85,85,85,85,85,85,85,85,85,85,85,85,85,85,85,85,85,85,85,85,85,99,99,99,99,87,87,87,87],"relics":["Burning Blood","Vajra","Blue Candle","Blood Vial","Self Forming Clay","Centennial Puzzle","Philosopher\u0027s Stone","Shuriken","Lizard Tail","Bird Faced Urn","Magic Flower","Mango","Darkstone Periapt","Pantograph"],"card_choices":[{"not_picked":["Thunderclap","Body Slam"],"picked":"Shrug It Off","floor":1.0},{"not_picked":["Clash","Combust"],"picked":"Flex","floor":2.0},{"not_picked":["Bloodletting","Warcry"],"picked":"Carnage","floor":8.0},{"not_picked":["Armaments","Cleave"],"picked":"Perfected Strike","floor":12.0},{"not_picked":["Exhume","Bludgeon"],"picked":"Demon Form","floor":16.0},{"not_picked":["Twin Strike","Feel No Pain"],"picked":"Cleave","floor":18.0},{"not_picked":["Combust","Warcry"],"picked":"Anger","floor":30.0},{"not_picked":["Reaper","Double Tap"],"picked":"Bludgeon","floor":33.0},{"not_picked":["Sever Soul","Warcry"],"picked":"Anger","floor":36.0},{"not_picked":["Metallicize","Seeing Red"],"picked":"Feed","floor":41},{"not_picked":["Iron Wave","Shockwave"],"picked":"Anger","floor":42},{"not_picked":["Thunderclap","Perfected Strike"],"picked":"Clash","floor":45},{"not_picked":["Headbutt","Twin Strike"],"picked":"Demon Form","floor":48}],"player_experience":232997,"potions_floor_usage":[41,42,45,48,48,48],"damage_taken":[{"damage":4.0,"enemies":"Small Slimes","floor":1.0,"turns":4.0},{"damage":5.0,"enemies":"2 Louse","floor":2.0,"turns":3.0},{"damage":1.0,"enemies":"Cultist","floor":5.0,"turns":4.0},{"damage":2.0,"enemies":"Blue Slaver","floor":6.0,"turns":3.0},{"damage":7.0,"enemies":"Exordium Wildlife","floor":8.0,"turns":4.0},{"damage":11.0,"enemies":"3 Sentries","floor":12.0,"turns":7.0},{"damage":8.0,"enemies":"Slime Boss","floor":16.0,"turns":10.0},{"damage":30.0,"enemies":"3 Byrds","floor":18.0,"turns":5.0},{"damage":12.0,"enemies":"Chosen","floor":20.0,"turns":3.0},{"damage":13.0,"enemies":"Snake Plant","floor":22.0,"turns":3.0},{"damage":8.0,"enemies":"3 Cultists","floor":28.0,"turns":3.0},{"damage":1.0,"enemies":"Centurion and Healer","floor":30.0,"turns":3.0},{"damage":32.0,"enemies":"Slaver and Parasite","floor":31.0,"turns":4.0},{"damage":53.0,"enemies":"Automaton","floor":33.0,"turns":7.0},{"damage":6.0,"enemies":"3 Darklings","floor":35.0,"turns":6.0},{"damage":13.0,"enemies":"Orb Walker","floor":36.0,"turns":3.0},{"damage":37.0,"enemies":"Mysterious Sphere","floor":39.0,"turns":4.0},{"damage":24,"enemies":"3 Darklings","floor":41,"turns":6},{"damage":52,"enemies":"2 Orb Walkers","floor":42,"turns":5},{"damage":47,"enemies":"Nemesis","floor":45,"turns":5},{"damage":15,"enemies":"Maw","floor":48,"turns":5},{"damage":131,"enemies":"Time Eater","floor":50,"turns":10}],"event_choices":[{"event_name":"The Cleric","player_choice":"Card Removal","floor":3.0,"damage_taken":0.0},{"event_name":"Scrap Ooze","player_choice":"success","floor":11.0,"damage_taken":3.0},{"event_name":"Living Wall","player_choice":"Grow","floor":13.0,"damage_taken":0.0},{"event_name":"The Library","player_choice":"Heal","floor":19.0,"damage_taken":0.0},{"event_name":"Forgotten Altar","player_choice":"Shed Blood","floor":21.0,"damage_taken":0.0},{"event_name":"Back to Basics","player_choice":"Simplicity","floor":27.0,"damage_taken":0.0},{"event_name":"Tomb of Lord Red Mask","player_choice":"Ignored","floor":38.0,"damage_taken":0.0},{"event_name":"Mysterious Sphere","player_choice":"Fight","floor":39.0,"damage_taken":0.0},{"event_name":"The Moai Head","player_choice":"Heal","floor":47,"damage_taken":0}],"boss_relics":[],"potions_floor_spawned":[5,16,20,22,28,39,41,42,45],"seed_played":"-7114890395958543045","ascension_level":1,"is_trial":false}