{"gold_per_floor":[19,19,30,30,50,80,80,91,91,117,117,130,130,148,148,221,221,231,231,243,243,19,19,53,53,53,82,96,129,129,129,129,205,205,217,24,44,44,54,83,83,96,121,121,121,0,25,45,45,45],"floor_reached":51,"playtime":3231,"items_purged":["Writhe","Rupture+1"],"score":1300,"play_id":"93474b0d-abe1-4c11-9bd5-bcd6353e5f39","local_time":"20180703145314","is_ascension_mode":true,"campfire_choices":[{"data":"Body Slam","floor":7.0,"key":"SMITH"},{"data":"Disarm","floor":11.0,"key":"SMITH"},{"data":"Shockwave","floor":13.0,"key":"SMITH"},{"data":"Metallicize","floor":15.0,"key":"SMITH"},{"data":"Impervious","floor":23.0,"key":"SMITH"},{"data":"Rupture","floor":25.0,"key":"SMITH"},{"data":"Havoc","floor":30.0,"key":"SMITH"},{"floor":32.0,"key":"REST"},{"data":"Barricade","floor":41,"key":"SMITH"},{"data":"Demon Form","floor":45,"key":"SMITH"},{"data":"Heavy Blade","floor":49,"key":"SMITH"}],"neow_cost":"","seed_source_timestamp":383937805789068,"circlet_count":0,"master_deck":["Strike_R+1","Strike_R+1","Defend_R","Defend_R","Defend_R","Bash","AscendersBane","Reaper","Iron Wave","Uppercut+1","Spot Weakness","Body Slam+1","Disarm+1","Shrug It Off","Shockwave+1","Metallicize+1","Impervious+1","Dropkick","Havoc+1","Battle Trance","Demon Form+1","Heavy Blade+1","Barricade+1","Heavy Blade+1","Dramatic Entrance","Disarm+1","Shrug It Off","Carnage+1","Disarm"],"special_seed":0,"relics":["Burning Blood","Whetstone","Orichalcum","Paper Frog","Runic Dome","Turnip","Anchor","Vajra","Toolbox","Red Skull","Bottled Lightning","Velvet Choker","Happy Flower","Strawberry","Red Mask","Darkstone Periapt"],"potions_floor_usage":[40,50,50],"damage_taken":[{"damage":15.0,"enemies":"Cultist","floor":1.0,"turns":5.0},{"damage":4.0,"enemies":"2 Louse","floor":3.0,"turns":3.0},{"damage":8.0,"enemies":"Small Slimes","floor":5.0,"turns":3.0},{"damage":31.0,"enemies":"Gremlin Nob","floor":6.0,"turns":5.0},{"damage":6.0,"enemies":"Looter","floor":8.0,"turns":4.0},{"damage":20.0,"enemies":"3 Sentries","floor":10.0,"turns":9.0},{"damage":23.0,"enemies":"Gremlin Gang","floor":12.0,"turns":7.0},{"damage":12.0,"enemies":"Large Slime","floor":14.0,"turns":5.0},{"damage":3.0,"enemies":"Hexaghost","floor":16.0,"turns":9.0},{"damage":10.0,"enemies":"3 Byrds","floor":18.0,"turns":7.0},{"damage":0.0,"enemies":"Spheric Guardian","floor":20.0,"turns":3.0},{"damage":4.0,"enemies":"Book of Stabbing","floor":24.0,"turns":7.0},{"damage":45.0,"enemies":"Gremlin Leader","floor":27.0,"turns":7.0},{"damage":10.0,"enemies":"Snake Plant","floor":28.0,"turns":4.0},{"damage":43.0,"enemies":"Slavers","floor":29.0,"turns":6.0},{"damage":74.0,"enemies":"Automaton","floor":33.0,"turns":9.0},{"damage":4,"enemies":"Flame Bruiser 1 Orb","floor":35,"turns":6},{"damage":0,"enemies":"3 Shapes","floor":37,"turns":4},{"damage":13,"enemies":"3 Darklings","floor":39,"turns":6},{"damage":36,"enemies":"2 Orb Walkers","floor":40,"turns":5},{"damage":0,"enemies":"Maw","floor":42,"turns":6},{"damage":0,"enemies":"Giant Head","floor":47,"turns":7},{"damage":10,"enemies":"Spire Growth","floor":48,"turns":5},{"damage":29,"enemies":"Awakened One","floor":50,"turns":7}],"seed_played":"-7788579944073523542","potions_obtained":[{"floor":6.0,"key":"LiquidBronze"},{"floor":8.0,"key":"Regen Potion"},{"floor":14.0,"key":"SteroidPotion"},{"floor":16.0,"key":"Poison Potion"},{"floor":24.0,"key":"SneckoOil"},{"floor":27.0,"key":"FairyPotion"},{"floor":33.0,"key":"Block Potion"},{"floor":37,"key":"Swift Potion"},{"floor":40,"key":"Ancient Potion"}],"is_trial":false,"path_per_floor":["M","?","M","?","M","E","R","M","T","E","R","M","R","M","R","B",null,"M","?","M","?","$","R","E","R","T","E","M","E","R","?","R","B",null,"M","$","M","?","M","E","R","M","T","?","R","?","E","M","R","B"],"character_chosen":"IRONCLAD","items_purchased":["Anchor","Dramatic Entrance"],"campfire_rested":1,"item_purchase_floors":[],"current_hp_per_floor":[69,69,79,79,77,52,52,58,58,71,71,63,63,67,67,80,80,76,76,80,80,80,80,80,80,80,56,52,36,36,36,60,14,64,80,80,80,80,80,50,50,56,63,63,63,63,80,76,76,86],"gold":45,"neow_bonus":"","is_prod":false,"is_daily":false,"chose_seed":false,"campfire_upgraded":10,"win_rate":0,"timestamp":1530622394,"path_taken":["M","?","M","?","M","E","R","M","T","E","R","?","R","M","R","BOSS","M","?","M","?","?","R","E","R","T","E","M","E","R","?","R","BOSS","M","$","M","?","M","E","R","M","T","?","R","?","E","M","R","BOSS"],"build_version":"2018-07-02","purchased_purges":2,"victory":true,"max_hp_per_floor":[80,80,80,80,80,80,80,80,80,80,80,80,80,80,80,80,80,80,80,80,80,80,80,80,80,80,80,80,80,80,80,80,80,80,80,80,80,80,80,80,80,80,87,87,87,87,87,87,87,87],"card_choices":[{"not_picked":["Clothesline","Perfected Strike"],"picked":"Iron Wave","floor":1.0},{"not_picked":["True Grit","Body Slam"],"picked":"Uppercut","floor":3.0},{"not_picked":["Clothesline","Cleave"],"picked":"Spot Weakness","floor":5.0},{"not_picked":["Exhume","Cleave"],"picked":"Body Slam","floor":6.0},{"not_picked":["Thunderclap","Clothesline"],"picked":"Disarm","floor":8.0},{"not_picked":["Clothesline","Uppercut"],"picked":"Shrug It Off","floor":10.0},{"not_picked":["True Grit","Sever Soul"],"picked":"Shockwave","floor":12.0},{"not_picked":["Blood for Blood","Dropkick"],"picked":"Metallicize","floor":14.0},{"not_picked":["Immolate","Demon Form"],"picked":"Impervious","floor":16.0},{"not_picked":["Cleave","Thunderclap","Anger"],"picked":"SKIP","floor":18.0},{"not_picked":["Cleave","Thunderclap","Anger"],"picked":"SKIP","floor":18.0},{"not_picked":["Twin Strike","Armaments"],"picked":"Dropkick","floor":20.0},{"not_picked":["Armaments","Pommel Strike"],"picked":"Havoc","floor":24.0},{"not_picked":["Sever Soul","Entrench"],"picked":"Battle Trance","floor":27.0},{"not_picked":["Cleave","Warcry+1"],"picked":"Demon Form","floor":28.0},{"not_picked":["Wild Strike","Anger"],"picked":"Heavy Blade","floor":29.0},{"not_picked":["Berserk","Dark Embrace"],"picked":"Barricade","floor":33.0},{"not_picked":["Blood for Blood","Thunderclap"],"picked":"Heavy Blade+1","floor":35},{"not_picked":["Cleave+1","Wild Strike","Heavy Blade"],"picked":"SKIP","floor":37},{"not_picked":["Dual Wield","Perfected Strike","Sever Soul"],"picked":"SKIP","floor":39},{"not_picked":["Armaments","Wild Strike"],"picked":"Shrug It Off","floor":40},{"not_picked":["Fire Breathing","Clothesline"],"picked":"Carnage+1","floor":42},{"not_picked":["Clothesline","Infernal Blade","Brutality"],"picked":"SKIP","floor":47},{"not_picked":["Iron Wave","Thunderclap"],"picked":"Disarm","floor":48}],"player_experience":247273,"relics_obtained":[{"floor":6.0,"key":"Whetstone"},{"floor":9.0,"key":"Orichalcum"},{"floor":10.0,"key":"Paper Frog"},{"floor":24.0,"key":"Vajra"},{"floor":26.0,"key":"Toolbox"},{"floor":27.0,"key":"Red Skull"},{"floor":29.0,"key":"Bottled Lightning"},{"floor":40,"key":"Happy Flower"},{"floor":43,"key":"Strawberry"},{"floor":47,"key":"Darkstone Periapt"}],"event_choices":[{"event_name":"The Cleric","player_choice":"Leave","floor":2.0,"damage_taken":0.0},{"event_name":"Upgrade Shrine","player_choice":"Upgraded","floor":4.0,"damage_taken":0.0},{"event_name":"Purifier","player_choice":"One Purge","floor":19.0,"damage_taken":0.0},{"event_name":"The Mausoleum","player_choice":"Yes","floor":21.0,"damage_taken":0.0},{"event_name":"Wheel of Change","player_choice":"Card Removal","floor":31.0,"damage_taken":0.0},{"event_name":"Duplicator","player_choice":"One dupe","floor":38,"damage_taken":0},{"event_name":"SensoryStone","player_choice":"Memory 1","floor":44,"damage_taken":0},{"event_name":"Tomb of Lord Red Mask","player_choice":"Paid","floor":46,"damage_taken":0}],"boss_relics":[{"not_picked":["Black Star","White Beast Statue"],"picked":"Runic Dome"},{"not_picked":["Mark of Pain","Cursed Key"],"picked":"Velvet Choker"}],"items_purged_floors":[],"is_endless":false,"potions_floor_spawned":[6,8,14,16,24,27,33,37,39,40],"ascension_level":13}