{"gold_per_floor":[110,121,121,140,157,157,168,186,233,88,88,43,54,54,54,155,155,166,178,190,190,105,105,116,116],"floor_reached":25,"playtime":1369,"items_purged":["Defend_R"],"score":236,"play_id":"c2dfb8ae-d30a-4873-8b4b-99690c5ed898","local_time":"20180626184340","is_ascension_mode":true,"campfire_choices":[{"floor":6,"key":"REST"},{"floor":11,"key":"REST"},{"floor":15,"key":"REST"},{"data":"Battle Trance","floor":23,"key":"SMITH"}],"neow_cost":"TEN_PERCENT_HP_LOSS","seed_source_timestamp":168738471888692,"circlet_count":0,"master_deck":["Strike_R","Strike_R","Strike_R","Strike_R","Defend_R","Defend_R","Bash","Pommel Strike","Heavy Blade+1","Whirlwind","Perfected Strike","Flex","Spot Weakness","Perfected Strike","Battle Trance+1","Demon Form","Perfected Strike"],"relics":["Burning Blood","Lantern","Snecko Eye","Bag of Preparation"],"potions_floor_usage":[16,19,20],"damage_taken":[{"damage":6,"enemies":"2 Louse","floor":1,"turns":2},{"damage":6,"enemies":"Cultist","floor":2,"turns":3},{"damage":20,"enemies":"Small Slimes","floor":4,"turns":3},{"damage":23,"enemies":"Red Slaver","floor":5,"turns":3},{"damage":13,"enemies":"Exordium Thugs","floor":7,"turns":4},{"damage":19,"enemies":"Exordium Wildlife","floor":8,"turns":3},{"damage":11,"enemies":"Looter","floor":13,"turns":2},{"damage":43,"enemies":"Slime Boss","floor":16,"turns":9},{"damage":6,"enemies":"Spheric Guardian","floor":18,"turns":3},{"damage":10,"enemies":"Shell Parasite","floor":19,"turns":2},{"damage":0,"enemies":"3 Cultists","floor":20,"turns":3},{"damage":0,"enemies":"Snecko","floor":24,"turns":2},{"damage":82,"enemies":"Slaver and Parasite","floor":25,"turns":4}],"seed_played":"6050702695103461308","potions_obtained":[{"floor":7,"key":"AttackPotion"},{"floor":8,"key":"Weak Potion"},{"floor":13,"key":"Strength Potion"},{"floor":16,"key":"Ancient Potion"},{"floor":18,"key":"Block Potion"}],"is_trial":false,"path_per_floor":["M","M","?","M","M","R","M","M","T","$","R","$","M","?","R","B",null,"M","M","M","?","?","R","M"],"character_chosen":"IRONCLAD","items_purchased":["Spot Weakness","Perfected Strike"],"campfire_rested":3,"item_purchase_floors":[10,12],"current_hp_per_floor":[72,72,72,58,41,62,55,42,42,42,63,63,58,63,77,40,77,77,73,77,77,77,77,77,0],"gold":116,"neow_bonus":"REMOVE_TWO","is_prod":false,"is_daily":false,"chose_seed":false,"campfire_upgraded":1,"win_rate":0,"timestamp":1530053020,"path_taken":["M","M","?","?","M","R","M","M","T","?","R","$","?","?","R","BOSS","M","M","M","?","?","R","M","?"],"build_version":"2018-06-21v2","purchased_purges":1,"victory":false,"max_hp_per_floor":[72,72,72,72,72,72,72,72,72,72,72,72,72,77,77,77,77,77,77,77,77,77,77,77,77],"card_choices":[{"not_picked":["Clothesline","Sever Soul"],"picked":"Pommel Strike","floor":1},{"not_picked":["Blood for Blood","Shrug It Off"],"picked":"Heavy Blade","floor":2},{"not_picked":["Rampage","Disarm"],"picked":"Whirlwind","floor":4},{"not_picked":["Pommel Strike","Blood for Blood"],"picked":"Perfected Strike","floor":5},{"not_picked":["Blood for Blood","Anger","Havoc"],"picked":"SKIP","floor":7},{"not_picked":["Wild Strike","Searing Blow"],"picked":"Flex","floor":8},{"not_picked":["Rupture","Anger"],"picked":"Battle Trance","floor":13},{"not_picked":["Exhume","Bludgeon"],"picked":"Demon Form","floor":16},{"not_picked":["True Grit","Second Wind+1"],"picked":"Perfected Strike","floor":18},{"not_picked":["Second Wind","True Grit+1","Clothesline"],"picked":"SKIP","floor":19},{"not_picked":["Sever Soul+1","Corruption","Infernal Blade"],"picked":"SKIP","floor":20},{"not_picked":["Anger+1","Twin Strike","Bloodletting"],"picked":"SKIP","floor":24}],"player_experience":803067,"relics_obtained":[{"floor":9,"key":"Lantern"}],"event_choices":[{"event_name":"Upgrade Shrine","player_choice":"Upgraded","floor":3,"damage_taken":0},{"event_name":"Big Fish","player_choice":"Donut","floor":14,"damage_taken":0},{"event_name":"Vampires","player_choice":"Ignored","floor":21,"damage_taken":0},{"event_name":"Addict","player_choice":"Obtained Relic","floor":22,"damage_taken":0}],"boss_relics":[{"not_picked":["Runic Cube","Runic Dome"],"picked":"Snecko Eye"}],"items_purged_floors":[10],"is_endless":false,"potions_floor_spawned":[7,8,13,16,18],"killed_by":"Slaver and Parasite","ascension_level":4}