{"gold_per_floor":[110,130,15,35,0,33,48,67,135,135,135,146,146,157,157,231,231,245,245,295,295,311,311,331,331,331,381,397,397,412,425,425,499,499,513,513,524,524],"floor_reached":38,"playtime":2233,"items_purged":["Strike_B"],"score":684,"play_id":"dd57f1b6-2977-4671-b2e3-b6693216fc5a","local_time":"20181214082112","is_ascension_mode":true,"campfire_choices":[{"floor":10,"key":"REST"},{"floor":13,"key":"REST"},{"data":"Static Discharge","floor":15,"key":"SMITH"},{"floor":23,"key":"RECALL"},{"floor":25,"key":"REST"},{"floor":29,"key":"REST"},{"floor":32,"key":"REST"}],"neow_cost":"NONE","seed_source_timestamp":130536461454073,"circlet_count":0,"master_deck":["AscendersBane","Strike_B","Strike_B","Defend_B","Defend_B","Defend_B","Defend_B","Zap","Dualcast","Streamline","Glacier","Lockon","Beam Cell","Beam Cell","Static Discharge+1","Go for the Eyes","Genetic Algorithm","Loop","Ball Lightning","Seek","Defragment","Writhe","BootSequence+1","Compile Driver","Leap","Leap","Compile Driver","Electrodynamics","Recycle+1","Leap"],"relics":["Nuclear Battery","Ancient Tea Set","Meat on the Bone","Lizard Tail","StoneCalendar","Runic Pyramid","Oddly Smooth Stone"],"potions_floor_usage":[7,12,16,24,24,28,31,33,38],"damage_taken":[{"damage":14,"enemies":"Jaw Worm","floor":1,"turns":4},{"damage":0,"enemies":"2 Louse","floor":2,"turns":2},{"damage":0,"enemies":"Cultist","floor":4,"turns":5},{"damage":48,"enemies":"Gremlin Nob","floor":6,"turns":5},{"damage":0,"enemies":"Large Slime","floor":7,"turns":3},{"damage":10,"enemies":"3 Louse","floor":8,"turns":3},{"damage":8,"enemies":"Red Slaver","floor":12,"turns":3},{"damage":10,"enemies":"Gremlin Gang","floor":14,"turns":4},{"damage":6,"enemies":"Hexaghost","floor":16,"turns":10},{"damage":4,"enemies":"Chosen","floor":18,"turns":6},{"damage":16,"enemies":"2 Thieves","floor":22,"turns":4},{"damage":20,"enemies":"Shelled Parasite and Fungi","floor":24,"turns":7},{"damage":41,"enemies":"Snecko","floor":28,"turns":6},{"damage":33,"enemies":"Centurion and Healer","floor":30,"turns":7},{"damage":7,"enemies":"Cultist and Chosen","floor":31,"turns":7},{"damage":80,"enemies":"Automaton","floor":33,"turns":11},{"damage":43,"enemies":"3 Darklings","floor":35,"turns":4},{"damage":20,"enemies":"3 Shapes","floor":37,"turns":5},{"damage":22,"enemies":"Transient","floor":38,"turns":3}],"seed_played":"5222859779304427294","potions_obtained":[{"floor":6,"key":"AttackPotion"},{"floor":7,"key":"Swift Potion"},{"floor":8,"key":"Block Potion"},{"floor":14,"key":"AttackPotion"},{"floor":16,"key":"PowerPotion"},{"floor":24,"key":"Block Potion"},{"floor":28,"key":"PowerPotion"},{"floor":30,"key":"Swift Potion"},{"floor":33,"key":"GamblersBrew"},{"floor":35,"key":"GamblersBrew"}],"is_trial":false,"path_per_floor":["M","M","$","M","?","E","M","M","T","R","?","M","R","M","R","B",null,"M","?","?","?","M","R","M","R","T","?","M","R","M","M","R","B",null,"M","T","M","M"],"character_chosen":"DEFECT","items_purchased":["Lockon"],"campfire_rested":5,"item_purchase_floors":[3],"current_hp_per_floor":[50,50,50,50,67,19,19,9,9,30,30,34,55,45,45,39,63,59,59,59,59,43,43,35,56,56,56,27,48,27,32,53,22,59,28,28,20,0],"gold":524,"neow_bonus":"BOSS_RELIC","is_prod":false,"is_daily":false,"chose_seed":false,"campfire_upgraded":1,"win_rate":0,"timestamp":1544793672,"path_taken":["M","M","$","M","?","E","M","M","T","R","?","M","R","?","R","BOSS","M","?","?","?","M","R","M","R","T","?","M","R","M","M","R","BOSS","M","?","M","?"],"build_version":"2018-12-13","purchased_purges":1,"victory":false,"max_hp_per_floor":[71,71,71,71,71,71,71,71,71,71,71,71,71,71,71,71,71,71,71,71,71,71,71,71,71,71,71,71,71,71,71,71,71,71,71,71,71,71],"card_choices":[{"not_picked":["Compile Driver","Hologram"],"picked":"Streamline","floor":1},{"not_picked":["Turbo","Beam Cell"],"picked":"Glacier","floor":2},{"not_picked":["Blizzard","Turbo"],"picked":"Beam Cell","floor":4},{"not_picked":["Fission","Redo"],"picked":"Beam Cell","floor":6},{"not_picked":["Coolheaded","Hello World"],"picked":"Static Discharge","floor":7},{"not_picked":["Beam Cell","Rebound"],"picked":"Go for the Eyes","floor":8},{"not_picked":["Storm","Sweeping Beam"],"picked":"Loop","floor":12},{"not_picked":["Leap","Turbo"],"picked":"Ball Lightning","floor":14},{"not_picked":["Meteor Strike","All For One"],"picked":"Seek","floor":16},{"not_picked":["Static Discharge+1","Barrage+1"],"picked":"Defragment","floor":18},{"not_picked":["Coolheaded+1","Hologram"],"picked":"BootSequence+1","floor":22},{"not_picked":["Rebound","Auto Shields"],"picked":"Compile Driver","floor":24},{"not_picked":["Streamline+1","Meteor Strike"],"picked":"Leap","floor":28},{"not_picked":["Sweeping Beam","Go for the Eyes"],"picked":"Leap","floor":30},{"not_picked":["Stack","Go for the Eyes"],"picked":"Compile Driver","floor":31},{"not_picked":["Thunder Strike","Meteor Strike"],"picked":"Electrodynamics","floor":33},{"not_picked":["Hello World+1","Loop"],"picked":"Recycle+1","floor":35},{"not_picked":["Sunder","Hello World"],"picked":"Leap","floor":37}],"player_experience":1904376,"relics_obtained":[{"floor":6,"key":"Ancient Tea Set"},{"floor":9,"key":"Meat on the Bone"},{"floor":36,"key":"Oddly Smooth Stone"}],"event_choices":[{"damage_healed":17,"gold_gain":0,"player_choice":"Healed","damage_taken":0,"max_hp_gain":0,"max_hp_loss":0,"event_name":"The Cleric","floor":5,"gold_loss":35},{"damage_healed":0,"gold_gain":0,"cards_transformed":["Strike_B"],"player_choice":"Transformed","damage_taken":0,"max_hp_gain":0,"max_hp_loss":0,"event_name":"Transmorgrifier","floor":11,"gold_loss":0,"cards_obtained":["Genetic Algorithm"]},{"damage_healed":0,"gold_gain":0,"player_choice":"Opened","damage_taken":0,"relics_obtained":["StoneCalendar"],"max_hp_gain":0,"max_hp_loss":0,"event_name":"The Mausoleum","floor":19,"gold_loss":0,"cards_obtained":["Writhe"]},{"damage_healed":0,"gold_gain":50,"player_choice":"Stole From Cult","damage_taken":0,"max_hp_gain":0,"max_hp_loss":0,"event_name":"Nest","floor":20,"gold_loss":0},{"damage_healed":0,"gold_gain":0,"player_choice":"Ignored","damage_taken":0,"max_hp_gain":0,"max_hp_loss":0,"event_name":"Vampires","floor":21,"gold_loss":0},{"damage_healed":0,"gold_gain":50,"player_choice":"Pray","damage_taken":0,"max_hp_gain":0,"max_hp_loss":0,"event_name":"Golden Shrine","floor":27,"gold_loss":0}],"is_beta":false,"boss_relics":[{"not_picked":["Snecko Eye","Coffee Dripper"],"picked":"Lizard Tail"},{"not_picked":["Empty Cage","Velvet Choker"],"picked":"Runic Pyramid"}],"items_purged_floors":[3],"is_endless":false,"potions_floor_spawned":[6,7,8,14,16,24,28,30,33,35],"killed_by":"Transient","ascension_level":16}