{"gold_per_floor":[119,119,119,70,87,119,119,136,160,160,160,160,191,206,206,206],"floor_reached":16,"playtime":463,"items_purged":[],"score":233,"play_id":"2be87f87-b048-48c9-82e8-c42420cd155c","local_time":"20180718155400","is_ascension_mode":true,"campfire_choices":[{"floor":7,"key":"REST"},{"data":"Cloak And Dagger","floor":10,"key":"SMITH"},{"data":"After Image","floor":15,"key":"SMITH"}],"neow_cost":"NONE","seed_source_timestamp":663021640622617,"circlet_count":0,"master_deck":["Defend_G+1","Defend_G","Defend_G","Defend_G+1","Defend_G","Strike_G","Strike_G","Strike_G","Strike_G","Strike_G","Survivor","Neutralize","AscendersBane","PiercingWail","Cloak And Dagger+1","Finisher","Deflect","Cloak And Dagger","After Image+1","Skewer","Endless Agony"],"relics":["Ring of the Snake","NeowsBlessing","Orichalcum","War Paint","Art of War","Smiling Mask"],"potions_floor_usage":[13,16],"damage_taken":[{"damage":0,"enemies":"Jaw Worm","floor":1,"turns":1},{"damage":0,"enemies":"Small Slimes","floor":5,"turns":1},{"damage":0,"enemies":"Gremlin Nob","floor":6,"turns":1},{"damage":0,"enemies":"2 Louse","floor":8,"turns":2},{"damage":2,"enemies":"Lagavulin","floor":13,"turns":15},{"damage":2,"enemies":"Blue Slaver","floor":14,"turns":5},{"damage":29,"enemies":"Hexaghost","floor":16,"turns":16}],"seed_played":"1413621165575500600","potions_obtained":[{"floor":1,"key":"GamblersBrew"},{"floor":6,"key":"GhostInAJar"}],"is_trial":false,"path_per_floor":["M","?","?","$","M","E","R","M","T","R","?","?","E","M","R"],"character_chosen":"THE_SILENT","items_purchased":["Cloak And Dagger"],"campfire_rested":1,"item_purchase_floors":[4],"current_hp_per_floor":[59,14,14,14,14,14,33,33,33,33,33,33,31,29,29,0],"gold":206,"neow_bonus":"THREE_ENEMY_KILL","is_prod":false,"is_daily":false,"chose_seed":false,"campfire_upgraded":2,"win_rate":0,"timestamp":1531922040,"path_taken":["M","?","?","$","M","E","R","?","T","R","?","?","E","M","R","BOSS"],"build_version":"2018-07-12","purchased_purges":0,"victory":false,"max_hp_per_floor":[66,66,66,66,66,66,66,66,66,66,66,66,66,66,66,66],"card_choices":[{"not_picked":["Escape Plan","Distraction"],"picked":"PiercingWail","floor":1},{"not_picked":["Deflect","Outmaneuver"],"picked":"Finisher","floor":5},{"not_picked":["Doppelganger","Concentrate"],"picked":"Deflect","floor":6},{"not_picked":["Bane","Deadly Poison"],"picked":"Cloak And Dagger","floor":8},{"not_picked":["Outmaneuver","PiercingWail"],"picked":"Skewer","floor":13},{"not_picked":["Skewer","PiercingWail"],"picked":"Endless Agony","floor":14}],"player_experience":1094754,"relics_obtained":[{"floor":6,"key":"War Paint"},{"floor":9,"key":"Art of War"},{"floor":13,"key":"Smiling Mask"}],"event_choices":[{"event_name":"Scrap Ooze","player_choice":"success","floor":2,"damage_taken":45},{"event_name":"Shining Light","player_choice":"Ignored","floor":3,"damage_taken":0},{"event_name":"Golden Idol","player_choice":"Ignored","floor":11,"damage_taken":0},{"event_name":"Match and Keep!","player_choice":"1 cards matched","floor":12,"damage_taken":0}],"boss_relics":[],"items_purged_floors":[],"is_endless":false,"potions_floor_spawned":[1,6],"killed_by":"Hexaghost","ascension_level":15}