{"gold_per_floor":[116,66,66,84,33,33,51,51,51,68,68,68,68,98,98,197,197,215,225,239,254,179,179,179],"floor_reached":24,"playtime":833,"items_purged":["Aggregate"],"score":186,"play_id":"192063e0-a7b7-4e34-b7f0-5c6064b58297","local_time":"20180712220246","is_ascension_mode":false,"campfire_choices":[{"data":"Zap","floor":6,"key":"SMITH"},{"data":"Dualcast","floor":8,"key":"SMITH"},{"data":"1","floor":13,"key":"LIFT"},{"data":"2","floor":15,"key":"LIFT"},{"floor":23,"key":"REST"}],"neow_cost":"","seed_source_timestamp":0,"circlet_count":0,"master_deck":["Strike_B","Strike_B","Defend_B","Defend_B","Defend_B","Defend_B","Zap+1","Dualcast+1","Streamline","Leap","Beam Cell","Gash","All For One","Go for the Eyes","Hologram","Static Discharge"],"relics":["Unceasing Top","Girya","Eternal Feather"],"potions_floor_usage":[10,16],"damage_taken":[{"damage":1,"enemies":"Jaw Worm","floor":1,"turns":4},{"damage":2,"enemies":"Small Slimes","floor":4,"turns":3},{"damage":6,"enemies":"Cultist","floor":7,"turns":3},{"damage":5,"enemies":"Exordium Thugs","floor":10,"turns":2},{"damage":44,"enemies":"Hexaghost","floor":16,"turns":10},{"damage":12,"enemies":"Shell Parasite","floor":18,"turns":4},{"damage":13,"enemies":"Spheric Guardian","floor":19,"turns":4},{"damage":12,"enemies":"Snake Plant","floor":20,"turns":4},{"damage":26,"enemies":"Centurion and Healer","floor":21,"turns":6},{"damage":45,"enemies":"Book of Stabbing","floor":24,"turns":5}],"seed_played":"-8235452941106714679","potions_obtained":[{"floor":4,"key":"Weak Potion"},{"floor":7,"key":"Explosive Potion"},{"floor":20,"key":"EssenceOfSteel"}],"is_trial":true,"path_per_floor":["M","?","$","M","$","R","M","R","T","M","?","$","R","?","R","B",null,"M","M","M","M","$","R"],"character_chosen":"DEFECT","items_purchased":["Beam Cell"],"campfire_rested":1,"item_purchase_floors":[5],"current_hp_per_floor":[74,74,74,72,72,72,66,66,66,61,61,61,61,61,61,17,75,63,50,38,12,12,40,0],"gold":179,"neow_bonus":"","is_prod":false,"is_daily":false,"chose_seed":false,"campfire_upgraded":2,"win_rate":0,"timestamp":1531447366,"path_taken":["M","?","$","M","?","R","M","R","T","M","?","$","R","?","R","BOSS","M","M","M","M","$","R","E"],"build_version":"2018-07-12","purchased_purges":1,"victory":false,"max_hp_per_floor":[75,75,75,75,75,75,75,75,75,75,75,75,75,75,75,75,75,75,75,75,75,75,75,75],"card_choices":[{"not_picked":["Loop","Turbo"],"picked":"Streamline","floor":1},{"not_picked":["Auto Shields","Capacitor"],"picked":"Leap","floor":4},{"not_picked":["Coolheaded","Cold Snap"],"picked":"Gash","floor":7},{"not_picked":["White Noise","Ball Lightning","Barrage"],"picked":"SKIP","floor":10},{"not_picked":["Biased Cognition","Core Surge"],"picked":"All For One","floor":16},{"not_picked":["Defragment+1","Doom and Gloom+1"],"picked":"Go for the Eyes","floor":18},{"not_picked":["Cold Snap","Barrage"],"picked":"Aggregate","floor":19},{"not_picked":["Reprogram","Auto Shields"],"picked":"Hologram","floor":20},{"not_picked":["Sunder+1","BootSequence+1"],"picked":"Static Discharge","floor":21}],"player_experience":1052939,"relics_obtained":[{"floor":9,"key":"Girya"}],"event_choices":[{"event_name":"The Cleric","player_choice":"Card Removal","floor":2,"damage_taken":0},{"event_name":"Living Wall","player_choice":"Forget","floor":11,"damage_taken":0},{"event_name":"Dead Adventurer","player_choice":"Searched \u00271\u0027 times","floor":14,"damage_taken":0}],"boss_relics":[{"not_picked":["Pandora\u0027s Box","Ectoplasm"],"picked":"Eternal Feather"}],"items_purged_floors":[22],"is_endless":false,"potions_floor_spawned":[4,7,20],"killed_by":"Book of Stabbing","ascension_level":0}