{"path_per_floor":["M","$","M","M","M","E","M","?","T","R","$","R","M","M","R","B",null,"M","M","M","$","M"],"character_chosen":"THE_SILENT","items_purchased":["Caltrops","Poisoned Stab","Anchor","Glass Knife"],"gold_per_floor":[109,21,35,51,70,102,121,121,166,166,14,14,29,45,45,144,144,159,172,182,22,37,37],"floor_reached":23,"campfire_rested":2,"playtime":2244,"current_hp_per_floor":[69,69,69,63,56,39,25,18,18,39,39,60,55,53,53,29,70,63,51,31,31,5,0],"items_purged":[],"gold":37,"score":197,"play_id":"09985544-01e5-4179-b3d7-1880358c4b4a","local_time":"20180523153202","is_prod":false,"is_daily":false,"chose_seed":false,"is_ascension_mode":false,"campfire_upgraded":1,"timestamp":1527103922,"campfire_choices":[{"floor":10,"key":"REST"},{"floor":12,"key":"REST"},{"data":"Infinite Blades","floor":15,"key":"SMITH"}],"path_taken":["M","$","?","M","M","E","M","?","T","R","$","R","M","M","R","BOSS","M","M","M","$","M","M"],"build_version":"2018-05-17","seed_source_timestamp":214570255453811,"purchased_purges":0,"victory":false,"master_deck":["Defend_G","Defend_G","Defend_G","Defend_G","Defend_G","Strike_G","Strike_G","Strike_G","Strike_G","Strike_G","Survivor","Neutralize+1","Predator","Caltrops","Poisoned Stab","All Out Attack","Infinite Blades+1","Infinite Blades","Dagger Spray","Masterful Stab","Dodge and Roll","Flying Knee","Doppelganger","Dagger Throw+1","Quick Slash","Dash","Glass Knife","Backstab+1"],"max_hp_per_floor":[70,70,70,70,70,70,70,70,70,70,70,70,70,70,70,70,70,70,70,70,70,70,70],"relics":["Ring of the Snake","Lantern","Ornamental Fan","Happy Flower","Anchor","Runic Pyramid"],"card_choices":[{"not_picked":["Leg Sweep","Endless Agony"],"picked":"Predator","floor":1},{"not_picked":["Dagger Throw","PiercingWail"],"picked":"All Out Attack","floor":3},{"not_picked":["Caltrops","Dagger Throw"],"picked":"Infinite Blades","floor":4},{"not_picked":["Dodge and Roll","Underhanded Strike"],"picked":"Infinite Blades","floor":5},{"not_picked":["Poisoned Stab","Sucker Punch"],"picked":"Dagger Spray","floor":6},{"not_picked":["Sucker Punch","Reflex"],"picked":"Masterful Stab","floor":7},{"not_picked":["Slice","Poisoned Stab"],"picked":"Dodge and Roll","floor":13},{"not_picked":["Venomology","Underhanded Strike"],"picked":"Flying Knee","floor":14},{"not_picked":["Corpse Explosion","Adrenaline"],"picked":"Doppelganger","floor":16},{"not_picked":["Outmaneuver","Malaise"],"picked":"Dagger Throw+1","floor":18},{"not_picked":["Dagger Throw","PiercingWail"],"picked":"Quick Slash","floor":19},{"not_picked":["Eviscerate","Dagger Spray"],"picked":"Dash","floor":20},{"not_picked":["Slice","Quick Slash"],"picked":"Backstab+1","floor":22}],"player_experience":86975,"potions_floor_usage":[5,6,16,16],"damage_taken":[{"damage":1,"enemies":"Cultist","floor":1,"turns":4},{"damage":0,"enemies":"2 Louse","floor":3,"turns":3},{"damage":6,"enemies":"Small Slimes","floor":4,"turns":2},{"damage":7,"enemies":"2 Fungi Beasts","floor":5,"turns":2},{"damage":17,"enemies":"3 Sentries","floor":6,"turns":5},{"damage":14,"enemies":"Blue Slaver","floor":7,"turns":3},{"damage":5,"enemies":"Gremlin Gang","floor":13,"turns":3},{"damage":2,"enemies":"3 Louse","floor":14,"turns":3},{"damage":24,"enemies":"The Guardian","floor":16,"turns":9},{"damage":7,"enemies":"Spheric Guardian","floor":18,"turns":4},{"damage":12,"enemies":"2 Thieves","floor":19,"turns":3},{"damage":20,"enemies":"3 Cultists","floor":20,"turns":5},{"damage":26,"enemies":"Snecko","floor":22,"turns":5},{"damage":16,"enemies":"Slaver and Parasite","floor":23,"turns":2}],"relics_obtained":[{"floor":6,"key":"Lantern"},{"floor":9,"key":"Happy Flower"}],"event_choices":[{"event_name":"Scrap Ooze","player_choice":"success","floor":8,"damage_taken":7}],"boss_relics":[{"not_picked":["Orrery","Runic Dome"],"picked":"Runic Pyramid"}],"potions_floor_spawned":[1,4,5,13,19,22],"seed_played":"1990370033949769325","killed_by":"Slaver and Parasite","ascension_level":0,"potions_obtained":[{"floor":1,"key":"FearPotion"},{"floor":4,"key":"Explosive Potion"},{"floor":5,"key":"SkillPotion"},{"floor":13,"key":"GamblersBrew"},{"floor":19,"key":"Swift Potion"},{"floor":22,"key":"Swift Potion"}],"is_trial":false}