{"path_per_floor":["M","?","M","M","M","R","E","R","T","M","E","M","E","?","R","B",null,"M","?","?","M","$","R","E","M","T","E"],"character_chosen":"IRONCLAD","items_purchased":[],"gold_per_floor":[118,68,85,105,124,124,153,153,206,218,247,265,295,295,295,397,397,409,409,409,428,428,428,486,496,496,523,523],"floor_reached":28,"campfire_rested":0,"playtime":2456,"item_purchase_floors":[],"current_hp_per_floor":[80,80,80,80,80,80,67,67,67,73,79,80,68,68,68,74,80,79,79,79,80,80,80,80,80,80,12,0],"items_purged":[],"gold":523,"score":371,"play_id":"6aa7bc24-7df2-475a-a5ea-b549716cc3cc","local_time":"20180611193409","is_prod":false,"is_daily":false,"chose_seed":false,"is_ascension_mode":true,"campfire_upgraded":4,"win_rate":0,"timestamp":1528738449,"campfire_choices":[{"data":"Clothesline","floor":6.0,"key":"SMITH"},{"data":"Flex","floor":8.0,"key":"SMITH"},{"data":"Metallicize","floor":15.0,"key":"SMITH"},{"data":"True Grit","floor":23.0,"key":"SMITH"}],"path_taken":["M","?","M","?","M","R","E","R","T","M","E","M","E","?","R","BOSS","M","?","?","M","$","R","E","M","T","E","?"],"build_version":"2018-06-08","seed_source_timestamp":0,"purchased_purges":0,"victory":false,"master_deck":["Strike_R","Defend_R","Defend_R","Defend_R","Defend_R","Bash","Flame Barrier","Clothesline+1","Flex+1","Ghostly Armor","Metallicize+1","Juggernaut","True Grit+1","Carnage","Impervious","Pommel Strike+1","Feel No Pain+1","Clothesline+1","Rampage+1","Metallicize+1","Flex+1","Iron Wave+1"],"max_hp_per_floor":[80,80,80,80,80,80,80,80,80,80,80,80,80,80,80,80,80,80,80,80,80,80,80,80,80,80,80,80],"relics":["Burning Blood","Darkstone Periapt","Bronze Scales","Anchor","Potion Belt","Astrolabe","Tiny Chest","Letter Opener","Dodecahedron"],"card_choices":[{"not_picked":["Headbutt","Cleave"],"picked":"Flame Barrier","floor":1.0},{"not_picked":["Warcry","Pommel Strike"],"picked":"Clothesline","floor":3.0},{"not_picked":["Thunderclap","Shrug It Off"],"picked":"Flex","floor":4.0},{"not_picked":["Headbutt","Perfected Strike"],"picked":"Ghostly Armor","floor":5.0},{"not_picked":["Feel No Pain","Perfected Strike"],"picked":"Metallicize","floor":7.0},{"not_picked":["Armaments","Clash","Perfected Strike"],"picked":"SKIP","floor":10.0},{"not_picked":["Heavy Blade","Dual Wield"],"picked":"Juggernaut","floor":11.0},{"not_picked":["Entrench","Carnage"],"picked":"True Grit","floor":12.0},{"not_picked":["Clothesline","Fiend Fire"],"picked":"Carnage","floor":13.0},{"not_picked":["Barricade","Offering"],"picked":"Impervious","floor":16.0},{"not_picked":["Clash","Shrug It Off"],"picked":"Rampage+1","floor":18.0},{"not_picked":["Shrug It Off+1","Cleave"],"picked":"Flex+1","floor":21.0},{"not_picked":["Cleave","Sword Boomerang","Disarm"],"picked":"SKIP","floor":24.0},{"not_picked":["Sever Soul","Dual Wield","Feel No Pain"],"picked":"SKIP","floor":25.0},{"not_picked":["Second Wind","Limit Break"],"picked":"Iron Wave+1","floor":27.0}],"player_experience":79653,"potions_floor_usage":[],"damage_taken":[{"damage":5.0,"enemies":"Small Slimes","floor":1.0,"turns":6.0},{"damage":1.0,"enemies":"Cultist","floor":3.0,"turns":4.0},{"damage":2.0,"enemies":"2 Louse","floor":4.0,"turns":2.0},{"damage":4.0,"enemies":"Gremlin Gang","floor":5.0,"turns":4.0},{"damage":19.0,"enemies":"3 Sentries","floor":7.0,"turns":10.0},{"damage":0.0,"enemies":"Large Slime","floor":10.0,"turns":6.0},{"damage":0.0,"enemies":"Lagavulin","floor":11.0,"turns":6.0},{"damage":5.0,"enemies":"Lots of Slimes","floor":12.0,"turns":4.0},{"damage":18.0,"enemies":"3 Sentries","floor":13.0,"turns":8.0},{"damage":0.0,"enemies":"The Guardian","floor":16.0,"turns":11.0},{"damage":7.0,"enemies":"Shell Parasite","floor":18.0,"turns":11.0},{"damage":0.0,"enemies":"3 Byrds","floor":21.0,"turns":3.0},{"damage":6.0,"enemies":"Slavers","floor":24.0,"turns":8.0},{"damage":2.0,"enemies":"Snake Plant","floor":25.0,"turns":5.0},{"damage":74.0,"enemies":"Gremlin Leader","floor":27.0,"turns":10.0},{"damage":17,"enemies":"3 Cultists","floor":28,"turns":5}],"relics_obtained":[{"floor":7.0,"key":"Darkstone Periapt"},{"floor":9.0,"key":"Bronze Scales"},{"floor":11.0,"key":"Anchor"},{"floor":13.0,"key":"Potion Belt"},{"floor":24.0,"key":"Tiny Chest"},{"floor":26.0,"key":"Letter Opener"},{"floor":27.0,"key":"Dodecahedron"}],"event_choices":[{"event_name":"The Cleric","player_choice":"Card Removal","floor":2.0,"damage_taken":0.0},{"event_name":"The Woman in Blue","player_choice":"Bought 0 Potions","floor":14.0,"damage_taken":0.0},{"event_name":"The Lab","player_choice":"Got Potions","floor":19.0,"damage_taken":0.0},{"event_name":"Duplicator","player_choice":"One dupe","floor":20.0,"damage_taken":0.0}],"boss_relics":[{"not_picked":["Runic Pyramid","Runic Cube"],"picked":"Astrolabe"}],"items_purged_floors":[],"potions_floor_spawned":[1,3,4,5,13,25],"seed_played":"97453690688416103","killed_by":"3 Cultists","ascension_level":1,"potions_obtained":[{"floor":1.0,"key":"SteroidPotion"},{"floor":3.0,"key":"Ancient Potion"},{"floor":4.0,"key":"SteroidPotion"},{"floor":5.0,"key":"Energy Potion"},{"floor":13.0,"key":"SpeedPotion"},{"floor":19.0,"key":"Swift Potion"},{"floor":19.0,"key":"Poison Potion"},{"floor":19.0,"key":"EntropicBrew"},{"floor":25.0,"key":"Fire Potion"}],"is_trial":false}