{"gold_per_floor":[115,2,22,22,34,34,44,61,84,103,117,117,148,48,48,153,153,171,94,94,114,114,148,148,174,174,174,209,220,246,246,246,344,344,364,375,4,4,304,336,185,205,254,254],"floor_reached":44,"playtime":2045,"items_purged":["Doubt","Injury","Strike_R"],"score":567,"play_id":"45993295-a02e-41da-81dc-c590dffd4e34","local_time":"20190214114308","is_ascension_mode":true,"campfire_choices":[{"data":"Inflame","floor":6,"key":"SMITH"},{"data":"Metallicize","floor":12,"key":"SMITH"},{"data":"Bash","floor":15,"key":"SMITH"},{"data":"Clothesline","floor":24,"key":"SMITH"},{"floor":27,"key":"REST"},{"floor":32,"key":"REST"}],"neow_cost":"NONE","seed_source_timestamp":0,"circlet_count":0,"master_deck":["Strike_R","Strike_R","Strike_R","Defend_R","Defend_R","Defend_R","Defend_R","Bash+1","Headbutt","Inflame+1","Cleave","Metallicize","Metallicize+1","Pommel Strike","Impervious","Pommel Strike","Inflame","Dropkick","Clothesline+1","Evolve+1","True Grit+1","Demon Form","Metallicize","Flash of Steel","Fire Breathing","True Grit","Warcry+1"],"special_seed":0,"relics":["Calling Bell","Oddly Smooth Stone","Mummified Hand","Ice Cream","Happy Flower","Bag of Marbles","Sozu","Bag of Preparation","Self Forming Clay","Strawberry","Du-Vu Doll","Eternal Feather","Unceasing Top","Darkstone Periapt","Red Skull"],"potions_floor_usage":[23,25,30],"damage_taken":[{"damage":15,"enemies":"Jaw Worm","floor":1,"turns":7},{"damage":0,"enemies":"Cultist","floor":3,"turns":3},{"damage":0,"enemies":"Small Slimes","floor":5,"turns":2},{"damage":0,"enemies":"Looter","floor":7,"turns":2},{"damage":0,"enemies":"3 Louse","floor":8,"turns":4},{"damage":7,"enemies":"Lots of Slimes","floor":10,"turns":3},{"damage":14,"enemies":"Exordium Thugs","floor":11,"turns":4},{"damage":3,"enemies":"3 Sentries","floor":13,"turns":4},{"damage":5,"enemies":"Slime Boss","floor":16,"turns":7},{"damage":10,"enemies":"2 Thieves","floor":18,"turns":4},{"damage":0,"enemies":"3 Byrds","floor":21,"turns":4},{"damage":21,"enemies":"Slavers","floor":23,"turns":4},{"damage":15,"enemies":"Book of Stabbing","floor":25,"turns":4},{"damage":25,"enemies":"Slavers","floor":28,"turns":5},{"damage":1,"enemies":"Cultist and Chosen","floor":29,"turns":4},{"damage":35,"enemies":"Gremlin Leader","floor":30,"turns":4},{"damage":0,"enemies":"Colosseum Slavers","floor":31,"turns":4},{"damage":6,"enemies":"Champ","floor":33,"turns":9},{"damage":6,"enemies":"3 Shapes","floor":35,"turns":4},{"damage":9,"enemies":"3 Darklings","floor":36,"turns":5},{"damage":38,"enemies":"Nemesis","floor":40,"turns":7},{"damage":16,"enemies":"Jaw Worm Horde","floor":42,"turns":5},{"damage":27,"enemies":"Spire Growth","floor":44,"turns":4}],"seed_played":"-1231756765137242301","potions_obtained":[{"floor":3,"key":"EssenceOfSteel"},{"floor":7,"key":"Energy Potion"},{"floor":8,"key":"Block Potion"},{"floor":13,"key":"PowerPotion"}],"is_trial":false,"path_per_floor":["M","$","M","?","M","R","M","M","T","M","M","R","E","$","R","B",null,"M","$","?","M","?","E","R","E","T","R","E","M","E","?","R","B",null,"M","M","$","?","?","E","$","M","T","M"],"character_chosen":"IRONCLAD","items_purchased":["Inflame","Inflame","Unceasing Top","Metallicize","True Grit"],"campfire_rested":2,"item_purchase_floors":[2,19,37,37,41],"current_hp_per_floor":[65,65,65,65,65,65,65,65,65,58,44,44,41,41,41,36,80,70,70,70,70,70,49,49,34,34,58,40,39,4,4,30,24,87,81,72,72,72,72,34,34,18,18,0],"gold":254,"neow_bonus":"BOSS_RELIC","is_prod":false,"is_daily":false,"chose_seed":false,"campfire_upgraded":4,"win_rate":0,"timestamp":1550140988,"path_taken":["M","$","M","?","M","R","M","M","T","M","M","R","E","$","R","BOSS","M","$","?","?","?","E","R","E","T","R","E","M","E","?","R","BOSS","M","M","$","?","?","E","$","M","T","?"],"build_version":"2019-01-23","purchased_purges":3,"victory":false,"max_hp_per_floor":[80,80,80,80,80,80,80,80,80,80,80,80,80,80,80,80,80,80,80,80,80,80,80,80,80,80,80,87,87,87,87,87,87,87,87,87,87,87,87,87,87,87,87,87],"card_choices":[{"not_picked":["Power Through","Perfected Strike"],"picked":"Headbutt","floor":1},{"not_picked":["Shockwave","Cleave","Iron Wave"],"picked":"SKIP","floor":3},{"not_picked":["Body Slam","Pommel Strike"],"picked":"Cleave","floor":5},{"not_picked":["Wild Strike","Uppercut"],"picked":"Metallicize","floor":7},{"not_picked":["Dropkick","Thunderclap"],"picked":"Metallicize","floor":8},{"not_picked":["Thunderclap","Clash","Cleave"],"picked":"SKIP","floor":10},{"not_picked":["Clash","Uppercut"],"picked":"Pommel Strike","floor":11},{"not_picked":["Sever Soul","Anger","Body Slam"],"picked":"SKIP","floor":13},{"not_picked":["Berserk","Reaper"],"picked":"Impervious","floor":16},{"not_picked":["Cleave","Flex"],"picked":"Pommel Strike","floor":18},{"not_picked":["Spot Weakness","Sword Boomerang","Sentinel+1"],"picked":"SKIP","floor":21},{"not_picked":["Searing Blow+1","Sword Boomerang","Cleave"],"picked":"SKIP","floor":23},{"not_picked":["Shockwave","Blood for Blood","Combust"],"picked":"SKIP","floor":25},{"not_picked":["Flame Barrier","Feel No Pain","Wild Strike+1"],"picked":"SKIP","floor":28},{"not_picked":["Sword Boomerang+1","Thunderclap"],"picked":"Evolve+1","floor":29},{"not_picked":["Hemokinesis","Metallicize+1"],"picked":"True Grit+1","floor":30},{"not_picked":["Juggernaut","Dark Embrace"],"picked":"Demon Form","floor":33},{"not_picked":["Cleave","Iron Wave+1","Rage"],"picked":"SKIP","floor":35},{"not_picked":["Warcry","Flame Barrier","Thunderclap+1"],"picked":"SKIP","floor":36},{"not_picked":["Deep Breath","Purity"],"picked":"Flash of Steel","floor":38},{"not_picked":["Infernal Blade+1","Iron Wave+1"],"picked":"Fire Breathing","floor":40},{"not_picked":["Havoc+1","Perfected Strike"],"picked":"Warcry+1","floor":42}],"player_experience":86363,"relics_obtained":[{"floor":0,"key":"Oddly Smooth Stone"},{"floor":0,"key":"Mummified Hand"},{"floor":0,"key":"Ice Cream"},{"floor":9,"key":"Happy Flower"},{"floor":13,"key":"Bag of Marbles"},{"floor":23,"key":"Bag of Preparation"},{"floor":25,"key":"Self Forming Clay"},{"floor":28,"key":"Strawberry"},{"floor":30,"key":"Du-Vu Doll"},{"floor":40,"key":"Darkstone Periapt"},{"floor":43,"key":"Red Skull"}],"event_choices":[{"cards_removed":["Regret"],"damage_healed":0,"gold_gain":0,"player_choice":"Forget","damage_taken":0,"max_hp_gain":0,"max_hp_loss":0,"event_name":"Living Wall","floor":4,"gold_loss":0},{"damage_healed":0,"gold_gain":0,"cards_transformed":["Strike_R"],"player_choice":"Transformed","damage_taken":0,"max_hp_gain":0,"max_hp_loss":0,"event_name":"Transmorgrifier","floor":20,"gold_loss":0,"cards_obtained":["Dropkick"]},{"damage_healed":0,"gold_gain":0,"player_choice":"Read","damage_taken":0,"max_hp_gain":0,"max_hp_loss":0,"event_name":"The Library","floor":22,"gold_loss":0,"cards_obtained":["Clothesline"]},{"damage_healed":0,"gold_gain":0,"player_choice":"Fight","damage_taken":0,"max_hp_gain":0,"max_hp_loss":0,"event_name":"Colosseum","floor":31,"gold_loss":0},{"damage_healed":0,"gold_gain":0,"player_choice":"Fled From Nobs","damage_taken":0,"max_hp_gain":0,"max_hp_loss":0,"event_name":"Colosseum","floor":31,"gold_loss":0},{"damage_healed":0,"gold_gain":0,"player_choice":"Memory 1","damage_taken":0,"max_hp_gain":0,"max_hp_loss":0,"event_name":"SensoryStone","floor":38,"gold_loss":0},{"damage_healed":0,"gold_gain":300,"player_choice":"Gold","damage_taken":0,"max_hp_gain":0,"max_hp_loss":0,"event_name":"Wheel of Change","floor":39,"gold_loss":0}],"is_beta":false,"boss_relics":[{"not_picked":["Runic Cube","Mark of Pain"],"picked":"Sozu"},{"not_picked":["Tiny House","Orrery"],"picked":"Eternal Feather"}],"items_purged_floors":[2,14,41],"is_endless":false,"potions_floor_spawned":[3,7,8,10,13,16,25,29,30,31,33,42],"killed_by":"Spire Growth","ascension_level":1}