{"gold_per_floor":[361,376,391,391,391,423,423,439,439,456,246,246,246,14,14,92,92,70,70,70,70],"floor_reached":21,"playtime":2045,"items_purged":["Strike_B"],"score":344,"play_id":"ef55bd72-3621-4e4a-a22d-0c82bb49d30f","local_time":"20190130135111","is_ascension_mode":true,"campfire_choices":[{"data":"Zap","floor":7,"key":"SMITH"},{"floor":12,"key":"REST"},{"data":"Ball Lightning","floor":15,"key":"SMITH"}],"neow_cost":"CURSE","seed_source_timestamp":522103081900092,"circlet_count":0,"master_deck":["AscendersBane","Strike_B","Strike_B","Defend_B","Defend_B","Defend_B","Defend_B","Zap+1","Dualcast","Ball Lightning+1","Steam","Gash","Auto Shields","Sweeping Beam","Conserve Battery","Seek","Flechettes","Carnage","Poisoned Stab","Seek","Shame"],"relics":["Cracked Core","Spirit Poop","Gambling Chip","Nunchaku","PrismaticShard","PreservedInsect","Orrery","Pocketwatch"],"potions_floor_usage":[6,18],"damage_taken":[{"damage":1,"enemies":"Cultist","floor":1,"turns":3},{"damage":4,"enemies":"Small Slimes","floor":2,"turns":3},{"damage":3,"enemies":"2 Louse","floor":3,"turns":3},{"damage":35,"enemies":"3 Sentries","floor":6,"turns":8},{"damage":6,"enemies":"Looter","floor":8,"turns":3},{"damage":18,"enemies":"Large Slime","floor":10,"turns":4},{"damage":25,"enemies":"The Guardian","floor":16,"turns":12},{"damage":24,"enemies":"2 Thieves","floor":18,"turns":4},{"damage":35,"enemies":"3 Byrds","floor":21,"turns":3}],"seed_played":"-2226067112630711464","potions_obtained":[{"floor":1,"key":"Regen Potion"},{"floor":8,"key":"SteroidPotion"},{"floor":16,"key":"SkillPotion"}],"is_trial":false,"path_per_floor":["M","M","M","?","?","E","R","M","T","M","$","R","?","$","R","B",null,"M","?","?","M"],"character_chosen":"DEFECT","items_purchased":["PrismaticShard","PreservedInsect"],"campfire_rested":1,"item_purchase_floors":[11,14],"current_hp_per_floor":[63,59,56,71,71,51,51,45,45,27,27,48,48,48,48,23,59,35,35,35,0],"gold":70,"neow_bonus":"TWO_FIFTY_GOLD","is_prod":false,"is_daily":false,"chose_seed":false,"campfire_upgraded":2,"win_rate":0,"timestamp":1548874271,"path_taken":["M","?","M","?","?","E","R","M","T","?","?","R","?","$","R","BOSS","M","?","?","M"],"build_version":"2019-01-23","purchased_purges":1,"victory":false,"max_hp_per_floor":[71,71,71,71,71,71,71,71,71,71,71,71,71,71,71,71,71,71,71,71,71],"card_choices":[{"not_picked":["Go for the Eyes","Stack"],"picked":"Ball Lightning","floor":1},{"not_picked":["Hologram","Fusion"],"picked":"Steam","floor":2},{"not_picked":["Undo","Steam Power"],"picked":"Gash","floor":3},{"not_picked":["Double Energy","Hologram"],"picked":"Auto Shields","floor":6},{"not_picked":["Steam","Sunder"],"picked":"Sweeping Beam","floor":8},{"not_picked":["Hologram","Hello World"],"picked":"Conserve Battery","floor":10},{"not_picked":["Secret Technique","Brutality"],"picked":"Seek","floor":16},{"not_picked":["Chaos","Bane"],"picked":"Flechettes","floor":17},{"not_picked":["Steam","Warcry"],"picked":"Carnage","floor":17},{"not_picked":["Searing Blow","Compile Driver"],"picked":"Poisoned Stab","floor":17},{"not_picked":["Expertise","Compile Driver"],"picked":"Seek","floor":18}],"player_experience":2230967,"relics_obtained":[{"floor":6,"key":"Gambling Chip"},{"floor":9,"key":"Nunchaku"}],"event_choices":[{"damage_healed":23,"gold_gain":0,"player_choice":"Banana","damage_taken":0,"max_hp_gain":0,"max_hp_loss":0,"event_name":"Big Fish","floor":4,"gold_loss":0},{"cards_removed":["Shame"],"damage_healed":0,"gold_gain":0,"player_choice":"Offered Curse","damage_taken":0,"relics_obtained":["Spirit Poop"],"max_hp_gain":0,"max_hp_loss":0,"event_name":"Bonfire Elementals","floor":5,"gold_loss":0},{"cards_removed":["Strike_B"],"damage_healed":0,"gold_gain":0,"player_choice":"Forget","damage_taken":0,"max_hp_gain":0,"max_hp_loss":0,"event_name":"Living Wall","floor":13,"gold_loss":0},{"damage_healed":0,"gold_gain":0,"player_choice":"Ignored","damage_taken":0,"max_hp_gain":0,"max_hp_loss":0,"event_name":"Beggar","floor":19,"gold_loss":0},{"damage_healed":0,"gold_gain":0,"player_choice":"Stole Relic","damage_taken":0,"relics_obtained":["Pocketwatch"],"max_hp_gain":0,"max_hp_loss":0,"event_name":"Addict","floor":20,"gold_loss":0,"cards_obtained":["Shame"]}],"is_beta":false,"boss_relics":[{"not_picked":["Black Star","Empty Cage"],"picked":"Orrery"}],"items_purged_floors":[14],"is_endless":false,"potions_floor_spawned":[1,3,8,16],"killed_by":"3 Byrds","ascension_level":19}