{"gold_per_floor":[113,113,126,81,99,99,99,120,190,263,296,321,321,335,335,335],"floor_reached":16,"playtime":1750,"items_purged":[],"score":102,"play_id":"94496013-1e39-4c6b-acc1-035ada23e0b6","local_time":"20190105122327","is_ascension_mode":false,"campfire_choices":[{"data":"Seeing Red","floor":6,"key":"SMITH"},{"data":"Combust","floor":15,"key":"SMITH"}],"neow_cost":"PERCENT_DAMAGE","seed_source_timestamp":1299332623531454,"circlet_count":0,"master_deck":["Strike_R","Strike_R","Strike_R","Strike_R","Defend_R","Defend_R","Defend_R","Defend_R","Bash","Barricade+1","Pommel Strike","Metallicize","Seeing Red+1","Rampage","Warcry","Combust+1","Battle Trance","Bludgeon"],"relics":["Burning Blood","Golden Idol","Dodecahedron","PreservedInsect","FossilizedHelix"],"potions_floor_usage":[10,10,11,14,16],"damage_taken":[{"damage":1,"enemies":"2 Louse","floor":1,"turns":3},{"damage":3,"enemies":"Small Slimes","floor":3,"turns":3},{"damage":3,"enemies":"Jaw Worm","floor":5,"turns":6},{"damage":3,"enemies":"3 Louse","floor":8,"turns":4},{"damage":35,"enemies":"Lagavulin Event","floor":10,"turns":6},{"damage":3,"enemies":"Gremlin Nob","floor":11,"turns":4},{"damage":10,"enemies":"Red Slaver","floor":12,"turns":4},{"damage":7,"enemies":"Exordium Wildlife","floor":14,"turns":3},{"damage":43,"enemies":"The Guardian","floor":16,"turns":8}],"seed_played":"2713041355318055470","potions_obtained":[{"floor":3,"key":"FearPotion"},{"floor":8,"key":"Ancient Potion"},{"floor":10,"key":"SteroidPotion"},{"floor":11,"key":"Explosive Potion"},{"floor":12,"key":"Explosive Potion"}],"is_trial":false,"path_per_floor":["M","?","M","?","M","R","?","M","T","?","E","M","?","M","R","B"],"character_chosen":"IRONCLAD","items_purchased":[],"campfire_rested":0,"item_purchase_floors":[],"current_hp_per_floor":[61,61,64,64,67,67,67,70,70,41,44,40,40,39,39,0],"gold":335,"neow_bonus":"THREE_RARE_CARDS","is_prod":false,"is_daily":false,"chose_seed":false,"campfire_upgraded":2,"win_rate":0,"timestamp":1546719807,"path_taken":["M","?","M","?","M","R","?","M","T","?","E","?","?","M","R","BOSS"],"build_version":"2019-01-03v4","purchased_purges":0,"victory":false,"max_hp_per_floor":[80,80,80,80,80,80,74,74,74,74,74,74,74,74,74,74],"card_choices":[{"not_picked":["Berserk","Demon Form"],"picked":"Barricade","floor":0},{"not_picked":["True Grit","Clash"],"picked":"Pommel Strike","floor":1},{"not_picked":["Hemokinesis","Shockwave"],"picked":"Metallicize","floor":3},{"not_picked":["Fire Breathing","Twin Strike"],"picked":"Seeing Red","floor":5},{"not_picked":["Dual Wield","Heavy Blade"],"picked":"Rampage","floor":8},{"not_picked":["Clash","Uppercut"],"picked":"Warcry","floor":10},{"not_picked":["Anger","Dark Embrace"],"picked":"Combust","floor":11},{"not_picked":["Clash","Flex"],"picked":"Battle Trance","floor":12},{"not_picked":["Cleave","Armaments","Iron Wave"],"picked":"SKIP","floor":14}],"player_experience":54999,"relics_obtained":[{"floor":9,"key":"Dodecahedron"},{"floor":10,"key":"PreservedInsect"},{"floor":11,"key":"FossilizedHelix"}],"event_choices":[{"damage_healed":0,"gold_gain":0,"player_choice":"Grow","damage_taken":0,"max_hp_gain":0,"max_hp_loss":0,"event_name":"Living Wall","floor":2,"gold_loss":0,"cards_upgraded":["Barricade"]},{"damage_healed":0,"gold_gain":0,"player_choice":"Left Gold","damage_taken":0,"max_hp_gain":0,"max_hp_loss":0,"event_name":"World of Goop","floor":4,"gold_loss":45},{"damage_healed":0,"gold_gain":0,"player_choice":"Lose Max HP","damage_taken":0,"relics_obtained":["Golden Idol"],"max_hp_gain":0,"max_hp_loss":6,"event_name":"Golden Idol","floor":7,"gold_loss":0},{"damage_healed":0,"gold_gain":30,"player_choice":"Searched \u00273\u0027 times","damage_taken":0,"max_hp_gain":0,"max_hp_loss":0,"event_name":"Dead Adventurer","floor":10,"gold_loss":0},{"damage_healed":0,"gold_gain":0,"cards_transformed":["Strike_R"],"player_choice":"Transformed","damage_taken":0,"max_hp_gain":0,"max_hp_loss":0,"event_name":"Transmorgrifier","floor":13,"gold_loss":0,"cards_obtained":["Bludgeon"]}],"is_beta":false,"boss_relics":[],"items_purged_floors":[],"is_endless":false,"potions_floor_spawned":[3,8,10,11,12],"killed_by":"The Guardian","ascension_level":0}