{"gold_per_floor":[114,114,131,63,138,138,138,98,98,116,131,151,178,201,201,301,301,315,315,1,1,19,19,38,53,53,53,378,389,314,331,331,331],"floor_reached":33,"playtime":904,"items_purged":[],"score":292,"play_id":"0d9384b1-b93f-42b7-87cb-f63fd4a14b19","local_time":"20180724213448","is_ascension_mode":false,"campfire_choices":[{"data":"Blade Dance","floor":6,"key":"SMITH"},{"floor":15,"key":"REST"},{"data":"Accuracy","floor":23,"key":"SMITH"},{"floor":27,"key":"REST"},{"floor":32,"key":"REST"}],"neow_cost":"NONE","seed_source_timestamp":70553047004329,"circlet_count":0,"master_deck":["Survivor","Neutralize","Dash+1","Deadly Poison","Dagger Throw+1","Backflip","Bane","Slice","Dodge and Roll","Dagger Spray","Dagger Spray","Cloak And Dagger","Blade Dance+1","Masterful Stab+1","Blade Dance","Deadly Poison","Bane","Accuracy+1","Riddle With Holes","Glass Knife","Catalyst","Bite","Bite","Bite","Bite","Bite","Catalyst","Poisoned Stab","Masterful Stab+1","Catalyst+1","Poisoned Stab+1","Backstab"],"relics":["Pandora\u0027s Box","Meat on the Bone","Boot","Black Star","Mercury Hourglass","Whetstone","Old Coin","Gambling Chip"],"potions_floor_usage":[13,16,25,25,31,31,33],"damage_taken":[{"damage":1,"enemies":"Jaw Worm","floor":1,"turns":2},{"damage":0,"enemies":"Cultist","floor":3,"turns":2},{"damage":10,"enemies":"Small Slimes","floor":10,"turns":3},{"damage":10,"enemies":"Looter","floor":11,"turns":3},{"damage":9,"enemies":"Large Slime","floor":12,"turns":4},{"damage":21,"enemies":"Lagavulin","floor":13,"turns":4},{"damage":37,"enemies":"Hexaghost","floor":16,"turns":7},{"damage":21,"enemies":"2 Thieves","floor":18,"turns":3},{"damage":6,"enemies":"Chosen","floor":22,"turns":4},{"damage":33,"enemies":"Snake Plant","floor":24,"turns":4},{"damage":7,"enemies":"3 Cultists","floor":25,"turns":4},{"damage":54,"enemies":"Gremlin Leader","floor":28,"turns":7},{"damage":22,"enemies":"Chosen and Byrds","floor":29,"turns":5},{"damage":19,"enemies":"Sentry and Sphere","floor":31,"turns":5},{"damage":73,"enemies":"Champ","floor":33,"turns":8}],"seed_played":"-8215768209594063306","potions_obtained":[{"floor":3,"key":"SneckoOil"},{"floor":10,"key":"Poison Potion"},{"floor":13,"key":"SkillPotion"},{"floor":18,"key":"Explosive Potion"},{"floor":28,"key":"Explosive Potion"},{"floor":29,"key":"Block Potion"},{"floor":31,"key":"FearPotion"}],"is_trial":false,"path_per_floor":["M","?","M","$","?","R","?","$","T","M","M","M","E","T","R","B",null,"M","?","$","?","M","R","M","M","T","R","E","M","?","M","R"],"character_chosen":"THE_SILENT","items_purchased":["Masterful Stab","Blade Dance","Mercury Hourglass","Catalyst"],"campfire_rested":3,"item_purchase_floors":[4,8,20,20],"current_hp_per_floor":[69,70,70,70,59,59,59,59,59,49,39,42,33,33,54,31,70,49,49,49,49,45,45,32,39,39,60,28,22,22,23,44,0],"gold":331,"neow_bonus":"BOSS_RELIC","is_prod":false,"is_daily":false,"chose_seed":false,"campfire_upgraded":2,"win_rate":0,"timestamp":1532433888,"path_taken":["M","?","M","$","?","R","?","?","T","M","M","?","E","?","R","BOSS","M","?","$","?","M","R","M","M","T","R","E","?","?","M","R","BOSS"],"build_version":"2018-07-19v2","purchased_purges":0,"victory":false,"max_hp_per_floor":[70,70,70,70,70,70,70,70,70,70,70,70,70,70,70,70,70,70,70,70,70,70,70,70,70,70,70,70,70,70,70,70,70],"card_choices":[{"not_picked":["Concentrate","Reflex"],"picked":"Cloak And Dagger","floor":1},{"not_picked":["Deflect","Sucker Punch"],"picked":"Blade Dance","floor":3},{"not_picked":["Dodge and Roll","PiercingWail"],"picked":"Deadly Poison","floor":10},{"not_picked":["Acrobatics","Well Laid Plans"],"picked":"Bane","floor":11},{"not_picked":["Deadly Poison","Well Laid Plans"],"picked":"Accuracy","floor":12},{"not_picked":["Underhanded Strike","Deflect"],"picked":"Riddle With Holes","floor":13},{"not_picked":["Night Terror","Phantasmal Killer"],"picked":"Glass Knife","floor":16},{"not_picked":["Bane","Underhanded Strike"],"picked":"Catalyst","floor":18},{"not_picked":["Noxious Fumes","Bane"],"picked":"Poisoned Stab","floor":22},{"not_picked":["Deadly Poison","Outmaneuver"],"picked":"Masterful Stab+1","floor":24},{"not_picked":["Sucker Punch+1","Bane+1"],"picked":"Catalyst+1","floor":25},{"not_picked":["Prepared","Deadly Poison"],"picked":"Poisoned Stab+1","floor":28},{"not_picked":["Noxious Fumes","Caltrops","PiercingWail"],"picked":"SKIP","floor":29},{"not_picked":["Masterful Stab","Backflip"],"picked":"Backstab","floor":31}],"player_experience":250507,"relics_obtained":[{"floor":9,"key":"Meat on the Bone"},{"floor":13,"key":"Blood Vial"},{"floor":14,"key":"Boot"},{"floor":26,"key":"Whetstone"},{"floor":28,"key":"Old Coin"},{"floor":28,"key":"Gambling Chip"}],"event_choices":[{"event_name":"Wheel of Change","player_choice":"Full Heal","floor":2,"damage_taken":0},{"event_name":"World of Goop","player_choice":"Gather Gold","floor":5,"damage_taken":0},{"event_name":"Living Wall","player_choice":"Grow","floor":7,"damage_taken":0},{"event_name":"Vampires","player_choice":"Became a vampire (Vial)","floor":19,"damage_taken":0},{"event_name":"Addict","player_choice":"Ignored","floor":21,"damage_taken":0},{"event_name":"Beggar","player_choice":"Gave Gold","floor":30,"damage_taken":0}],"is_beta":false,"boss_relics":[{"not_picked":["White Beast Statue","Calling Bell"],"picked":"Black Star"}],"items_purged_floors":[],"is_endless":false,"potions_floor_spawned":[3,10,13,18,28,29,31],"killed_by":"Champ","ascension_level":0}