{"gold_per_floor":[118,137,151,165,185,213,213,288,288,320,15,27,27,46,46,148,148,162,162,182,182,281,307,307,326,326,340,340,358,370,370,370,474,474,488,488,200,220,31,31,31],"floor_reached":41,"playtime":2971,"items_purged":["Thunderclap"],"score":553,"play_id":"9136eb67-43aa-4cd5-b993-f7ece97fc1ae","local_time":"20190117200226","is_ascension_mode":true,"campfire_choices":[{"floor":7,"key":"REST"},{"data":"Uppercut","floor":15,"key":"SMITH"},{"floor":24,"key":"REST"},{"data":"Searing Blow","floor":32,"key":"SMITH"},{"floor":40,"key":"REST"}],"neow_cost":"NONE","seed_source_timestamp":755801061552224,"circlet_count":0,"master_deck":["Strike_R+1","Strike_R+1","Strike_R+1","Strike_R+1","Defend_R+1","Defend_R+1","Defend_R+1","Defend_R+1","Bash","Uppercut+1","Shrug It Off","Iron Wave","Twin Strike","Rampage","Inflame","Searing Blow+1","Impervious","Metallicize","Anger+1","Spot Weakness","Pommel Strike","Battle Trance","Double Tap","Uppercut+1","Metamorphosis"],"relics":["Burning Blood","Question Card","Ornamental Fan","Ancient Tea Set","Lantern","FossilizedHelix","Kunai","Girya"],"potions_floor_usage":[6,14,16,16,23,23,27,29,30,38],"damage_taken":[{"damage":0,"enemies":"Cultist","floor":1,"turns":4},{"damage":10,"enemies":"Jaw Worm","floor":2,"turns":6},{"damage":1,"enemies":"2 Louse","floor":3,"turns":3},{"damage":3,"enemies":"Looter","floor":4,"turns":5},{"damage":4,"enemies":"3 Louse","floor":5,"turns":4},{"damage":32,"enemies":"Lagavulin","floor":6,"turns":7},{"damage":21,"enemies":"3 Sentries","floor":10,"turns":11},{"damage":1,"enemies":"2 Fungi Beasts","floor":12,"turns":3},{"damage":0,"enemies":"Exordium Wildlife","floor":14,"turns":3},{"damage":34,"enemies":"Slime Boss","floor":16,"turns":10},{"damage":17,"enemies":"3 Byrds","floor":18,"turns":7},{"damage":5,"enemies":"Shell Parasite","floor":20,"turns":10},{"damage":38,"enemies":"Slavers","floor":23,"turns":9},{"damage":0,"enemies":"Cultist and Chosen","floor":25,"turns":7},{"damage":8,"enemies":"Shelled Parasite and Fungi","floor":27,"turns":7},{"damage":0,"enemies":"Centurion and Healer","floor":29,"turns":8},{"damage":14,"enemies":"Chosen and Byrds","floor":30,"turns":8},{"damage":48,"enemies":"Champ","floor":33,"turns":12},{"damage":18,"enemies":"3 Shapes","floor":35,"turns":6},{"damage":17,"enemies":"3 Darklings","floor":38,"turns":8},{"damage":81,"enemies":"Nemesis","floor":41,"turns":10}],"seed_played":"-3249748164942902487","potions_obtained":[{"floor":5,"key":"Strength Potion"},{"floor":10,"key":"Explosive Potion"},{"floor":12,"key":"GamblersBrew"},{"floor":14,"key":"BloodPotion"},{"floor":16,"key":"SpeedPotion"},{"floor":18,"key":"LiquidBronze"},{"floor":23,"key":"SkillPotion"},{"floor":25,"key":"Fire Potion"},{"floor":29,"key":"Weak Potion"},{"floor":35,"key":"Explosive Potion"}],"is_trial":false,"path_per_floor":["M","M","M","M","M","E","R","?","T","E","$","M","$","M","R","B",null,"M","?","M","?","?","E","R","M","T","M","?","M","M","?","R","B",null,"M","?","$","M","$","R","E"],"character_chosen":"IRONCLAD","items_purchased":["Inflame","Lantern","Girya","Metamorphosis"],"campfire_rested":3,"item_purchase_floors":[11,11,37,39],"current_hp_per_floor":[78,74,79,80,80,54,78,78,78,63,63,68,68,74,74,54,74,63,63,64,64,64,32,56,62,62,60,60,66,58,80,80,38,70,58,58,58,47,47,71,0],"gold":31,"neow_bonus":"REMOVE_CARD","is_prod":false,"is_daily":false,"chose_seed":false,"campfire_upgraded":2,"win_rate":0,"timestamp":1547776946,"path_taken":["M","M","M","M","?","E","R","?","T","E","$","M","$","M","R","BOSS","M","?","M","?","?","E","R","M","T","M","?","M","M","?","R","BOSS","M","?","$","?","$","R","E"],"build_version":"2019-01-16","purchased_purges":1,"victory":false,"max_hp_per_floor":[80,80,80,80,80,80,80,80,80,80,80,80,80,80,80,80,80,80,80,80,80,80,80,80,80,80,80,80,80,80,80,80,80,80,80,80,80,80,80,80,80],"card_choices":[{"not_picked":["Sword Boomerang","Burning Pact"],"picked":"Thunderclap","floor":1},{"not_picked":["Clothesline","Body Slam"],"picked":"Uppercut","floor":2},{"not_picked":["Barricade","Anger"],"picked":"Shrug It Off","floor":3},{"not_picked":["Disarm","Sentinel","Body Slam"],"picked":"SKIP","floor":4},{"not_picked":["Fiend Fire","Rage"],"picked":"Iron Wave","floor":5},{"not_picked":["Rupture","Heavy Blade"],"picked":"Twin Strike","floor":6},{"not_picked":["Anger","Intimidate","Second Wind"],"picked":"Rampage","floor":10},{"not_picked":["Heavy Blade","Twin Strike","Warcry"],"picked":"Searing Blow","floor":12},{"not_picked":["Reckless Charge","Havoc","Iron Wave","Hemokinesis"],"picked":"SKIP","floor":14},{"not_picked":["Dark Embrace","Barricade","Brutality"],"picked":"Impervious","floor":16},{"not_picked":["Rampage","Headbutt","Corruption+1"],"picked":"Metallicize","floor":18},{"not_picked":["Twin Strike","Sword Boomerang","Metallicize+1"],"picked":"Anger+1","floor":20},{"not_picked":["Impervious","Demon Form","Seeing Red+1"],"picked":"Spot Weakness","floor":23},{"not_picked":["Clothesline+1","Havoc","Seeing Red"],"picked":"Pommel Strike","floor":25},{"not_picked":["Perfected Strike+1","Uppercut+1","Cleave","Power Through"],"picked":"SKIP","floor":27},{"not_picked":["Armaments+1","Heavy Blade+1","Havoc","Anger"],"picked":"SKIP","floor":29},{"not_picked":["Corruption","Feel No Pain","Infernal Blade"],"picked":"Battle Trance","floor":30},{"not_picked":["Brutality","Bludgeon","Berserk"],"picked":"Double Tap","floor":33},{"not_picked":["Heavy Blade+1","Headbutt","Clash","Entrench+1"],"picked":"SKIP","floor":35},{"not_picked":["Metallicize","Ghostly Armor","Armaments","Double Tap"],"picked":"SKIP","floor":38}],"player_experience":607723,"relics_obtained":[{"floor":6,"key":"Question Card"},{"floor":9,"key":"Ornamental Fan"},{"floor":10,"key":"Ancient Tea Set"},{"floor":23,"key":"FossilizedHelix"},{"floor":26,"key":"Kunai"}],"event_choices":[{"damage_healed":0,"gold_gain":75,"player_choice":"Gained Gold","damage_taken":0,"max_hp_gain":0,"max_hp_loss":0,"event_name":"Golden Wing","floor":8,"gold_loss":0},{"damage_healed":0,"gold_gain":0,"player_choice":"Simplicity","damage_taken":0,"max_hp_gain":0,"max_hp_loss":0,"event_name":"Back to Basics","floor":19,"gold_loss":0,"cards_upgraded":["Strike_R","Strike_R","Strike_R","Strike_R","Defend_R","Defend_R","Defend_R","Defend_R"]},{"damage_healed":0,"gold_gain":0,"player_choice":"Ignored","damage_taken":0,"max_hp_gain":0,"max_hp_loss":0,"event_name":"Vampires","floor":21,"gold_loss":0},{"damage_healed":0,"gold_gain":99,"player_choice":"Stole From Cult","damage_taken":0,"max_hp_gain":0,"max_hp_loss":0,"event_name":"Nest","floor":22,"gold_loss":0},{"damage_healed":0,"gold_gain":0,"player_choice":"Ignored","damage_taken":0,"max_hp_gain":0,"max_hp_loss":0,"event_name":"Cursed Tome","floor":28,"gold_loss":0},{"damage_healed":26,"gold_gain":0,"player_choice":"Heal","damage_taken":0,"max_hp_gain":0,"max_hp_loss":0,"event_name":"The Library","floor":31,"gold_loss":0},{"damage_healed":0,"gold_gain":0,"player_choice":"Copied","damage_taken":0,"max_hp_gain":0,"max_hp_loss":0,"event_name":"Duplicator","floor":36,"gold_loss":0,"cards_obtained":["Uppercut"]}],"is_beta":true,"boss_relics":[{"not_picked":["Fusion Hammer","Coffee Dripper","Ectoplasm"]},{"not_picked":["Runic Cube","Philosopher\u0027s Stone","Snecko Eye"]}],"items_purged_floors":[11],"is_endless":false,"potions_floor_spawned":[5,10,12,14,16,18,23,25,29,35],"killed_by":"Nemesis","ascension_level":6}