{"gold_per_floor":[109,121,27,27,27,27,63,63,63,63,79,94,119,119,119,210,210,223,239,239,239],"floor_reached":21,"playtime":895,"items_purged":[],"score":313,"play_id":"730e3482-cb55-4382-ab9a-24247effb87b","local_time":"20180722162512","is_ascension_mode":true,"campfire_choices":[{"data":"Neutralize","floor":6,"key":"SMITH"},{"data":"Caltrops","floor":8,"key":"SMITH"},{"data":"Sucker Punch","floor":10,"key":"SMITH"},{"floor":15,"key":"REST"}],"neow_cost":"NONE","seed_source_timestamp":1010064572177777,"circlet_count":0,"master_deck":["Defend_G","Defend_G","Defend_G","Defend_G","Defend_G","Strike_G","Strike_G","Strike_G","Strike_G","Strike_G","Survivor","Neutralize+1","AscendersBane","Sucker Punch+1","Caltrops+1","Deflect","Endless Agony","Slice","Deflect","A Thousand Cuts","Deflect","Glass Knife","Cloak And Dagger"],"relics":["Ring of the Snake","Art of War","Golden Idol","The Courier","Strawberry","Sozu"],"potions_floor_usage":[7,16],"damage_taken":[{"damage":3,"enemies":"Cultist","floor":1,"turns":6},{"damage":2,"enemies":"2 Louse","floor":2,"turns":3},{"damage":31,"enemies":"3 Sentries","floor":7,"turns":11},{"damage":1,"enemies":"Jaw Worm","floor":11,"turns":3},{"damage":8,"enemies":"Looter","floor":12,"turns":3},{"damage":9,"enemies":"Lots of Slimes","floor":13,"turns":3},{"damage":28,"enemies":"Slime Boss","floor":16,"turns":13},{"damage":19,"enemies":"Shell Parasite","floor":18,"turns":6},{"damage":19,"enemies":"Spheric Guardian","floor":19,"turns":4},{"damage":20,"enemies":"Snake Plant","floor":21,"turns":4}],"seed_played":"8212994865306459803","potions_obtained":[{"floor":2,"key":"Fruit Juice"},{"floor":7,"key":"Swift Potion"},{"floor":11,"key":"LiquidBronze"}],"is_trial":false,"path_per_floor":["M","M","$","$","?","R","E","R","T","R","M","M","M","?","R","B",null,"M","M","?"],"character_chosen":"THE_SILENT","items_purchased":["Deflect","Endless Agony"],"campfire_rested":1,"item_purchase_floors":[3,3],"current_hp_per_floor":[56,54,54,54,54,54,28,28,35,35,34,26,17,17,38,10,57,38,19,19,0],"gold":239,"neow_bonus":"RANDOM_COMMON_RELIC","is_prod":false,"is_daily":false,"chose_seed":false,"campfire_upgraded":3,"win_rate":0,"timestamp":1532269512,"path_taken":["M","M","?","$","?","R","E","R","T","R","?","M","M","?","R","BOSS","M","M","?","M"],"build_version":"2018-07-19v2","purchased_purges":0,"victory":false,"max_hp_per_floor":[66,66,66,66,60,60,65,65,72,72,72,72,72,72,72,72,72,72,72,72,72],"card_choices":[{"not_picked":["Backflip","Bane"],"picked":"Sucker Punch","floor":1},{"not_picked":["Outmaneuver","Dodge and Roll"],"picked":"Caltrops","floor":2},{"not_picked":["Flechettes","Outmaneuver"],"picked":"Slice","floor":7},{"not_picked":["Underhanded Strike","Eviscerate"],"picked":"Deflect","floor":11},{"not_picked":["Sucker Punch","Quick Slash"],"picked":"A Thousand Cuts","floor":12},{"not_picked":["Reflex","Flying Knee"],"picked":"Deflect","floor":13},{"not_picked":["Tools of the Trade","Corpse Explosion"],"picked":"Glass Knife","floor":16},{"not_picked":["Setup","Dagger Spray+1"],"picked":"Cloak And Dagger","floor":18},{"not_picked":["Distraction","Acrobatics","Reflex"],"picked":"SKIP","floor":19}],"player_experience":1126553,"relics_obtained":[{"floor":7,"key":"The Courier"},{"floor":9,"key":"Strawberry"}],"event_choices":[{"event_name":"Golden Idol","player_choice":"Lose Max HP","floor":5,"damage_taken":0},{"event_name":"Scrap Ooze","player_choice":"unsuccessful","floor":14,"damage_taken":0},{"event_name":"Ghosts","player_choice":"Ignored","floor":20,"damage_taken":0}],"is_beta":false,"boss_relics":[{"not_picked":["HoveringKite","Fusion Hammer"],"picked":"Sozu"}],"items_purged_floors":[],"is_endless":false,"potions_floor_spawned":[2,7,11,13],"killed_by":"Snake Plant","ascension_level":15}