{"gold_per_floor":[112,127,52,68,78,78,78,78,78,108,126,136,169,184,184,184],"floor_reached":16,"playtime":613,"items_purged":["Defend_B"],"score":222,"play_id":"51106042-10d4-41c9-945d-5a96bcf767e8","local_time":"20190210235151","is_ascension_mode":true,"campfire_choices":[{"data":"Zap","floor":6,"key":"SMITH"},{"data":"Auto Shields","floor":8,"key":"SMITH"},{"data":"Defragment","floor":15,"key":"SMITH"}],"neow_cost":"NONE","seed_source_timestamp":1625738560135966,"circlet_count":0,"master_deck":["AscendersBane","Strike_B","Strike_B","Strike_B","Strike_B","Defend_B","Defend_B","Zap+1","Dualcast","Auto Shields+1","Cold Snap","Leap","Rip and Tear","Biased Cognition","Defragment+1","Capacitor"],"relics":["Cracked Core","Blood Vial","PreservedInsect","The Courier","Toxic Egg 2"],"potions_floor_usage":[10,11,13,16],"damage_taken":[{"damage":1,"enemies":"Cultist","floor":1,"turns":3},{"damage":7,"enemies":"2 Louse","floor":2,"turns":3},{"damage":2,"enemies":"Jaw Worm","floor":4,"turns":4},{"damage":5,"enemies":"2 Fungi Beasts","floor":5,"turns":4},{"damage":16,"enemies":"Lagavulin","floor":10,"turns":4},{"damage":0,"enemies":"Gremlin Gang","floor":11,"turns":3},{"damage":3,"enemies":"Red Slaver","floor":12,"turns":3},{"damage":19,"enemies":"3 Sentries","floor":13,"turns":5},{"damage":7,"enemies":"Blue Slaver","floor":14,"turns":3},{"damage":49,"enemies":"Slime Boss","floor":16,"turns":6}],"seed_played":"5921922309969315404","potions_obtained":[{"floor":5,"key":"Regen Potion"},{"floor":10,"key":"Fire Potion"},{"floor":11,"key":"SmokeBomb"},{"floor":12,"key":"Energy Potion"},{"floor":13,"key":"Dexterity Potion"}],"is_trial":false,"path_per_floor":["M","M","$","M","M","R","?","R","T","E","M","M","E","M","R","B"],"character_chosen":"DEFECT","items_purchased":[],"campfire_rested":0,"item_purchase_floors":[],"current_hp_per_floor":[65,60,60,60,57,57,57,57,57,55,57,56,39,34,34,0],"gold":184,"neow_bonus":"RANDOM_COMMON_RELIC","is_prod":false,"is_daily":false,"chose_seed":false,"campfire_upgraded":3,"win_rate":0,"timestamp":1549864311,"path_taken":["M","M","$","M","?","R","?","R","T","E","M","M","E","M","R","BOSS"],"build_version":"2019-02-06","purchased_purges":1,"victory":false,"max_hp_per_floor":[71,71,71,71,71,71,71,71,71,71,71,71,71,71,71,71],"card_choices":[{"not_picked":["Coolheaded","Chill"],"picked":"Auto Shields","floor":1},{"not_picked":["Hologram","Coolheaded"],"picked":"Cold Snap","floor":2},{"not_picked":["White Noise","Rebound"],"picked":"Leap","floor":4},{"not_picked":["Barrage","Beam Cell","Stack"],"picked":"SKIP","floor":5},{"not_picked":["Ball Lightning","Multi-Cast"],"picked":"Biased Cognition","floor":10},{"not_picked":["Doom and Gloom","Rip and Tear"],"picked":"Defragment","floor":11},{"not_picked":["Heatsinks","Genetic Algorithm","Compile Driver"],"picked":"SKIP","floor":12},{"not_picked":["Auto Shields","Ball Lightning","Fusion"],"picked":"SKIP","floor":13},{"not_picked":["Compile Driver","Go for the Eyes"],"picked":"Capacitor","floor":14}],"player_experience":805308,"relics_obtained":[{"floor":9,"key":"PreservedInsect"},{"floor":10,"key":"The Courier"},{"floor":13,"key":"Toxic Egg 2"}],"event_choices":[{"damage_healed":0,"gold_gain":0,"cards_transformed":["Defend_B"],"player_choice":"Transformed","damage_taken":0,"max_hp_gain":0,"max_hp_loss":0,"event_name":"Transmorgrifier","floor":7,"gold_loss":0,"cards_obtained":["Rip and Tear"]}],"is_beta":true,"boss_relics":[],"items_purged_floors":[3],"is_endless":false,"potions_floor_spawned":[5,10,11,12,13],"killed_by":"Slime Boss","ascension_level":19}