{"gold_per_floor":[115,134,134,152,152,178,178,29,29,46,75,21,31,49,49,147,147,166,181,181],"floor_reached":20,"playtime":2197,"items_purged":["Defend_G"],"score":242,"play_id":"b20516b2-b76f-42ef-9649-121a7bc750d2","local_time":"20180630081011","is_ascension_mode":true,"campfire_choices":[{"floor":7,"key":"REST"},{"floor":15,"key":"REST"}],"neow_cost":"","seed_source_timestamp":297006116592908,"circlet_count":0,"master_deck":["Defend_G","Defend_G","Defend_G","Defend_G","Strike_G","Strike_G","Strike_G","Strike_G","Strike_G","Survivor","Neutralize","Footwork+1","Well Laid Plans","Dash","Dash","Tools of the Trade","Backflip+1","Underhanded Strike","Storm of Steel+1","Cloak And Dagger+1"],"relics":["Ring of the Snake","Bottled Lightning","Mercury Hourglass","Toxic Egg 2","Black Star"],"potions_floor_usage":[11,16,18,20],"damage_taken":[{"damage":0,"enemies":"Small Slimes","floor":1,"turns":3},{"damage":13,"enemies":"Jaw Worm","floor":2,"turns":8},{"damage":0,"enemies":"2 Louse","floor":4,"turns":4},{"damage":48,"enemies":"Lagavulin","floor":6,"turns":15},{"damage":0,"enemies":"Looter","floor":10,"turns":3},{"damage":1,"enemies":"Gremlin Nob","floor":11,"turns":5},{"damage":12,"enemies":"Exordium Thugs","floor":13,"turns":6},{"damage":5,"enemies":"Lots of Slimes","floor":14,"turns":4},{"damage":26,"enemies":"Slime Boss","floor":16,"turns":9},{"damage":5,"enemies":"3 Byrds","floor":18,"turns":5},{"damage":9,"enemies":"Shell Parasite","floor":19,"turns":6},{"damage":48,"enemies":"Snecko","floor":20,"turns":6}],"seed_played":"6552324968614854336","potions_obtained":[{"floor":6,"key":"Dexterity Potion"},{"floor":10,"key":"PowerPotion"},{"floor":13,"key":"Ancient Potion"},{"floor":16,"key":"Energy Potion"},{"floor":19,"key":"LiquidBronze"}],"is_trial":false,"path_per_floor":["M","M","?","M","?","E","R","$","T","M","E","$","M","M","R","B",null,"M","M"],"character_chosen":"THE_SILENT","items_purchased":["Dash","Backflip+1"],"campfire_rested":2,"item_purchase_floors":[8,12],"current_hp_per_floor":[63,50,50,50,70,22,43,43,43,43,42,42,30,25,46,20,58,53,44,0],"gold":181,"neow_bonus":"","is_prod":false,"is_daily":false,"chose_seed":false,"campfire_upgraded":0,"win_rate":0,"timestamp":1530364211,"path_taken":["M","M","?","M","?","E","R","?","T","?","E","$","M","M","R","BOSS","M","?","M"],"build_version":"2018-06-29","purchased_purges":1,"victory":false,"max_hp_per_floor":[70,70,70,70,70,70,70,70,70,70,70,70,70,70,70,70,70,70,70,70],"card_choices":[{"not_picked":["Deflect","Dodge and Roll"],"picked":"Malaise","floor":1},{"not_picked":["Skewer","Sucker Punch"],"picked":"Footwork","floor":2},{"not_picked":["Finisher","Bane"],"picked":"Well Laid Plans","floor":4},{"not_picked":["Accuracy","Dagger Throw"],"picked":"Dash","floor":6},{"not_picked":["Underhanded Strike","Dodge and Roll","Poisoned Stab"],"picked":"SKIP","floor":10},{"not_picked":["Flechettes","Dagger Throw"],"picked":"Tools of the Trade","floor":11},{"not_picked":["Flying Knee","Prepared+1","Slice"],"picked":"SKIP","floor":13},{"not_picked":["Backstab","Flying Knee"],"picked":"Underhanded Strike","floor":14},{"not_picked":["Corpse Explosion","Envenom"],"picked":"Storm of Steel+1","floor":16},{"not_picked":["Caltrops+1","Dodge and Roll+1"],"picked":"Cloak And Dagger+1","floor":18},{"not_picked":["Deflect+1","Outmaneuver+1","Masterful Stab"],"picked":"SKIP","floor":19}],"player_experience":195612,"relics_obtained":[{"floor":6,"key":"Bottled Lightning"},{"floor":9,"key":"Mercury Hourglass"},{"floor":11,"key":"Toxic Egg 2"}],"event_choices":[{"event_name":"Living Wall","player_choice":"Grow","floor":3,"damage_taken":0},{"event_name":"Bonfire Elementals","player_choice":"UNCOMMON","floor":5,"damage_taken":0}],"boss_relics":[{"not_picked":["Sozu","Empty Cage"],"picked":"Black Star"}],"items_purged_floors":[8],"is_endless":false,"potions_floor_spawned":[6,10,13,16,19],"killed_by":"Snecko","ascension_level":6}