{"gold_per_floor":[114,129,144,13,28,28,58,58,58,88,103,118,133,148,148,248,248,263,278,143,143,158,158,188,188,263,263,278,278,278,293,293,393,393,408,1407,935,950,965,995,1010,1010,1060,1060,1060,1075,1075,1090,1090,1090],"floor_reached":51,"playtime":2087,"items_purged":["Normality"],"score":763,"play_id":"00a53f23-876e-430f-bdb8-e15c93afdd84","local_time":"20181030195113","daily_mods":["Chimera","Green Cards","Careless"],"is_ascension_mode":false,"campfire_choices":[{"data":"Bash","floor":6.0,"key":"SMITH"},{"data":"Inflame","floor":15.0,"key":"SMITH"},{"floor":23.0,"key":"REST"},{"floor":25.0,"key":"REST"},{"floor":32.0,"key":"REST"},{"floor":42,"key":"REST"},{"floor":45,"key":"REST"},{"floor":49,"key":"REST"}],"neow_cost":"","seed_source_timestamp":0,"circlet_count":0,"master_deck":["Bash+1","Survivor","Zap","Strike_R","Strike_G","Strike_B","Defend_R","Defend_G","Defend_B","Infinite Blades","Finisher","Thunderclap","Fiend Fire","Combust","Inflame+1","Poisoned Stab","Dagger Spray","Impervious","Quick Slash+1","Quick Slash+1","Immolate","Shrug It Off","Intimidate","Pommel Strike","Exhume","Riddle With Holes","Cloak And Dagger","Limit Break","Normality","Feel No Pain","Body Slam","Headbutt","Skewer","Noxious Fumes+1","Shrug It Off+1","Backstab","Dagger Throw+1"],"special_seed":17834,"relics":["Burning Blood","Lantern","Blue Candle","Question Card","Fusion Hammer","Juzu Bracelet","Kunai","Ice Cream","Runic Pyramid","Champion Belt","Thread and Needle","PreservedInsect","SsserpentHead"],"potions_floor_usage":[41,48],"damage_taken":[{"damage":10.0,"enemies":"Small Slimes","floor":1.0,"turns":3.0},{"damage":1.0,"enemies":"Cultist","floor":2.0,"turns":4.0},{"damage":7.0,"enemies":"2 Louse","floor":3.0,"turns":3.0},{"damage":3.0,"enemies":"Lots of Slimes","floor":5.0,"turns":2.0},{"damage":18.0,"enemies":"3 Sentries","floor":7.0,"turns":5.0},{"damage":14.0,"enemies":"Gremlin Nob","floor":10.0,"turns":3.0},{"damage":20.0,"enemies":"Gremlin Gang","floor":11.0,"turns":5.0},{"damage":0.0,"enemies":"Large Slime","floor":12.0,"turns":4.0},{"damage":12.0,"enemies":"2 Fungi Beasts","floor":13.0,"turns":4.0},{"damage":10.0,"enemies":"Looter","floor":14.0,"turns":2.0},{"damage":33.0,"enemies":"Hexaghost","floor":16.0,"turns":6.0},{"damage":21.0,"enemies":"Spheric Guardian","floor":18.0,"turns":4.0},{"damage":5.0,"enemies":"3 Byrds","floor":19.0,"turns":4.0},{"damage":25.0,"enemies":"Centurion and Healer","floor":22.0,"turns":5.0},{"damage":28.0,"enemies":"Slavers","floor":24.0,"turns":4.0},{"damage":5.0,"enemies":"Chosen and Byrds","floor":28.0,"turns":4.0},{"damage":12.0,"enemies":"Sentry and Sphere","floor":31.0,"turns":3.0},{"damage":57.0,"enemies":"Collector","floor":33.0,"turns":8.0},{"damage":19.0,"enemies":"3 Darklings","floor":35.0,"turns":4.0},{"damage":6.0,"enemies":"Orb Walker","floor":38.0,"turns":3.0},{"damage":25.0,"enemies":"4 Shapes","floor":39.0,"turns":2.0},{"damage":44,"enemies":"Reptomancer","floor":40,"turns":8},{"damage":0,"enemies":"3 Darklings","floor":41,"turns":4},{"damage":20,"enemies":"Transient","floor":46,"turns":5},{"damage":14,"enemies":"Maw","floor":48,"turns":8},{"damage":67,"enemies":"Time Eater","floor":50,"turns":9}],"seed_played":"-1635922721403175301","potions_obtained":[{"floor":1.0,"key":"GamblersBrew"},{"floor":10.0,"key":"Ancient Potion"},{"floor":12.0,"key":"AttackPotion"},{"floor":14.0,"key":"Energy Potion"},{"floor":18.0,"key":"Weak Potion"},{"floor":24.0,"key":"SkillPotion"},{"floor":38.0,"key":"SpeedPotion"}],"is_trial":false,"path_per_floor":["M","M","M","$","M","R","E","?","T","E","M","M","M","M","R","B",null,"M","M","$","?","M","R","E","R","T","$","M","?","?","M","R","B",null,"M","?","$","M","M","E","M","R","T","?","R","M","?","M","R","B"],"character_chosen":"IRONCLAD","items_purchased":["Finisher","Explosive Potion","Immolate","Feel No Pain","Champion Belt","Body Slam"],"campfire_rested":6,"item_purchase_floors":[4,4,20,37,37,37],"current_hp_per_floor":[76,80,79,79,80,80,68,68,68,60,46,52,46,42,42,15,80,65,66,66,51,32,57,35,60,60,60,61,61,61,55,80,29,85,72,72,72,72,53,15,21,46,46,46,71,57,57,49,74,13],"gold":1090,"neow_bonus":"","is_prod":false,"is_daily":true,"chose_seed":false,"campfire_upgraded":2,"win_rate":0,"timestamp":1540925473,"path_taken":["M","M","M","$","M","R","E","?","T","E","?","?","M","M","R","BOSS","M","?","$","?","M","R","E","R","T","?","M","?","?","M","R","BOSS","M","?","$","M","M","E","M","R","T","?","R","M","?","M","R","BOSS"],"build_version":"2018-10-25v2","purchased_purges":1,"victory":true,"max_hp_per_floor":[80,80,80,80,80,80,80,80,80,80,80,80,80,80,80,80,80,80,80,80,85,85,85,85,85,85,85,85,85,85,85,85,85,85,85,85,85,85,85,85,85,85,85,85,85,85,85,85,85,85],"card_choices":[{"not_picked":["Anger","Bane"],"picked":"Reflex","floor":1.0},{"not_picked":["Second Wind","Distraction"],"picked":"Wild Strike","floor":2.0},{"not_picked":["Rupture","Headbutt"],"picked":"Infinite Blades","floor":3.0},{"not_picked":["Underhanded Strike","Havoc"],"picked":"Thunderclap","floor":5.0},{"not_picked":["Poisoned Stab","Cloak And Dagger"],"picked":"Fiend Fire","floor":7.0},{"not_picked":["Sucker Punch","Poisoned Stab"],"picked":"Inflame","floor":10.0},{"not_picked":["Corruption","Twin Strike","Flex","Thunderclap"],"picked":"SKIP","floor":11.0},{"not_picked":["Body Slam","Tactician","Prepared","Backflip"],"picked":"SKIP","floor":12.0},{"not_picked":["Flying Knee","Blade Dance","Metallicize"],"picked":"Poisoned Stab","floor":13.0},{"not_picked":["Fiend Fire","Cloak And Dagger","Thunderclap"],"picked":"Dagger Spray","floor":14.0},{"not_picked":["Burst","Demon Form","Exhume"],"picked":"Impervious","floor":16.0},{"not_picked":["Headbutt","Thunderclap","Hemokinesis"],"picked":"Quick Slash+1","floor":18.0},{"not_picked":["Clothesline","True Grit","Deflect"],"picked":"Quick Slash+1","floor":19.0},{"not_picked":["Iron Wave","Dagger Throw+1","Cloak And Dagger"],"picked":"Shrug It Off","floor":22.0},{"not_picked":["Terror","Sucker Punch","Blood for Blood"],"picked":"Intimidate","floor":24.0},{"not_picked":["Bloodletting","Searing Blow","Metallicize"],"picked":"Pommel Strike","floor":28.0},{"not_picked":["Clothesline","Flying Knee+1","Tactician+1"],"picked":"Cloak And Dagger","floor":31.0},{"not_picked":["Doppelganger","Fiend Fire","Demon Form"],"picked":"Limit Break","floor":33.0},{"not_picked":["Prepared+1","Pommel Strike","Clash+1","Doppelganger"],"picked":"SKIP","floor":35.0},{"not_picked":["Quick Slash","Bouncing Flask+1","Bloodletting+1"],"picked":"Headbutt","floor":38.0},{"not_picked":["Headbutt","Fire Breathing","Slice"],"picked":"Skewer","floor":39.0},{"not_picked":["Catalyst","Endless Agony+1","Finisher+1"],"picked":"Noxious Fumes+1","floor":40},{"not_picked":["Bane+1","Tactician+1","Pummel"],"picked":"Shrug It Off+1","floor":41},{"not_picked":["Poisoned Stab","Heavy Blade","Searing Blow"],"picked":"Backstab","floor":46},{"not_picked":["Searing Blow+1","Hemokinesis","Poisoned Stab+1"],"picked":"Dagger Throw+1","floor":48}],"player_experience":1568376,"relics_obtained":[{"floor":7.0,"key":"Lantern"},{"floor":9.0,"key":"Blue Candle"},{"floor":10.0,"key":"Question Card"},{"floor":24.0,"key":"Juzu Bracelet"},{"floor":26.0,"key":"Kunai"},{"floor":40,"key":"Thread and Needle"},{"floor":43,"key":"PreservedInsect"}],"event_choices":[{"damage_healed":0.0,"max_hp_gain":0.0,"max_hp_loss":0.0,"gold_gain":0.0,"cards_transformed":["Reflex"],"event_name":"Transmorgrifier","player_choice":"Transformed","floor":8.0,"gold_loss":0.0,"damage_taken":0.0,"cards_obtained":["Combust"]},{"damage_healed":0.0,"max_hp_gain":5.0,"max_hp_loss":0.0,"gold_gain":0.0,"event_name":"Forgotten Altar","player_choice":"Shed Blood","floor":21.0,"gold_loss":0.0,"damage_taken":20.0},{"cards_removed":["Wild Strike"],"damage_healed":0.0,"max_hp_gain":0.0,"max_hp_loss":0.0,"gold_gain":0.0,"event_name":"WeMeetAgain","player_choice":"Gave Card","floor":29.0,"gold_loss":0.0,"damage_taken":0.0,"relics_obtained":["Ice Cream"]},{"damage_healed":0.0,"max_hp_gain":0.0,"max_hp_loss":0.0,"gold_gain":0.0,"event_name":"Match and Keep!","player_choice":"2 cards matched","floor":30.0,"gold_loss":0.0,"damage_taken":0.0,"cards_obtained":["Exhume","Riddle With Holes"]},{"damage_healed":0.0,"max_hp_gain":0.0,"max_hp_loss":0.0,"gold_gain":999.0,"event_name":"MindBloom","player_choice":"Gold","floor":36.0,"gold_loss":0.0,"damage_taken":0.0,"cards_obtained":["Normality","Normality"]},{"damage_healed":0,"gold_gain":0,"player_choice":"Ignored","damage_taken":0,"max_hp_gain":0,"max_hp_loss":0,"event_name":"Tomb of Lord Red Mask","floor":44,"gold_loss":0},{"damage_healed":0,"gold_gain":0,"player_choice":"Trade","damage_taken":0,"relics_obtained":["SsserpentHead"],"max_hp_gain":0,"max_hp_loss":0,"event_name":"FaceTrader","floor":47,"gold_loss":0}],"is_beta":false,"boss_relics":[{"not_picked":["Philosopher\u0027s Stone","Tiny House"],"picked":"Fusion Hammer"},{"not_picked":["Black Star","Eternal Feather"],"picked":"Runic Pyramid"}],"items_purged_floors":[37],"is_endless":false,"potions_floor_spawned":[1,10,12,14,18,24,31,38,39],"ascension_level":0}