{"gold_per_floor":[115,290,290,10,29,55,55,65,65,65,65,99,111,140,140,212,212,230,243,168,68,68,68,98,98,122,140,140],"floor_reached":28,"playtime":953,"items_purged":["Doubt","Strike_R"],"score":474,"play_id":"04cb5493-4375-4a6e-8c01-bc0a7593db13","local_time":"20190118122516","is_ascension_mode":true,"campfire_choices":[{"data":"Perfected Strike","floor":7,"key":"SMITH"},{"data":"Limit Break","floor":10,"key":"SMITH"},{"floor":15,"key":"REST"},{"floor":23,"key":"REST"},{"floor":25,"key":"REST"}],"neow_cost":"NONE","seed_source_timestamp":103695125831200,"circlet_count":0,"master_deck":["AscendersBane","Strike_R","Strike_R","Strike_R","Defend_R","Defend_R","Defend_R","Defend_R","Bash","Limit Break+1","Feel No Pain","Anger","Flex","Thunderclap","Flex","Double Tap","Ghostly Armor+1","Spot Weakness","Clash","Seeing Red"],"relics":["Burning Blood","NeowsBlessing","Lee\u0027s Waffle","Sundial","Unceasing Top","Dodecahedron","Self Forming Clay","Boot","Sozu","Singing Bowl"],"potions_floor_usage":[12,13,14,16],"damage_taken":[{"damage":0,"enemies":"Small Slimes","floor":1,"turns":1},{"damage":0,"enemies":"Jaw Worm","floor":5,"turns":1},{"damage":0,"enemies":"3 Sentries","floor":6,"turns":1},{"damage":0,"enemies":"Cultist","floor":8,"turns":2},{"damage":38,"enemies":"Lagavulin","floor":12,"turns":7},{"damage":0,"enemies":"3 Louse","floor":13,"turns":1},{"damage":24,"enemies":"Gremlin Nob","floor":14,"turns":4},{"damage":15,"enemies":"Slime Boss","floor":16,"turns":7},{"damage":12,"enemies":"Chosen","floor":18,"turns":3},{"damage":24,"enemies":"3 Byrds","floor":19,"turns":5},{"damage":69,"enemies":"Gremlin Leader","floor":24,"turns":7},{"damage":29,"enemies":"Sentry and Sphere","floor":27,"turns":5},{"damage":14,"enemies":"Centurion and Healer","floor":28,"turns":3}],"seed_played":"-8044920682108165420","potions_obtained":[{"floor":6,"key":"Block Potion"},{"floor":12,"key":"Explosive Potion"},{"floor":13,"key":"Poison Potion"},{"floor":14,"key":"PowerPotion"}],"is_trial":false,"path_per_floor":["M","?","$","$","M","E","R","M","T","R","?","E","M","E","R","B",null,"M","M","?","$","?","R","E","R","T","M","M"],"character_chosen":"IRONCLAD","items_purchased":["Lee\u0027s Waffle"],"campfire_rested":3,"item_purchase_floors":[4],"current_hp_per_floor":[74,74,74,82,82,82,82,82,82,82,75,43,49,31,55,46,73,67,49,49,49,49,73,10,34,34,13,0],"gold":140,"neow_bonus":"THREE_ENEMY_KILL","is_prod":false,"is_daily":false,"chose_seed":false,"campfire_upgraded":2,"win_rate":0,"timestamp":1547832316,"path_taken":["M","?","?","$","?","E","R","M","T","R","?","E","M","E","R","BOSS","M","M","?","$","?","R","E","R","T","M","M"],"build_version":"2019-01-17v2","purchased_purges":2,"victory":false,"max_hp_per_floor":[75,75,75,82,82,82,82,82,82,82,82,82,82,82,82,82,82,82,82,82,82,82,82,82,82,82,84,84],"card_choices":[{"not_picked":["Flex","Warcry"],"picked":"Perfected Strike","floor":1},{"not_picked":["Body Slam","Evolve","Limit Break"],"picked":"SKIP","floor":5},{"not_picked":["Body Slam","Evolve"],"picked":"Limit Break","floor":5},{"not_picked":["Impervious","Body Slam"],"picked":"Feel No Pain","floor":6},{"not_picked":["Havoc","Warcry"],"picked":"Anger","floor":8},{"not_picked":["Rupture","Fire Breathing"],"picked":"Flex","floor":12},{"not_picked":["Armaments","Cleave"],"picked":"Thunderclap","floor":13},{"not_picked":["Uppercut","Corruption"],"picked":"Flex","floor":14},{"not_picked":["Brutality","Juggernaut"],"picked":"Double Tap","floor":16},{"not_picked":["Heavy Blade","Clothesline+1"],"picked":"Ghostly Armor+1","floor":18},{"not_picked":["Twin Strike","Feel No Pain"],"picked":"Spot Weakness","floor":19},{"not_picked":["Thunderclap","Ghostly Armor"],"picked":"Seeing Red","floor":24},{"not_picked":["Warcry","Cleave","Perfected Strike"],"picked":"Singing Bowl","floor":27}],"player_experience":2154592,"relics_obtained":[{"floor":6,"key":"Sundial"},{"floor":9,"key":"Unceasing Top"},{"floor":12,"key":"Self Forming Clay"},{"floor":14,"key":"Boot"},{"floor":24,"key":"Singing Bowl"}],"event_choices":[{"damage_healed":0,"gold_gain":175,"player_choice":"AGREE","damage_taken":0,"max_hp_gain":0,"max_hp_loss":0,"event_name":"Liars Game","floor":2,"gold_loss":0,"cards_obtained":["Doubt"]},{"damage_healed":0,"gold_gain":0,"player_choice":"Success","damage_taken":7,"relics_obtained":["Dodecahedron"],"max_hp_gain":0,"max_hp_loss":0,"event_name":"Scrap Ooze","floor":11,"gold_loss":0},{"cards_removed":["Strike_R"],"damage_healed":0,"gold_gain":0,"player_choice":"Gave Gold","damage_taken":0,"max_hp_gain":0,"max_hp_loss":0,"event_name":"Beggar","floor":20,"gold_loss":75},{"damage_healed":0,"gold_gain":0,"cards_transformed":["Perfected Strike"],"player_choice":"Transformed","damage_taken":0,"max_hp_gain":0,"max_hp_loss":0,"event_name":"Transmorgrifier","floor":22,"gold_loss":0,"cards_obtained":["Clash"]}],"is_beta":false,"boss_relics":[{"not_picked":["Empty Cage","Fusion Hammer"],"picked":"Sozu"}],"items_purged_floors":[4,21],"is_endless":false,"potions_floor_spawned":[6,12,13,14,27],"killed_by":"Centurion and Healer","ascension_level":14}