{"gold_per_floor":[15,32,47,60,76,106,124,124,124,155,0,27,27,27,27,123,123,141,154,43,53,69,69,69],"floor_reached":24,"playtime":2147,"items_purged":["Strike_G"],"score":351,"play_id":"2b3ecabe-183b-439d-97a7-38124b5d6d60","local_time":"20180716225044","is_ascension_mode":true,"campfire_choices":[{"data":"Neutralize","floor":8,"key":"SMITH"},{"floor":13,"key":"REST"},{"data":"Envenom","floor":15,"key":"SMITH"},{"floor":23,"key":"REST"}],"neow_cost":"NO_GOLD","seed_source_timestamp":433670065965350,"circlet_count":0,"master_deck":["Defend_G","Defend_G","Defend_G","Defend_G","Strike_G","Strike_G","Survivor","Neutralize+1","Dagger Spray","Sucker Punch","Infinite Blades","Blade Dance","Dagger Spray","Backflip","Noxious Fumes","Adrenaline","Envenom+1","Envenom","Deflect+1","Finisher+1","Outmaneuver+1","Acrobatics","Dodge and Roll+1","Caltrops","Backflip+1","Skewer+1"],"relics":["Ring of the Snake","Oddly Smooth Stone","Ornamental Fan","Mercury Hourglass","Boot","Gremlin Horn","Astrolabe"],"potions_floor_usage":[5,6,12,18,19,22,24],"damage_taken":[{"damage":0,"enemies":"Cultist","floor":1,"turns":5},{"damage":10,"enemies":"Jaw Worm","floor":2,"turns":6},{"damage":0,"enemies":"2 Louse","floor":3,"turns":3},{"damage":3,"enemies":"Exordium Thugs","floor":4,"turns":4},{"damage":2,"enemies":"Exordium Wildlife","floor":5,"turns":3},{"damage":17,"enemies":"Gremlin Nob","floor":6,"turns":4},{"damage":0,"enemies":"2 Fungi Beasts","floor":7,"turns":4},{"damage":18,"enemies":"3 Sentries","floor":10,"turns":8},{"damage":2,"enemies":"Gremlin Nob","floor":12,"turns":3},{"damage":0,"enemies":"Slime Boss","floor":16,"turns":8},{"damage":4,"enemies":"Shell Parasite","floor":18,"turns":5},{"damage":12,"enemies":"2 Thieves","floor":19,"turns":3},{"damage":28,"enemies":"Snecko","floor":21,"turns":6},{"damage":14,"enemies":"Slaver and Parasite","floor":22,"turns":7},{"damage":47,"enemies":"Slavers","floor":24,"turns":3}],"seed_played":"-7040501711644975464","potions_obtained":[{"floor":4,"key":"Swift Potion"},{"floor":5,"key":"LiquidBronze"},{"floor":7,"key":"Poison Potion"},{"floor":14,"key":"Poison Potion"},{"floor":14,"key":"Fire Potion"},{"floor":14,"key":"SneckoOil"},{"floor":18,"key":"Block Potion"}],"is_trial":false,"path_per_floor":["M","M","M","M","M","E","M","R","T","E","$","E","R","?","R","B",null,"M","M","$","M","M","R"],"character_chosen":"THE_SILENT","items_purchased":["Boot","Caltrops"],"campfire_rested":2,"item_purchase_floors":[11,20],"current_hp_per_floor":[77,67,67,64,62,45,45,45,45,27,27,25,50,50,50,50,76,72,60,60,32,18,43,0],"gold":69,"neow_bonus":"TWENTY_PERCENT_HP_BONUS","is_prod":false,"is_daily":false,"chose_seed":false,"campfire_upgraded":2,"win_rate":0,"timestamp":1531747244,"path_taken":["M","?","M","M","M","E","M","R","T","E","$","E","R","?","R","BOSS","M","M","$","M","M","R","E"],"build_version":"2018-07-12","purchased_purges":1,"victory":false,"max_hp_per_floor":[84,84,84,84,84,84,84,84,84,84,84,84,84,84,84,84,84,84,84,84,84,84,84,84],"card_choices":[{"not_picked":["Cloak And Dagger","Choke"],"picked":"Dagger Spray","floor":1},{"not_picked":["Dodge and Roll","Eviscerate"],"picked":"Sucker Punch","floor":2},{"not_picked":["Dagger Throw","PiercingWail"],"picked":"Infinite Blades","floor":3},{"not_picked":["Outmaneuver","Deflect"],"picked":"Blade Dance","floor":4},{"not_picked":["Quick Slash","PiercingWail"],"picked":"Dagger Spray","floor":5},{"not_picked":["Acrobatics","Prepared"],"picked":"Backflip","floor":6},{"not_picked":["Underhanded Strike","Concentrate"],"picked":"Noxious Fumes","floor":7},{"not_picked":["Cloak And Dagger","Catalyst"],"picked":"Adrenaline","floor":10},{"not_picked":["Dagger Throw","Setup"],"picked":"Envenom","floor":12},{"not_picked":["Phantasmal Killer","Grand Finale"],"picked":"Envenom","floor":16},{"not_picked":["Deflect","Dash"],"picked":"Acrobatics","floor":18},{"not_picked":["Finisher","PiercingWail"],"picked":"Dodge and Roll+1","floor":19},{"not_picked":["Quick Slash","All Out Attack"],"picked":"Backflip+1","floor":21},{"not_picked":["Underhanded Strike","Bane+1"],"picked":"Skewer+1","floor":22}],"player_experience":164692,"relics_obtained":[{"floor":6,"key":"Oddly Smooth Stone"},{"floor":9,"key":"Ornamental Fan"},{"floor":10,"key":"Mercury Hourglass"},{"floor":12,"key":"Gremlin Horn"}],"event_choices":[{"event_name":"The Lab","player_choice":"Got Potions","floor":14,"damage_taken":0}],"boss_relics":[{"not_picked":["Cursed Key","Philosopher\u0027s Stone"],"picked":"Astrolabe"}],"items_purged_floors":[20],"is_endless":false,"potions_floor_spawned":[4,5,7,18],"killed_by":"Slavers","ascension_level":6}