{"path_per_floor":["M","?","M","?","M","R","M","M","T","R","?","M","T","M","R","B",null,"M","$","$","?","M","M","R","?","T","M","M"],"character_chosen":"DEFECT","items_purchased":["Calipers"],"gold_per_floor":[117,117,137,137,148,148,165,185,264,264,264,278,303,318,318,414,414,428,49,49,49,62,81,81,6,6,26,45,45],"floor_reached":29,"campfire_rested":2,"playtime":1660,"item_purchase_floors":[19],"current_hp_per_floor":[62,62,56,56,51,51,51,51,51,51,51,46,46,45,65,39,61,53,53,53,53,46,25,45,45,45,30,23,0],"items_purged":["Defend_B"],"gold":45,"score":285,"play_id":"e43d70b8-ffbf-4047-a24b-c2f37d8e34bb","local_time":"20180621215607","is_prod":false,"is_daily":false,"chose_seed":false,"is_ascension_mode":true,"campfire_upgraded":2,"win_rate":0,"timestamp":1529632567,"campfire_choices":[{"data":"Zap","floor":6,"key":"SMITH"},{"data":"Genetic Algorithm","floor":10,"key":"SMITH"},{"floor":15,"key":"REST"},{"floor":24,"key":"REST"}],"path_taken":["M","?","M","?","M","R","M","M","T","R","?","M","?","M","R","BOSS","M","?","$","?","?","M","R","?","T","M","M","M"],"build_version":"2018-06-14v2","seed_source_timestamp":670196973898125,"purchased_purges":1,"victory":false,"master_deck":["Strike_B","Strike_B+1","Defend_B","Defend_B","Zap+1","Dualcast","Glacier","Chaos","Cold Snap+1","Genetic Algorithm+1","Darkness+1","Leap+1","Echo Form","Leap+1"],"max_hp_per_floor":[68,68,68,68,68,68,68,68,68,68,68,68,68,68,68,68,68,68,68,68,68,68,68,68,68,68,68,68,68],"relics":["Cracked Core","Incense Burner","Toxic Egg 2","Whetstone","Fusion Hammer","Calipers","Peace Pipe"],"card_choices":[{"not_picked":["Compile Driver","Barrage"],"picked":"Glacier","floor":1},{"not_picked":["Conserve Battery","Leap"],"picked":"Chaos","floor":3},{"not_picked":["Stack","Aggregate"],"picked":"Cold Snap","floor":5},{"not_picked":["Barrage","Hello World","Conserve Battery"],"picked":"SKIP","floor":7},{"not_picked":["Ball Lightning","Undo"],"picked":"Genetic Algorithm","floor":8},{"not_picked":["Go for the Eyes","Static Discharge"],"picked":"Darkness+1","floor":12},{"not_picked":["Biased Cognition","Compile Driver"],"picked":"Leap+1","floor":14},{"not_picked":["Seek+1","Biased Cognition"],"picked":"Echo Form","floor":16},{"not_picked":["Rip and Tear","Cold Snap","Streamline"],"picked":"SKIP","floor":18},{"not_picked":["Go for the Eyes","Sweeping Beam","Ball Lightning"],"picked":"SKIP","floor":22},{"not_picked":["Compile Driver+1","Streamline","Force Field+1"],"picked":"SKIP","floor":23},{"not_picked":["Static Discharge","FTL"],"picked":"Leap+1","floor":27},{"not_picked":["Ball Lightning","Sweeping Beam","Hyperbeam"],"picked":"SKIP","floor":28}],"player_experience":689120,"potions_floor_usage":[8,12,22,28],"damage_taken":[{"damage":6,"enemies":"2 Louse","floor":1,"turns":2},{"damage":6,"enemies":"Cultist","floor":3,"turns":4},{"damage":5,"enemies":"Small Slimes","floor":5,"turns":5},{"damage":0,"enemies":"Blue Slaver","floor":7,"turns":4},{"damage":0,"enemies":"2 Fungi Beasts","floor":8,"turns":2},{"damage":5,"enemies":"3 Louse","floor":12,"turns":4},{"damage":1,"enemies":"Looter","floor":14,"turns":3},{"damage":26,"enemies":"The Guardian","floor":16,"turns":12},{"damage":8,"enemies":"Shell Parasite","floor":18,"turns":6},{"damage":7,"enemies":"Chosen","floor":22,"turns":6},{"damage":21,"enemies":"3 Cultists","floor":23,"turns":6},{"damage":15,"enemies":"Sentry and Sphere","floor":27,"turns":7},{"damage":7,"enemies":"Centurion and Healer","floor":28,"turns":6},{"damage":24,"enemies":"Snake Plant","floor":29,"turns":2}],"relics_obtained":[{"floor":9,"key":"Toxic Egg 2"},{"floor":13,"key":"Whetstone"},{"floor":26,"key":"Peace Pipe"}],"event_choices":[{"event_name":"Accursed Blacksmith","player_choice":"Ignore","floor":2,"damage_taken":0},{"event_name":"Liars Game","player_choice":"disagreed","floor":4,"damage_taken":0},{"event_name":"Living Wall","player_choice":"Forget","floor":11,"damage_taken":0},{"event_name":"Purifier","player_choice":"One Purge","floor":21,"damage_taken":0},{"event_name":"Beggar","player_choice":"Gave Gold","floor":25,"damage_taken":0}],"boss_relics":[{"not_picked":["Runic Pyramid","Runic Dome"],"picked":"Fusion Hammer"}],"items_purged_floors":[19],"is_endless":false,"potions_floor_spawned":[5,8,12,16,23,28],"seed_played":"4406398721677043129","killed_by":"Snake Plant","ascension_level":6,"potions_obtained":[{"floor":5,"key":"Explosive Potion"},{"floor":8,"key":"AttackPotion"},{"floor":12,"key":"Swift Potion"},{"floor":16,"key":"LiquidBronze"},{"floor":23,"key":"LiquidBronze"},{"floor":28,"key":"Poison Potion"}],"is_trial":false}