{"path_per_floor":["M","?","?","$","M","R","$","M","T","$","R","M","?","M","R","B",null,"M","?","?","M","M","R","$","R","T","M","?","R","M","M","R"],"character_chosen":"IRONCLAD","items_purchased":["Havoc","Feel No Pain"],"gold_per_floor":[113,113,113,59,73,73,4,20,20,20,20,36,36,50,50,175,175,200,200,125,99,113,113,113,113,113,128,43,43,62,86,86,86],"floor_reached":33,"campfire_rested":5,"playtime":1391,"item_purchase_floors":[4,7],"current_hp_per_floor":[80,73,57,57,65,65,65,71,71,71,71,75,55,58,82,18,82,63,63,63,48,27,51,51,75,75,35,35,60,65,44,70,0],"items_purged":[],"gold":86,"score":237,"play_id":"248c08e2-913e-4122-8c21-b64354081d88","local_time":"20180529230641","is_prod":false,"is_daily":false,"chose_seed":false,"is_ascension_mode":false,"campfire_upgraded":2,"win_rate":0.0,"timestamp":1527653201,"campfire_choices":[{"data":"Havoc","floor":6,"key":"SMITH"},{"data":"Havoc","floor":11,"key":"SMITH"},{"floor":15,"key":"REST"},{"floor":23,"key":"REST"},{"floor":25,"key":"REST"},{"floor":29,"key":"REST"},{"floor":32,"key":"REST"}],"path_taken":["M","?","?","$","M","R","$","M","T","$","R","M","?","M","R","BOSS","M","?","?","M","?","R","?","R","T","M","?","R","M","M","R","BOSS"],"build_version":"2018-05-28","seed_source_timestamp":597363357005646,"purchased_purges":0,"victory":false,"master_deck":["Strike_R","Strike_R","Strike_R","Strike_R","Defend_R+1","Defend_R","Defend_R","Defend_R+1","Bash+1","Shrug It Off","Havoc+1","Feel No Pain","Havoc+1","Anger","Bloodletting","Dark Embrace","Disarm","Corruption+1","Warcry"],"max_hp_per_floor":[80,80,80,80,82,82,82,82,82,82,82,82,82,82,82,82,82,82,82,82,82,82,82,82,82,82,84,84,84,86,88,88,88],"relics":["Burning Blood","Singing Bowl","Ancient Tea Set","Golden Idol","Runic Cube","Pantograph","Bag of Preparation"],"card_choices":[{"not_picked":["Headbutt","Pommel Strike"],"picked":"Shrug It Off","floor":1},{"not_picked":["Armaments","Iron Wave","Infernal Blade"],"picked":"Singing Bowl","floor":5},{"not_picked":["Hemokinesis","Battle Trance"],"picked":"Havoc","floor":8},{"not_picked":["Twin Strike","Pommel Strike"],"picked":"Anger","floor":12},{"not_picked":["Cleave","Flex"],"picked":"Bloodletting","floor":14},{"not_picked":["Fiend Fire","Berserk"],"picked":"Dark Embrace","floor":16},{"not_picked":["Cleave","Clothesline"],"picked":"Disarm","floor":18},{"not_picked":["Wild Strike+1","Searing Blow"],"picked":"Corruption+1","floor":21},{"not_picked":["Carnage","Iron Wave"],"picked":"Warcry","floor":22},{"not_picked":["Wild Strike","Spot Weakness+1","Pommel Strike"],"picked":"Singing Bowl","floor":27},{"not_picked":["Juggernaut","Fire Breathing","Sword Boomerang"],"picked":"Singing Bowl","floor":30},{"not_picked":["Pommel Strike+1","Headbutt","Dual Wield"],"picked":"Singing Bowl","floor":31}],"player_experience":158866,"potions_floor_usage":[16,31,33],"damage_taken":[{"damage":6,"enemies":"Jaw Worm","floor":1,"turns":4},{"damage":0,"enemies":"Small Slimes","floor":5,"turns":3},{"damage":0,"enemies":"2 Louse","floor":8,"turns":4},{"damage":2,"enemies":"Looter","floor":12,"turns":3},{"damage":3,"enemies":"3 Louse","floor":14,"turns":4},{"damage":70,"enemies":"The Guardian","floor":16,"turns":12},{"damage":25,"enemies":"Shell Parasite","floor":18,"turns":6},{"damage":21,"enemies":"2 Thieves","floor":21,"turns":5},{"damage":27,"enemies":"Snake Plant","floor":22,"turns":6},{"damage":48,"enemies":"Centurion and Healer","floor":27,"turns":8},{"damage":3,"enemies":"Snecko","floor":30,"turns":5},{"damage":29,"enemies":"Slaver and Parasite","floor":31,"turns":6},{"damage":94,"enemies":"Automaton","floor":33,"turns":8}],"relics_obtained":[{"floor":9,"key":"Ancient Tea Set"},{"floor":26,"key":"Pantograph"}],"event_choices":[{"event_name":"Scrap Ooze","player_choice":"success","floor":2,"damage_taken":7},{"event_name":"Shining Light","player_choice":"Entered Light","floor":3,"damage_taken":0},{"event_name":"Golden Idol","player_choice":"Take Damage","floor":13,"damage_taken":0},{"event_name":"Ghosts","player_choice":"Ignored","floor":19,"damage_taken":0},{"event_name":"Beggar","player_choice":"Gave Gold","floor":20,"damage_taken":0},{"event_name":"Addict","player_choice":"Obtained Relic","floor":28,"damage_taken":0}],"boss_relics":[{"not_picked":["Lizard Tail","Cursed Key"],"picked":"Runic Cube"}],"items_purged_floors":[],"potions_floor_spawned":[14,27,31],"seed_played":"-6997856563059615651","killed_by":"Automaton","ascension_level":0,"potions_obtained":[{"floor":14,"key":"LiquidBronze"},{"floor":27,"key":"Dexterity Potion"},{"floor":31,"key":"Swift Potion"}],"is_trial":false}