{"gold_per_floor":[111,126,137,103,177,177,188,221,221,221,235,235,13,30,30,130,130,140,240,240,240,240,240,254,272,272,305,323,23,122,142,142,243,243,258,258,277,297,310,310,336,350,405,450,462,489,511,93,93,93],"floor_reached":51,"playtime":5524,"items_purged":["Strike_R","Strike_R+1"],"score":903,"play_id":"a027fbc9-aa54-4bb7-8e3c-cf65e6ac243e","local_time":"20190104172437","is_ascension_mode":false,"campfire_choices":[{"data":"Armaments","floor":6,"key":"SMITH"},{"data":"Bludgeon","floor":10,"key":"SMITH"},{"data":"Whirlwind","floor":15,"key":"SMITH"},{"data":"Impervious","floor":23,"key":"SMITH"},{"data":"Flame Barrier","floor":32,"key":"SMITH"},{"floor":40,"key":"REST"},{"data":"Heavy Blade","floor":49,"key":"SMITH"}],"neow_cost":"NONE","seed_source_timestamp":1227186675127526,"circlet_count":0,"master_deck":["Strike_R+1","Strike_R+1","Strike_R+1","Defend_R+1","Defend_R+1","Defend_R+1","Defend_R+1","Bash","Armaments+1","Heavy Blade","Headbutt","Bludgeon+1","Whirlwind+1","Impervious+1","Thunderclap","Heavy Blade","Iron Wave","Iron Wave","Pommel Strike","Flame Barrier+1","Dual Wield+1","Headbutt+1","Armaments+1","Heavy Blade+1","Blood for Blood","Warcry+1","Impervious+1","Flame Barrier+1","Bludgeon+1","Clothesline+1","Blood for Blood","Uppercut+1","Clothesline+1","Heavy Blade+1","Inflame","Spot Weakness+1"],"relics":["Snecko Eye","Regal Pillow","Mummified Hand","Bag of Marbles","Orrery","Mango","Shuriken","Toxic Egg 2","Boot","Paper Frog","Lee\u0027s Waffle","Runic Dome","Self Forming Clay","Strawberry","MawBank","Strange Spoon","Question Card"],"potions_floor_usage":[14,16,16,28,33,33,33,41],"damage_taken":[{"damage":2,"enemies":"2 Louse","floor":1,"turns":3},{"damage":0,"enemies":"Small Slimes","floor":2,"turns":3},{"damage":0,"enemies":"Jaw Worm","floor":3,"turns":2},{"damage":20,"enemies":"Exordium Thugs","floor":4,"turns":5},{"damage":2,"enemies":"Blue Slaver","floor":7,"turns":2},{"damage":0,"enemies":"3 Sentries","floor":8,"turns":3},{"damage":0,"enemies":"Looter","floor":11,"turns":1},{"damage":7,"enemies":"Exordium Thugs","floor":14,"turns":3},{"damage":31,"enemies":"The Guardian","floor":16,"turns":7},{"damage":10,"enemies":"2 Thieves","floor":18,"turns":3},{"damage":8,"enemies":"Colosseum Slavers","floor":19,"turns":3},{"damage":6,"enemies":"Colosseum Nobs","floor":19,"turns":3},{"damage":0,"enemies":"Spheric Guardian","floor":24,"turns":3},{"damage":0,"enemies":"Snake Plant","floor":25,"turns":2},{"damage":0,"enemies":"Gremlin Leader","floor":27,"turns":3},{"damage":10,"enemies":"Shelled Parasite and Fungi","floor":28,"turns":3},{"damage":0,"enemies":"Snecko","floor":31,"turns":1},{"damage":47,"enemies":"Champ","floor":33,"turns":8},{"damage":9,"enemies":"3 Shapes","floor":35,"turns":2},{"damage":0,"enemies":"3 Darklings","floor":37,"turns":2},{"damage":22,"enemies":"Writhing Mass","floor":38,"turns":4},{"damage":19,"enemies":"Transient","floor":39,"turns":5},{"damage":0,"enemies":"Giant Head","floor":41,"turns":5},{"damage":10,"enemies":"Jaw Worm Horde","floor":42,"turns":2},{"damage":0,"enemies":"Maw","floor":46,"turns":4},{"damage":0,"enemies":"Transient","floor":47,"turns":5},{"damage":38,"enemies":"Time Eater","floor":50,"turns":4}],"seed_played":"-7639509429730559771","potions_obtained":[{"floor":1,"key":"BloodPotion"},{"floor":2,"key":"Ancient Potion"},{"floor":7,"key":"SteroidPotion"},{"floor":16,"key":"PowerPotion"},{"floor":18,"key":"Ancient Potion"},{"floor":25,"key":"AttackPotion"},{"floor":28,"key":"Swift Potion"},{"floor":37,"key":"EssenceOfSteel"},{"floor":38,"key":"Strength Potion"},{"floor":39,"key":"Weak Potion"},{"floor":46,"key":"Ancient Potion"}],"is_trial":false,"path_per_floor":["M","M","M","M","?","R","M","E","T","R","M","?","$","M","R","B",null,"M","?","?","?","T","R","M","M","T","E","M","$","?","M","R","B",null,"M","?","M","M","M","R","E","M","T","T","?","M","M","$","R","B",null],"character_chosen":"IRONCLAD","items_purchased":["Bag of Marbles","Lee\u0027s Waffle","Strange Spoon","Question Card"],"campfire_rested":1,"item_purchase_floors":[13,29,48,48],"current_hp_per_floor":[78,78,78,58,58,58,56,56,56,56,56,56,56,49,49,26,80,70,70,70,51,51,51,51,51,51,51,41,106,106,106,106,59,106,97,97,97,75,56,102,102,92,99,99,99,99,99,99,99,61],"gold":93,"neow_bonus":"BOSS_RELIC","is_prod":false,"is_daily":false,"chose_seed":false,"campfire_upgraded":6,"win_rate":0.0,"timestamp":1546651477,"path_taken":["M","M","M","M","?","R","M","E","T","R","M","?","?","?","R","BOSS","M","?","?","?","?","R","M","M","T","E","?","$","?","M","R","BOSS","M","?","?","M","M","R","E","M","T","?","?","M","?","$","R","BOSS"],"build_version":"2019-01-03v4","purchased_purges":2,"victory":true,"max_hp_per_floor":[80,80,80,80,80,80,80,80,80,80,80,80,80,80,80,80,80,80,94,94,99,99,99,99,99,99,99,99,106,106,106,106,106,106,106,106,106,106,106,106,106,106,113,113,113,113,113,113,113,113],"card_choices":[{"not_picked":["Blood for Blood","Thunderclap"],"picked":"Armaments","floor":1},{"not_picked":["Shrug It Off","Dropkick"],"picked":"Heavy Blade","floor":2},{"not_picked":["Warcry","Bloodletting"],"picked":"Headbutt","floor":3},{"not_picked":["True Grit","Body Slam"],"picked":"Bludgeon","floor":4},{"not_picked":["Anger","Sword Boomerang"],"picked":"Whirlwind","floor":7},{"not_picked":["Body Slam","Twin Strike","Thunderclap"],"picked":"SKIP","floor":8},{"not_picked":["Intimidate","Sword Boomerang","Second Wind"],"picked":"SKIP","floor":11},{"not_picked":["Body Slam","Power Through","Reckless Charge"],"picked":"SKIP","floor":14},{"not_picked":["Double Tap","Reaper"],"picked":"Impervious","floor":16},{"not_picked":["Sword Boomerang","Warcry"],"picked":"Thunderclap","floor":17},{"not_picked":["Clash","Fire Breathing"],"picked":"Heavy Blade","floor":17},{"not_picked":["Rupture","Anger"],"picked":"Iron Wave","floor":17},{"not_picked":["Twin Strike","Berserk"],"picked":"Iron Wave","floor":17},{"not_picked":["Clash","Sword Boomerang"],"picked":"Pommel Strike","floor":17},{"not_picked":["Second Wind","Limit Break"],"picked":"Flame Barrier","floor":18},{"not_picked":["Cleave","Twin Strike+1"],"picked":"Dual Wield+1","floor":19},{"not_picked":["True Grit+1","Heavy Blade+1"],"picked":"Headbutt+1","floor":24},{"not_picked":["Clash","Iron Wave"],"picked":"Armaments+1","floor":25},{"not_picked":["Berserk","Armaments+1"],"picked":"Heavy Blade","floor":27},{"not_picked":["Seeing Red+1","Bloodletting+1"],"picked":"Blood for Blood","floor":28},{"not_picked":["Armaments+1","Rupture"],"picked":"Warcry+1","floor":31},{"not_picked":["Double Tap+1","Juggernaut"],"picked":"Impervious+1","floor":33},{"not_picked":["Clash+1","Dual Wield+1"],"picked":"Flame Barrier+1","floor":35},{"not_picked":["Sword Boomerang","Headbutt"],"picked":"Clothesline+1","floor":37},{"not_picked":["Shrug It Off+1","Iron Wave"],"picked":"Blood for Blood","floor":38},{"not_picked":["Clash+1","Headbutt+1"],"picked":"Uppercut+1","floor":39},{"not_picked":["True Grit+1","Berserk"],"picked":"Clothesline+1","floor":41},{"not_picked":["Headbutt+1","Ghostly Armor+1"],"picked":"Heavy Blade+1","floor":42},{"not_picked":["Clothesline+1","Battle Trance+1"],"picked":"Inflame","floor":46},{"not_picked":["Clash+1","Impervious+1"],"picked":"Spot Weakness+1","floor":47}],"player_experience":34881,"relics_obtained":[{"floor":8,"key":"Regal Pillow"},{"floor":9,"key":"Mummified Hand"},{"floor":19,"key":"Mango"},{"floor":19,"key":"Shuriken"},{"floor":22,"key":"Toxic Egg 2"},{"floor":26,"key":"Boot"},{"floor":27,"key":"Paper Frog"},{"floor":41,"key":"Self Forming Clay"},{"floor":43,"key":"Strawberry"},{"floor":44,"key":"MawBank"}],"event_choices":[{"damage_healed":0,"gold_gain":74,"player_choice":"Gained Gold","damage_taken":0,"max_hp_gain":0,"max_hp_loss":0,"event_name":"Golden Wing","floor":5,"gold_loss":0},{"damage_healed":0,"gold_gain":0,"player_choice":"Ignored","damage_taken":0,"max_hp_gain":0,"max_hp_loss":0,"event_name":"Shining Light","floor":12,"gold_loss":0},{"damage_healed":0,"gold_gain":0,"player_choice":"Fight","damage_taken":0,"max_hp_gain":0,"max_hp_loss":0,"event_name":"Colosseum","floor":19,"gold_loss":0},{"damage_healed":0,"gold_gain":0,"player_choice":"Fought Nobs","damage_taken":0,"max_hp_gain":0,"max_hp_loss":0,"event_name":"Colosseum","floor":19,"gold_loss":0},{"damage_healed":0,"gold_gain":0,"player_choice":"Simplicity","damage_taken":0,"max_hp_gain":0,"max_hp_loss":0,"event_name":"Back to Basics","floor":20,"gold_loss":0,"cards_upgraded":["Strike_R","Strike_R","Strike_R","Strike_R","Defend_R","Defend_R","Defend_R","Defend_R"]},{"damage_healed":0,"gold_gain":0,"player_choice":"Shed Blood","damage_taken":24,"max_hp_gain":5,"max_hp_loss":0,"event_name":"Forgotten Altar","floor":21,"gold_loss":0},{"damage_healed":0,"gold_gain":99,"player_choice":"Stole From Cult","damage_taken":0,"max_hp_gain":0,"max_hp_loss":0,"event_name":"Nest","floor":30,"gold_loss":0},{"damage_healed":0,"gold_gain":0,"player_choice":"Copied","damage_taken":0,"max_hp_gain":0,"max_hp_loss":0,"event_name":"Duplicator","floor":36,"gold_loss":0,"cards_obtained":["Bludgeon"]},{"damage_healed":0,"gold_gain":0,"player_choice":"Ignored","damage_taken":0,"max_hp_gain":0,"max_hp_loss":0,"event_name":"SecretPortal","floor":45,"gold_loss":0}],"is_beta":false,"boss_relics":[{"not_picked":["Mark of Pain","Cursed Key"],"picked":"Orrery"},{"not_picked":["Velvet Choker","Tiny House"],"picked":"Runic Dome"}],"items_purged_floors":[13,29],"is_endless":false,"potions_floor_spawned":[1,2,7,11,16,18,25,28,31,37,38,39,46],"ascension_level":0}