{"gold_per_floor":[110,130,1,12,112,112,124,124,193,210,228,228,88,88,88,208,208,229,245,245,245,258,258,274,288,313,313,337,352,368,21,21,21],"floor_reached":33,"playtime":2964,"items_purged":["Strike_G","Strike_G"],"score":322,"play_id":"b2d17523-d2cc-4db8-bc29-a28f8e895c07","local_time":"20181227100450","is_ascension_mode":true,"campfire_choices":[{"data":"Dash","floor":6.0,"key":"SMITH"},{"data":"Catalyst","floor":8,"key":"SMITH"},{"data":"Neutralize","floor":12,"key":"SMITH"},{"data":"Noxious Fumes","floor":15,"key":"SMITH"},{"data":"PiercingWail","floor":23,"key":"SMITH"},{"data":"Distraction","floor":27,"key":"SMITH"},{"data":"Leg Sweep","floor":32,"key":"SMITH"}],"neow_cost":"NONE","seed_source_timestamp":117698639397352,"circlet_count":0,"master_deck":["Defend_G+1","Defend_G+1","Defend_G+1","Defend_G+1","Defend_G+1","Strike_G+1","Strike_G+1","Strike_G+1","Survivor","Neutralize+1","Catalyst+1","Dash+1","Deadly Poison","PiercingWail+1","Bouncing Flask","Noxious Fumes+1","Corpse Explosion","Distraction+1","Leg Sweep+1","Distraction+1"],"special_seed":0,"relics":["Coffee Dripper","Dodecahedron","Golden Idol","Busted Crown","Ancient Tea Set","Dream Catcher","Snake Skull","Oddly Smooth Stone"],"potions_floor_usage":[16,16,19,24,28,33,33,33],"damage_taken":[{"damage":0.0,"enemies":"Small Slimes","floor":1.0,"turns":4.0},{"damage":0.0,"enemies":"Cultist","floor":2.0,"turns":5.0},{"damage":1.0,"enemies":"Jaw Worm","floor":4.0,"turns":4.0},{"damage":2.0,"enemies":"2 Fungi Beasts","floor":7.0,"turns":4.0},{"damage":1,"enemies":"Exordium Thugs","floor":10,"turns":3},{"damage":0,"enemies":"Lots of Slimes","floor":11,"turns":5},{"damage":26,"enemies":"Slime Boss","floor":16,"turns":9},{"damage":13,"enemies":"2 Thieves","floor":18,"turns":3},{"damage":19,"enemies":"3 Byrds","floor":19,"turns":4},{"damage":9,"enemies":"Snake Plant","floor":22,"turns":3},{"damage":19,"enemies":"Centurion and Healer","floor":24,"turns":2},{"damage":0,"enemies":"3 Cultists","floor":25,"turns":4},{"damage":0,"enemies":"Sentry and Sphere","floor":28,"turns":5},{"damage":5,"enemies":"Snecko","floor":29,"turns":4},{"damage":0,"enemies":"Centurion and Healer","floor":30,"turns":4},{"damage":31,"enemies":"Automaton","floor":33,"turns":10}],"seed_played":"3303027634202690327","potions_obtained":[{"floor":7.0,"key":"Block Potion"},{"floor":10,"key":"Regen Potion"},{"floor":11,"key":"Block Potion"},{"floor":18,"key":"Energy Potion"},{"floor":24,"key":"Fruit Juice"},{"floor":25,"key":"PowerPotion"},{"floor":28,"key":"SkillPotion"}],"is_trial":false,"path_per_floor":["M","M","$","M","?","R","M","R","T","M","M","R","$","?","R","B",null,"M","M","?","?","M","R","M","M","T","R","M","M","M","$","R","B"],"character_chosen":"THE_SILENT","items_purchased":["Deadly Poison","Noxious Fumes","Snake Skull","Oddly Smooth Stone","AttackPotion"],"campfire_rested":0,"item_purchase_floors":[3,13,31,31,31],"current_hp_per_floor":[70,70,70,69,69,69,67,67,67,66,66,66,66,49,49,23,70,57,52,52,52,43,43,29,29,29,29,29,24,24,24,24,0],"gold":21,"neow_bonus":"BOSS_RELIC","is_prod":false,"is_daily":false,"chose_seed":false,"campfire_upgraded":7,"win_rate":0,"timestamp":1545872690,"path_taken":["M","M","$","M","?","R","M","R","T","M","?","R","$","?","R","BOSS","M","M","?","?","?","R","M","M","T","R","M","M","?","$","R","BOSS"],"build_version":"2018-12-20","purchased_purges":2,"victory":false,"max_hp_per_floor":[70,70,70,70,70,70,70,70,70,70,70,70,70,70,70,70,70,70,70,70,70,70,70,75,75,75,75,75,75,75,75,75,75],"card_choices":[{"not_picked":["Slice","Underhanded Strike"],"picked":"Catalyst","floor":1.0},{"not_picked":["PiercingWail","Finisher"],"picked":"Dash","floor":2.0},{"not_picked":["Acrobatics","Prepared"],"picked":"PiercingWail","floor":4.0},{"not_picked":["Bane","Leg Sweep"],"picked":"Bouncing Flask","floor":7.0},{"not_picked":["Reflex","Endless Agony","Cloak And Dagger"],"picked":"SKIP","floor":10},{"not_picked":["Blade Dance","A Thousand Cuts","Reflex"],"picked":"SKIP","floor":11},{"not_picked":["Phantasmal Killer","Grand Finale"],"picked":"Corpse Explosion","floor":16},{"not_picked":["Blade Dance"],"picked":"SKIP","floor":18},{"not_picked":[],"picked":"Distraction","floor":19},{"not_picked":["Underhanded Strike+1"],"picked":"SKIP","floor":22},{"not_picked":["Deflect"],"picked":"SKIP","floor":24},{"not_picked":["Heel Hook"],"picked":"SKIP","floor":25},{"not_picked":["Eviscerate"],"picked":"SKIP","floor":28},{"not_picked":[],"picked":"Leg Sweep","floor":29},{"not_picked":[],"picked":"Distraction+1","floor":30}],"player_experience":260527,"relics_obtained":[{"floor":9,"key":"Dodecahedron"},{"floor":21,"key":"Ancient Tea Set"},{"floor":26,"key":"Dream Catcher"}],"event_choices":[{"damage_healed":0.0,"max_hp_gain":0.0,"max_hp_loss":0.0,"gold_gain":100.0,"event_name":"Golden Shrine","player_choice":"Pray","floor":5.0,"gold_loss":0.0,"damage_taken":0.0},{"damage_healed":0,"gold_gain":0,"player_choice":"Take Damage","damage_taken":17,"relics_obtained":["Golden Idol"],"max_hp_gain":0,"max_hp_loss":0,"event_name":"Golden Idol","floor":14,"gold_loss":0},{"damage_healed":0,"gold_gain":0,"player_choice":"Simplicity","damage_taken":0,"max_hp_gain":0,"max_hp_loss":0,"event_name":"Back to Basics","floor":20,"gold_loss":0,"cards_upgraded":["Defend_G","Defend_G","Defend_G","Defend_G","Defend_G","Strike_G","Strike_G","Strike_G"]},{"damage_healed":0,"gold_gain":0,"player_choice":"Relic","damage_taken":0,"max_hp_gain":0,"max_hp_loss":0,"event_name":"Wheel of Change","floor":21,"gold_loss":0}],"is_beta":false,"boss_relics":[{"not_picked":["Fusion Hammer","Tiny House"],"picked":"Busted Crown"}],"items_purged_floors":[3,13],"is_endless":false,"potions_floor_spawned":[7,10,11,18,24,25,28],"killed_by":"Automaton","ascension_level":4}