{"gold_per_floor":[111,111,127,150,168,168,202,217,295,295,309,309,21,34,34,133,133,148,2,17,37,37,37,56,72,123,134,134],"floor_reached":28,"playtime":1836,"items_purged":["Strike_R"],"score":305,"play_id":"1191b63b-f9c1-4d3a-883b-5f49259f3d44","local_time":"20180703212349","is_ascension_mode":true,"campfire_choices":[{"data":"Carnage","floor":6,"key":"SMITH"},{"floor":10,"key":"REST"},{"floor":15,"key":"REST"},{"floor":23,"key":"REST"}],"neow_cost":"","seed_source_timestamp":0,"circlet_count":0,"master_deck":["Strike_R","Strike_R","Strike_R","Defend_R","Defend_R","Defend_R","Defend_R","Bash","Exhume","Carnage+1","Feed","Pummel","Impervious","Intimidate","Clash","Battle Trance","Impervious","Headbutt","Metallicize","Dual Wield","Second Wind","Thunderclap+1","Uppercut"],"special_seed":0,"relics":["Burning Blood","Potion Belt","Orichalcum","Self Forming Clay","Unceasing Top","Mark of Pain","Juzu Bracelet"],"potions_floor_usage":[11,16,16,16,24],"damage_taken":[{"damage":8.0,"enemies":"2 Louse","floor":1.0,"turns":3.0},{"damage":7.0,"enemies":"Small Slimes","floor":3.0,"turns":3.0},{"damage":12,"enemies":"Jaw Worm","floor":5,"turns":2},{"damage":35,"enemies":"3 Sentries","floor":7,"turns":8},{"damage":18,"enemies":"Exordium Thugs","floor":8,"turns":5},{"damage":0,"enemies":"Gremlin Gang","floor":11,"turns":5},{"damage":5,"enemies":"Looter","floor":14,"turns":2},{"damage":73,"enemies":"Hexaghost","floor":16,"turns":11},{"damage":12,"enemies":"2 Thieves","floor":18,"turns":4},{"damage":10,"enemies":"Shell Parasite","floor":20,"turns":5},{"damage":31,"enemies":"Snecko","floor":21,"turns":6},{"damage":33,"enemies":"Cultist and Chosen","floor":24,"turns":10},{"damage":14,"enemies":"3 Cultists","floor":25,"turns":7},{"damage":33,"enemies":"Snake Plant","floor":27,"turns":5},{"damage":12,"floor":28,"turns":2}],"seed_played":"2042323092366841280","potions_obtained":[{"floor":1.0,"key":"EssenceOfSteel"},{"floor":3,"key":"FearPotion"},{"floor":7,"key":"SpeedPotion"},{"floor":14,"key":"Energy Potion"},{"floor":21,"key":"Block Potion"},{"floor":24,"key":"FearPotion"},{"floor":25,"key":"Ancient Potion"}],"is_trial":false,"path_per_floor":["M","?","M","T","M","R","E","M","T","R","M","?","$","M","R","B",null,"M","$","M","M","$","R","M","M","T","M"],"character_chosen":"IRONCLAD","items_purchased":["Unceasing Top","Metallicize"],"campfire_rested":3,"item_purchase_floors":[13,19],"current_hp_per_floor":[78,78,77,77,71,71,42,30,30,54,63,63,63,67,86,19,69,66,66,65,43,43,71,44,39,39,12,0],"gold":134,"neow_bonus":"","is_prod":false,"is_daily":false,"chose_seed":false,"campfire_upgraded":1,"win_rate":0,"timestamp":1530667429,"path_taken":["M","?","M","?","M","R","E","M","T","R","?","?","$","?","R","BOSS","M","$","M","M","?","R","M","M","T","M","?"],"build_version":"2018-06-28","purchased_purges":1,"victory":false,"max_hp_per_floor":[80,80,80,80,80,80,80,80,80,80,83,83,83,86,86,86,86,89,89,92,95,95,95,95,98,98,98,98],"card_choices":[{"not_picked":["Sentinel","True Grit"],"picked":"Carnage","floor":1.0},{"not_picked":["Twin Strike","Headbutt"],"picked":"Feed","floor":3},{"not_picked":["Armaments","Warcry"],"picked":"Pummel","floor":5},{"not_picked":["Cleave","Flex"],"picked":"Impervious","floor":7},{"not_picked":["Pommel Strike","Battle Trance"],"picked":"Intimidate","floor":8},{"not_picked":["Heavy Blade","Intimidate"],"picked":"Clash","floor":11},{"not_picked":["Headbutt","Rupture"],"picked":"Battle Trance","floor":14},{"not_picked":["Feed","Immolate"],"picked":"Impervious","floor":16},{"not_picked":["Twin Strike","Bloodletting+1"],"picked":"Headbutt","floor":18},{"not_picked":["Disarm+1","Clash"],"picked":"Dual Wield","floor":20},{"not_picked":["Sword Boomerang","Wild Strike","Clothesline"],"picked":"SKIP","floor":21},{"not_picked":["Armaments","Warcry"],"picked":"Second Wind","floor":24},{"not_picked":["Body Slam+1","Flex"],"picked":"Thunderclap+1","floor":25},{"not_picked":["Perfected Strike","Thunderclap+1"],"picked":"Uppercut","floor":27}],"player_experience":941575,"relics_obtained":[{"floor":4,"key":"Potion Belt"},{"floor":7,"key":"Orichalcum"},{"floor":9,"key":"Self Forming Clay"},{"floor":26,"key":"Juzu Bracelet"}],"event_choices":[{"event_name":"Liars Game","player_choice":"disagreed","floor":2.0,"damage_taken":0.0},{"event_name":"Wheel of Change","player_choice":"Card Removal","floor":12,"damage_taken":0},{"event_name":"Masked Bandits","player_choice":"Fought over 134 gold","floor":28,"damage_taken":0}],"boss_relics":[{"not_picked":["White Beast Statue","Calling Bell"],"picked":"Mark of Pain"}],"items_purged_floors":[19],"is_endless":false,"potions_floor_spawned":[1,3,7,14,21,24,25],"ascension_level":5}