{"gold_per_floor":[119,119,136,150,28,28,60,60,60,34,34,74,74,74,74,194,194,212,235,235,249,249,249,265,265,265,285,285,325,325,341,341,341],"floor_reached":33,"playtime":1594,"items_purged":["Strike_B"],"score":298,"play_id":"524a3cf8-032d-475b-baae-e8d074e337f9","local_time":"20181207234603","is_ascension_mode":false,"campfire_choices":[{"data":"Zap","floor":6,"key":"SMITH"},{"floor":11,"key":"REST"},{"floor":13,"key":"RECALL"},{"data":"Go for the Eyes","floor":15,"key":"SMITH"},{"data":"Storm","floor":23,"key":"SMITH"},{"floor":25,"key":"REST"},{"floor":28,"key":"REST"},{"floor":32,"key":"REST"}],"neow_cost":"NONE","seed_source_timestamp":34699319822191,"circlet_count":0,"master_deck":["Strike_B","Strike_B","Defend_B","Defend_B","Defend_B","Defend_B","Zap+1","Dualcast","All For One","Steam","Steam","Cold Snap","Go for the Eyes+1","Leap","Storm+1","Creative AI","Beam Cell+1","Gash","Go for the Eyes","J.A.X.","Gash","Conserve Battery"],"relics":["Cracked Core","Shuriken","Golden Idol","Vajra","Blood Vial","Inserter","Dodecahedron"],"potions_floor_usage":[7,12,16,24,29,33],"damage_taken":[{"damage":1,"enemies":"Jaw Worm","floor":1,"turns":3},{"damage":0,"enemies":"Cultist","floor":3,"turns":3},{"damage":0,"enemies":"Small Slimes","floor":4,"turns":2},{"damage":11,"enemies":"Lagavulin","floor":7,"turns":6},{"damage":0,"enemies":"3 Sentries","floor":12,"turns":6},{"damage":64,"enemies":"Hexaghost","floor":16,"turns":16},{"damage":23,"enemies":"Chosen","floor":18,"turns":7},{"damage":5,"enemies":"Shell Parasite","floor":19,"turns":6},{"damage":15,"enemies":"Centurion and Healer","floor":21,"turns":6},{"damage":14,"enemies":"Snake Plant","floor":24,"turns":4},{"damage":15,"enemies":"Shelled Parasite and Fungi","floor":27,"turns":5},{"damage":55,"enemies":"Slavers","floor":29,"turns":5},{"damage":29,"enemies":"3 Cultists","floor":31,"turns":4},{"damage":39,"enemies":"Collector","floor":33,"turns":7}],"seed_played":"8030716715019594208","potions_obtained":[{"floor":4,"key":"Explosive Potion"},{"floor":7,"key":"SkillPotion"},{"floor":12,"key":"Weak Potion"},{"floor":18,"key":"Block Potion"},{"floor":24,"key":"SpeedPotion"},{"floor":27,"key":"Fire Potion"},{"floor":31,"key":"Dexterity Potion"}],"is_trial":false,"path_per_floor":["M","?","M","M","$","R","E","?","T","$","R","E","R","?","R","B",null,"M","M","?","M","?","R","M","R","T","M","R","E","?","M","R","B"],"character_chosen":"DEFECT","items_purchased":["Go for the Eyes","Leap"],"campfire_rested":4,"item_purchase_floors":[5,10],"current_hp_per_floor":[74,74,74,74,74,74,63,45,45,45,67,67,67,72,72,10,80,57,54,54,41,41,41,29,53,53,40,64,11,37,10,34,0],"gold":341,"neow_bonus":"ONE_RANDOM_RARE_CARD","is_prod":false,"is_daily":false,"chose_seed":false,"campfire_upgraded":3,"win_rate":0,"timestamp":1544244363,"path_taken":["M","?","M","M","?","R","E","?","T","$","R","E","R","?","R","BOSS","M","M","?","M","?","R","M","R","T","M","R","E","?","M","R","BOSS"],"build_version":"2018-12-06","purchased_purges":1,"victory":false,"max_hp_per_floor":[75,75,75,75,75,75,75,75,75,75,75,75,75,80,80,80,80,80,80,80,80,80,80,80,80,80,80,80,80,80,80,80,80],"card_choices":[{"not_picked":["Hologram","Tempest"],"picked":"Steam","floor":1},{"not_picked":["Sweeping Beam","Fusion"],"picked":"Steam","floor":3},{"not_picked":["Rebound","Beam Cell"],"picked":"Cold Snap","floor":4},{"not_picked":["Recycle","Heatsinks","Rainbow"],"picked":"SKIP","floor":7},{"not_picked":["Sunder","Barrage"],"picked":"Storm","floor":12},{"not_picked":["Electrodynamics","Reboot"],"picked":"Creative AI","floor":16},{"not_picked":["Redo","Sunder"],"picked":"Beam Cell+1","floor":18},{"not_picked":["Barrage","Leap"],"picked":"Gash","floor":19},{"not_picked":["Sunder","Hologram"],"picked":"Go for the Eyes","floor":21},{"not_picked":["Skim","Go for the Eyes","Aggregate+1"],"picked":"SKIP","floor":24},{"not_picked":["Compile Driver","Genetic Algorithm","Darkness"],"picked":"SKIP","floor":27},{"not_picked":["Amplify","Coolheaded+1"],"picked":"Gash","floor":29},{"not_picked":["Compile Driver+1","Reinforced Body"],"picked":"Conserve Battery","floor":31}],"player_experience":1808172,"relics_obtained":[{"floor":7,"key":"Shuriken"},{"floor":9,"key":"Vajra"},{"floor":12,"key":"Blood Vial"},{"floor":29,"key":"Dodecahedron"}],"event_choices":[{"cards_removed":["Strike_B"],"damage_healed":0,"gold_gain":0,"player_choice":"Purged","damage_taken":0,"max_hp_gain":0,"max_hp_loss":0,"event_name":"Purifier","floor":2,"gold_loss":0},{"damage_healed":0,"gold_gain":0,"player_choice":"Take Damage","damage_taken":18,"relics_obtained":["Golden Idol"],"max_hp_gain":0,"max_hp_loss":0,"event_name":"Golden Idol","floor":8,"gold_loss":0},{"damage_healed":0,"gold_gain":0,"player_choice":"Donut","damage_taken":0,"max_hp_gain":5,"max_hp_loss":0,"event_name":"Big Fish","floor":14,"gold_loss":0},{"damage_healed":0,"gold_gain":0,"player_choice":"Ignored","damage_taken":0,"max_hp_gain":0,"max_hp_loss":0,"event_name":"Cursed Tome","floor":20,"gold_loss":0},{"damage_healed":0,"gold_gain":0,"player_choice":"Obtain J.A.X.","damage_taken":0,"max_hp_gain":0,"max_hp_loss":0,"event_name":"Drug Dealer","floor":22,"gold_loss":0,"cards_obtained":["J.A.X."]},{"damage_healed":26,"gold_gain":0,"player_choice":"Heal","damage_taken":0,"max_hp_gain":0,"max_hp_loss":0,"event_name":"The Library","floor":30,"gold_loss":0}],"is_beta":false,"boss_relics":[{"not_picked":["Runic Dome","FrozenCore"],"picked":"Inserter"}],"items_purged_floors":[5],"is_endless":false,"potions_floor_spawned":[4,7,12,18,24,27,31],"killed_by":"Collector","ascension_level":0}