{"gold_per_floor":[118,118,9,23,23,23,23,23,23,48,48,48,48,83,83,83],"floor_reached":16,"playtime":353,"items_purged":["Strike_R"],"score":219,"play_id":"353c4c53-b372-4f72-aba2-00875321db9d","local_time":"20190118162751","is_ascension_mode":true,"campfire_choices":[{"data":"Bash","floor":6,"key":"SMITH"},{"data":"Carnage","floor":8,"key":"SMITH"},{"data":"Feel No Pain","floor":11,"key":"SMITH"},{"data":"Shrug It Off","floor":12,"key":"SMITH"},{"floor":15,"key":"REST"}],"neow_cost":"NONE","seed_source_timestamp":560224201950,"circlet_count":0,"master_deck":["AscendersBane","Strike_R","Strike_R","Defend_R","Defend_R","Defend_R","Defend_R","Bash+1","Carnage+1","Wild Strike","Feel No Pain+1","Cleave","Shrug It Off+1","Shrug It Off"],"relics":["Burning Blood","NeowsBlessing","WingedGreaves","Molten Egg 2","Ancient Tea Set"],"potions_floor_usage":[16],"damage_taken":[{"damage":0,"enemies":"Cultist","floor":1,"turns":1},{"damage":0,"enemies":"Small Slimes","floor":4,"turns":1},{"damage":0,"enemies":"Gremlin Nob","floor":10,"turns":1},{"damage":50,"enemies":"Lagavulin","floor":14,"turns":8},{"damage":53,"enemies":"Hexaghost","floor":16,"turns":9}],"seed_played":"7782434797068247465","potions_obtained":[{"floor":14,"key":"GamblersBrew"}],"is_trial":false,"path_per_floor":["M","?","$","M","?","R","$","R","T","E","R","R","?","E","R","B"],"character_chosen":"IRONCLAD","items_purchased":["Feel No Pain"],"campfire_rested":1,"item_purchase_floors":[3],"current_hp_per_floor":[74,74,74,75,75,75,75,75,75,75,75,75,75,31,53,0],"gold":83,"neow_bonus":"THREE_ENEMY_KILL","is_prod":false,"is_daily":false,"chose_seed":false,"campfire_upgraded":4,"win_rate":0,"timestamp":1547846871,"path_taken":["M","?","$","?","?","R","$","R","T","E","R","R","?","E","R","BOSS"],"build_version":"2019-01-17v2","purchased_purges":1,"victory":false,"max_hp_per_floor":[75,75,75,75,75,75,75,75,75,75,75,75,75,75,75,75],"card_choices":[{"not_picked":["True Grit","Anger"],"picked":"Carnage","floor":1},{"not_picked":["Clothesline","Headbutt"],"picked":"Cleave","floor":4},{"not_picked":["Flex","Double Tap"],"picked":"Shrug It Off","floor":10},{"not_picked":["Entrench","Wild Strike+1"],"picked":"Shrug It Off","floor":14}],"player_experience":2161806,"relics_obtained":[{"floor":9,"key":"WingedGreaves"},{"floor":10,"key":"Molten Egg 2"},{"floor":14,"key":"Ancient Tea Set"}],"event_choices":[{"damage_healed":0,"gold_gain":0,"cards_transformed":["Strike_R"],"player_choice":"Transformed","damage_taken":0,"max_hp_gain":0,"max_hp_loss":0,"event_name":"Transmorgrifier","floor":2,"gold_loss":0,"cards_obtained":["Wild Strike"]},{"damage_healed":0,"gold_gain":0,"player_choice":"Leave","damage_taken":0,"max_hp_gain":0,"max_hp_loss":0,"event_name":"The Cleric","floor":5,"gold_loss":0},{"cards_removed":["Strike_R"],"damage_healed":0,"gold_gain":0,"player_choice":"Purged","damage_taken":0,"max_hp_gain":0,"max_hp_loss":0,"event_name":"Purifier","floor":13,"gold_loss":0}],"is_beta":false,"boss_relics":[],"items_purged_floors":[3],"is_endless":false,"potions_floor_spawned":[14],"killed_by":"Hexaghost","ascension_level":14}