{"path_per_floor":["M","?","?","M","$","R","E","R","T","E","R","M","?","M","R","B",null,"M","?","M","M","M","R","T","E","T","?","M","R","?","E","R","B",null,"M","?","$","M","M","E","R","?","T","E","M","E","R","M","R","B"],"character_chosen":"IRONCLAD","items_purchased":["Orichalcum","Bird Faced Urn","Girya","Meat on the Bone","Panacea"],"gold_per_floor":[10,10,235,246,22,22,48,48,48,76,76,91,141,158,158,260,260,271,321,341,354,420,420,552,580,606,691,708,708,758,792,792,890,890,902,952,75,88,103,129,129,179,179,207,224,252,252,312,312,312],"floor_reached":51,"campfire_rested":1,"playtime":2733,"item_purchase_floors":[5,37,37,37,37],"current_hp_per_floor":[78,78,78,80,80,80,72,72,72,78,78,84,84,87,87,59,80,62,62,65,57,41,41,41,31,31,37,39,65,65,70,70,47,77,83,83,83,87,87,66,66,56,56,76,82,87,87,87,87,30],"items_purged":["Doubt","Strike_R+1"],"gold":312,"score":1093,"play_id":"d4aa69f4-351d-4b3a-a97b-b730ede48efc","local_time":"20180627111524","is_prod":false,"is_daily":false,"chose_seed":false,"is_ascension_mode":true,"campfire_upgraded":9,"win_rate":0,"timestamp":1530090924,"campfire_choices":[{"data":"Immolate","floor":6,"key":"SMITH"},{"data":"Juggernaut","floor":8,"key":"SMITH"},{"data":"Body Slam","floor":11,"key":"SMITH"},{"data":"Metallicize","floor":15,"key":"SMITH"},{"data":"Juggernaut","floor":23,"key":"SMITH"},{"floor":29,"key":"REST"},{"data":"Body Slam","floor":32,"key":"SMITH"},{"data":"Berserk","floor":41,"key":"SMITH"},{"data":"Body Slam","floor":47,"key":"SMITH"},{"data":"Body Slam","floor":49,"key":"SMITH"}],"path_taken":["M","?","?","M","$","R","E","R","T","E","R","M","?","M","R","BOSS","M","?","M","M","?","R","?","E","T","?","M","R","?","E","R","BOSS","M","?","$","M","M","E","R","?","T","E","M","E","R","?","R","BOSS"],"build_version":"2018-06-21","seed_source_timestamp":412904690122891,"purchased_purges":2,"circlet_count":0,"victory":true,"master_deck":["Strike_R+1","Strike_R+1","Defend_R+1","Defend_R+1","Defend_R+1","Defend_R+1","Bash","Juggernaut+1","Immolate+1","Metallicize+1","Body Slam+1","Body Slam+1","Juggernaut+1","Carnage+1","Pommel Strike+1","Metallicize+1","Iron Wave+1","Body Slam+1","Berserk+1","Ghostly Armor+1","Juggernaut+1","Iron Wave+1","Panacea","Metallicize+1","Rage+1","Warcry+1","Panacea","Master of Strategy","Good Instincts","True Grit+1","Sentinel+1","Body Slam+1","Body Slam+1"],"max_hp_per_floor":[80,80,80,80,80,80,80,80,80,87,87,87,87,87,87,87,87,87,87,87,87,87,87,87,87,87,87,87,87,87,87,87,87,87,87,87,87,87,87,87,87,87,87,87,87,87,87,87,87,87],"relics":["Burning Blood","SsserpentHead","Orichalcum","Kunai","The Courier","Strawberry","Sozu","Ornamental Fan","Bag of Preparation","Oddly Smooth Stone","Red Mask","Potion Belt","Mark of Pain","Bird Faced Urn","Girya","Meat on the Bone","Question Card","Bottled Flame","Mummified Hand","Mercury Hourglass"],"card_choices":[{"not_picked":["Bloodletting","Armaments"],"picked":"Metallicize","floor":1},{"not_picked":["Clash","Perfected Strike","Reckless Charge"],"picked":"SKIP","floor":4},{"not_picked":["Blood for Blood","Perfected Strike","Pommel Strike"],"picked":"SKIP","floor":7},{"not_picked":["Clothesline","Twin Strike"],"picked":"Body Slam","floor":10},{"not_picked":["Carnage","Pommel Strike"],"picked":"Body Slam","floor":12},{"not_picked":["Twin Strike","Sever Soul","Anger"],"picked":"SKIP","floor":14},{"not_picked":["Double Tap","Berserk"],"picked":"Juggernaut","floor":16},{"not_picked":["Twin Strike","Thunderclap"],"picked":"Carnage+1","floor":18},{"not_picked":["Searing Blow","Wild Strike"],"picked":"Pommel Strike+1","floor":20},{"not_picked":["Heavy Blade","Whirlwind"],"picked":"Metallicize+1","floor":21},{"not_picked":["Blood for Blood","Warcry"],"picked":"Iron Wave+1","floor":22},{"not_picked":["Combust","Dual Wield"],"picked":"Body Slam","floor":25},{"not_picked":["Sever Soul+1","Dropkick"],"picked":"Berserk","floor":27},{"not_picked":["Inflame+1","Clothesline","Sword Boomerang+1"],"picked":"SKIP","floor":28},{"not_picked":["Clash","Searing Blow"],"picked":"Ghostly Armor+1","floor":31},{"not_picked":["Brutality","Impervious"],"picked":"Juggernaut","floor":33},{"not_picked":["Rupture","True Grit"],"picked":"Iron Wave+1","floor":35},{"not_picked":["Perfected Strike","Whirlwind"],"picked":"Metallicize+1","floor":38},{"not_picked":["Sword Boomerang","Bloodletting"],"picked":"Rage+1","floor":39},{"not_picked":["Armaments","Sword Boomerang"],"picked":"Warcry+1","floor":40},{"not_picked":["Swift Strike","Purity","Panache"],"picked":"Panacea","floor":42},{"not_picked":["Purity","Mind Blast","Panache"],"picked":"Master of Strategy","floor":42},{"not_picked":["Swift Strike","Dark Shackles","Thinking Ahead"],"picked":"Good Instincts","floor":42},{"not_picked":["Bludgeon","Exhume","Sword Boomerang"],"picked":"True Grit+1","floor":44},{"not_picked":["Blood for Blood","Sword Boomerang","Shrug It Off"],"picked":"Sentinel+1","floor":45},{"not_picked":["Anger","Battle Trance","Clothesline+1"],"picked":"Body Slam","floor":46},{"not_picked":["Perfected Strike","Anger","Clash+1"],"picked":"Body Slam","floor":48}],"player_experience":175094,"potions_floor_usage":[10,16,25],"damage_taken":[{"damage":0,"enemies":"Small Slimes","floor":1,"turns":2},{"damage":1,"enemies":"Cultist","floor":4,"turns":5},{"damage":14,"enemies":"Gremlin Nob","floor":7,"turns":4},{"damage":7,"enemies":"Lagavulin","floor":10,"turns":6},{"damage":0,"enemies":"2 Louse","floor":12,"turns":2},{"damage":0,"enemies":"2 Fungi Beasts","floor":14,"turns":1},{"damage":34,"enemies":"Slime Boss","floor":16,"turns":9},{"damage":24,"enemies":"2 Thieves","floor":18,"turns":3},{"damage":3,"enemies":"Spheric Guardian","floor":20,"turns":3},{"damage":14,"enemies":"Cultist and Chosen","floor":21,"turns":4},{"damage":22,"enemies":"Snake Plant","floor":22,"turns":4},{"damage":16,"enemies":"Slavers","floor":25,"turns":3},{"damage":0,"floor":27,"turns":2},{"damage":4,"enemies":"Chosen and Byrds","floor":28,"turns":4},{"damage":1,"enemies":"Book of Stabbing","floor":31,"turns":4},{"damage":29,"enemies":"Collector","floor":33,"turns":7},{"damage":0,"enemies":"Flame Bruiser 1 Orb","floor":35,"turns":4},{"damage":4,"enemies":"3 Shapes","floor":38,"turns":2},{"damage":8,"enemies":"Flame Bruiser 2 Orb","floor":39,"turns":6},{"damage":33,"enemies":"Nemesis","floor":40,"turns":7},{"damage":0,"enemies":"Giant Head","floor":44,"turns":6},{"damage":4,"enemies":"4 Shapes","floor":45,"turns":1},{"damage":0,"enemies":"2 Orb Walkers","floor":46,"turns":4},{"damage":0,"enemies":"Spire Growth","floor":48,"turns":3},{"damage":83,"enemies":"Donu and Deca","floor":50,"turns":8}],"relics_obtained":[{"floor":7,"key":"Kunai"},{"floor":9,"key":"The Courier"},{"floor":10,"key":"Strawberry"},{"floor":24,"key":"Ornamental Fan"},{"floor":25,"key":"Bag of Preparation"},{"floor":26,"key":"Oddly Smooth Stone"},{"floor":27,"key":"Red Mask"},{"floor":31,"key":"Potion Belt"},{"floor":40,"key":"Question Card"},{"floor":43,"key":"Bottled Flame"},{"floor":44,"key":"Mummified Hand"},{"floor":46,"key":"Mercury Hourglass"}],"event_choices":[{"event_name":"FaceTrader","player_choice":"Took Mask Of The Ssserpant","floor":2,"damage_taken":0},{"event_name":"Liars Game","player_choice":"agreed","floor":3,"damage_taken":0},{"event_name":"Accursed Blacksmith","player_choice":"Forge","floor":13,"damage_taken":0},{"event_name":"Back to Basics","player_choice":"Simplicity","floor":19,"damage_taken":0},{"event_name":"Masked Bandits","player_choice":"Fought over 656 gold","floor":27,"damage_taken":0},{"event_name":"Ghosts","player_choice":"Ignored","floor":30,"damage_taken":0},{"event_name":"Upgrade Shrine","player_choice":"Upgraded","floor":36,"damage_taken":0},{"event_name":"SensoryStone","player_choice":"Memory 3","floor":42,"damage_taken":0}],"boss_relics":[{"not_picked":["Runic Cube","Runic Pyramid"],"picked":"Sozu"},{"not_picked":["Lizard Tail","Fusion Hammer"],"picked":"Mark of Pain"}],"items_purged_floors":[5,37],"is_endless":false,"potions_floor_spawned":[1,12,14,18,25,28,33,35,39,46],"seed_played":"-7332569301231571213","ascension_level":6,"potions_obtained":[{"floor":1,"key":"Weak Potion"},{"floor":12,"key":"SkillPotion"},{"floor":14,"key":"Energy Potion"}],"is_trial":false}