{"gold_per_floor":[109,120,70,83,99,125,125,145,168,178,191,239,239,254,254,353,353,370,3,17,107,125,125,125,125,205,217,217,267,32,49,49,145,145,165,179,179,191,191,191,191,191,191,191,191,191,204,7,7,7],"floor_reached":50,"playtime":2751,"items_purged":["Strike_G","Defend_G"],"score":469,"play_id":"86477183-cd4e-4f06-80f8-c514a43819b6","local_time":"20180702101031","is_ascension_mode":false,"campfire_choices":[{"data":"Cloak And Dagger","floor":7.0,"key":"SMITH"},{"floor":15.0,"key":"REST"},{"data":"Cloak And Dagger","floor":23,"key":"SMITH"},{"data":"Cloak And Dagger","floor":25,"key":"SMITH"},{"floor":32,"key":"REST"},{"data":"Cloak And Dagger","floor":40,"key":"SMITH"},{"data":"Night Terror","floor":42,"key":"SMITH"},{"data":"Choke","floor":44,"key":"SMITH"},{"floor":49,"key":"REST"}],"neow_cost":"","seed_source_timestamp":654843355469241,"circlet_count":0,"master_deck":["Defend_G","Defend_G","Defend_G","Defend_G","Strike_G","Strike_G","Survivor","Neutralize","Cloak And Dagger+1","Distraction","Slice","Cloak And Dagger+1","Cloak And Dagger+1","Dagger Spray","Footwork+1","Setup","Phantasmal Killer","Footwork+1","A Thousand Cuts+1","Choke+1","Infinite Blades+1","Cloak And Dagger+1","Noxious Fumes+1","Backflip+1","Night Terror+1","Tools of the Trade+1","Noxious Fumes+1","Madness","PiercingWail+1","Accuracy+1","Dagger Spray"],"special_seed":0,"relics":["Ring of the Snake","Boot","Frozen Egg 2","Omamori","Juzu Bracelet","Sozu","Ninja Scroll","Paper Crane","Eternal Feather","Du-Vu Doll","Letter Opener"],"potions_floor_usage":[33],"damage_taken":[{"damage":0.0,"enemies":"Jaw Worm","floor":1.0,"turns":6.0},{"damage":2.0,"enemies":"Small Slimes","floor":2.0,"turns":4.0},{"damage":1.0,"enemies":"Cultist","floor":4.0,"turns":4.0},{"damage":0.0,"enemies":"Exordium Thugs","floor":5.0,"turns":4.0},{"damage":1.0,"enemies":"3 Sentries","floor":6.0,"turns":15.0},{"damage":6.0,"enemies":"Looter","floor":8.0,"turns":4.0},{"damage":0.0,"enemies":"Gremlin Gang","floor":10.0,"turns":4.0},{"damage":0.0,"enemies":"Lots of Slimes","floor":11.0,"turns":2.0},{"damage":0.0,"enemies":"Blue Slaver","floor":14.0,"turns":4.0},{"damage":14.0,"enemies":"The Guardian","floor":16.0,"turns":17.0},{"damage":0.0,"enemies":"3 Byrds","floor":18.0,"turns":3.0},{"damage":4,"enemies":"2 Thieves","floor":20,"turns":3},{"damage":3,"enemies":"3 Cultists","floor":22,"turns":4},{"damage":15,"enemies":"Snake Plant","floor":27,"turns":3},{"damage":13,"enemies":"Centurion and Healer","floor":31,"turns":5},{"damage":19,"enemies":"Champ","floor":33,"turns":11},{"damage":15,"enemies":"Orb Walker","floor":35,"turns":3},{"damage":3,"enemies":"3 Shapes","floor":36,"turns":5},{"damage":29,"enemies":"Maw","floor":38,"turns":7},{"damage":0,"floor":41,"turns":5},{"damage":17,"enemies":"4 Shapes","floor":47,"turns":5},{"damage":69,"enemies":"Donu and Deca","floor":50,"turns":4}],"seed_played":"-4342823498214676989","potions_obtained":[{"floor":4.0,"key":"EssenceOfSteel"},{"floor":6.0,"key":"Dexterity Potion"},{"floor":8.0,"key":"AttackPotion"},{"floor":10.0,"key":"Weak Potion"},{"floor":16.0,"key":"GhostInAJar"}],"is_trial":false,"path_per_floor":["M","M","?","M","M","E","R","M","T","M","M","T","?","M","R","B",null,"M","$","M","?","M","R","?","R","T","M","?","?","$","M","R","B",null,"M","M","?","M","?","R","?","R","T","R","?","?","M","$","R"],"character_chosen":"THE_SILENT","items_purchased":["Ninja Scroll","Infinite Blades+1","Cloak And Dagger","Night Terror","Accuracy+1","Dagger Spray"],"campfire_rested":3,"item_purchase_floors":[19,19,19,30,48,48],"current_hp_per_floor":[70,68,68,67,67,66,66,60,60,60,60,60,60,60,70,56,70,70,70,66,52,49,49,49,49,49,34,21,21,21,8,30,11,75,60,57,48,19,66,66,66,66,66,66,66,66,49,49,66,0],"gold":7,"neow_bonus":"","is_prod":false,"is_daily":false,"chose_seed":false,"campfire_upgraded":6,"win_rate":0,"timestamp":1530540631,"path_taken":["M","M","?","M","?","E","R","M","T","M","M","?","?","M","R","BOSS","M","$","M","?","M","R","?","R","T","M","?","?","$","M","R","BOSS","M","M","?","M","?","R","?","R","T","R","?","?","M","?","R","BOSS"],"build_version":"2018-06-28","purchased_purges":2,"victory":false,"max_hp_per_floor":[70,70,70,70,70,70,70,70,70,70,70,70,70,70,70,70,70,70,70,70,70,70,70,70,70,70,70,75,75,75,75,75,75,75,75,75,75,75,66,66,66,66,66,66,66,66,66,66,66,66],"card_choices":[{"not_picked":["PiercingWail","Deadly Poison"],"picked":"Cloak And Dagger","floor":1.0},{"not_picked":["Sucker Punch","PiercingWail"],"picked":"Distraction","floor":2.0},{"not_picked":["Tactician","Deflect"],"picked":"Slice","floor":4.0},{"not_picked":["Bane","Backflip"],"picked":"Cloak And Dagger","floor":5.0},{"not_picked":["Bouncing Flask","Setup"],"picked":"Cloak And Dagger","floor":6.0},{"not_picked":["Flying Knee","Deflect"],"picked":"Dagger Spray","floor":8.0},{"not_picked":["Dagger Throw","Prepared"],"picked":"Footwork+1","floor":10.0},{"not_picked":["Bane","Deadly Poison"],"picked":"Setup","floor":11.0},{"not_picked":["Slice","Concentrate"],"picked":"Footwork+1","floor":14.0},{"not_picked":["Unload","Tactician"],"picked":"A Thousand Cuts+1","floor":16.0},{"not_picked":["Dagger Spray","Calculated Gamble+1"],"picked":"Choke","floor":18.0},{"not_picked":["Heel Hook","Dagger Spray+1","Poisoned Stab"],"picked":"SKIP","floor":20},{"not_picked":["Backflip+1","Acrobatics"],"picked":"Noxious Fumes+1","floor":22},{"not_picked":["Slice","Flechettes"],"picked":"Backflip+1","floor":27},{"not_picked":["Heel Hook","Outmaneuver","Flechettes"],"picked":"SKIP","floor":31},{"not_picked":["Grand Finale","Unload"],"picked":"Tools of the Trade+1","floor":33},{"not_picked":["Bane","Riddle With Holes"],"picked":"Noxious Fumes+1","floor":35},{"not_picked":["Acrobatics+1","Masterful Stab+1","Bane"],"picked":"SKIP","floor":36},{"not_picked":["Dagger Throw+1","Dagger Spray+1","Quick Slash"],"picked":"SKIP","floor":38},{"not_picked":["Dagger Throw","Acrobatics"],"picked":"PiercingWail+1","floor":47}],"player_experience":900650,"relics_obtained":[{"floor":6.0,"key":"Frozen Egg 2"},{"floor":9.0,"key":"Omamori"},{"floor":12.0,"key":"Juzu Bracelet"},{"floor":26,"key":"Paper Crane"},{"floor":41,"key":"Du-Vu Doll"},{"floor":43,"key":"Letter Opener"}],"event_choices":[{"event_name":"The Cleric","player_choice":"Card Removal","floor":3.0,"damage_taken":0.0},{"event_name":"Transmorgrifier","player_choice":"Transform","floor":13.0,"damage_taken":0.0},{"event_name":"Knowing Skull","player_choice":"GOLD ","floor":21,"damage_taken":0},{"event_name":"Drug Dealer","player_choice":"Ignored","floor":24,"damage_taken":0},{"event_name":"Forgotten Altar","player_choice":"Shed Blood","floor":28,"damage_taken":0},{"event_name":"The Joust","player_choice":"Bet on Murderer","floor":29,"damage_taken":0},{"event_name":"Winding Halls","player_choice":"Embrace Madness","floor":37,"damage_taken":0},{"event_name":"The Moai Head","player_choice":"Heal","floor":39,"damage_taken":0},{"event_name":"MindBloom","player_choice":"Fight","floor":41,"damage_taken":0},{"event_name":"Mysterious Sphere","player_choice":"Ignore","floor":45,"damage_taken":0},{"event_name":"Falling","player_choice":"Removed Skill","floor":46,"damage_taken":0}],"boss_relics":[{"not_picked":["Snecko Eye","Ectoplasm"],"picked":"Sozu"},{"not_picked":["Philosopher\u0027s Stone","Tiny House"],"picked":"Eternal Feather"}],"items_purged_floors":[30,48],"is_endless":false,"potions_floor_spawned":[4,6,8,10,11,16,20,27,35,41],"killed_by":"Donu and Deca","ascension_level":0}