{"gold_per_floor":[113,125,138,17,32,32,61,61,61,72,1,1,18,18,18,91,91,111,131,148,148],"floor_reached":21,"playtime":1766,"items_purged":[],"score":311,"play_id":"833ac8b8-e7b5-4982-ad02-797a63871913","local_time":"20181119202625","is_ascension_mode":true,"campfire_choices":[{"floor":6,"key":"RECALL"},{"data":"After Image","floor":8,"key":"SMITH"},{"floor":15,"key":"REST"}],"neow_cost":"NONE","seed_source_timestamp":160453619457306,"circlet_count":0,"master_deck":["AscendersBane","Defend_G","Defend_G","Defend_G","Defend_G","Defend_G","Strike_G","Strike_G","Strike_G","Strike_G","Strike_G","Survivor","Neutralize+1","Terror","Leg Sweep","Endless Agony","Riddle With Holes","Backflip","Escape Plan","After Image+1","Footwork","Well Laid Plans","Decay","Sucker Punch","Envenom","Backflip","Backflip","Dagger Spray"],"relics":["Philosopher\u0027s Stone","Regal Pillow","Cursed Key"],"potions_floor_usage":[7,7,16,20,20],"damage_taken":[{"damage":1,"enemies":"Cultist","floor":1,"turns":4},{"damage":4,"enemies":"Jaw Worm","floor":2,"turns":4},{"damage":0,"enemies":"Small Slimes","floor":3,"turns":3},{"damage":2,"enemies":"Exordium Wildlife","floor":5,"turns":5},{"damage":15,"enemies":"Gremlin Nob","floor":7,"turns":4},{"damage":4,"enemies":"2 Fungi Beasts","floor":10,"turns":4},{"damage":9,"enemies":"Blue Slaver","floor":13,"turns":5},{"damage":6,"enemies":"The Guardian","floor":16,"turns":13},{"damage":34,"enemies":"3 Byrds","floor":18,"turns":7},{"damage":16,"enemies":"Shell Parasite","floor":19,"turns":6},{"damage":5,"enemies":"Snake Plant","floor":20,"turns":7},{"damage":15,"enemies":"Colosseum Slavers","floor":21,"turns":1}],"seed_played":"-4213370796169299985","potions_obtained":[{"floor":1,"key":"PowerPotion"},{"floor":3,"key":"Strength Potion"},{"floor":13,"key":"Fire Potion"},{"floor":16,"key":"EssenceOfSteel"},{"floor":19,"key":"FearPotion"}],"is_trial":false,"path_per_floor":["M","M","M","$","M","R","E","R","T","M","$","?","M","?","R","B",null,"M","M","M","?"],"character_chosen":"THE_SILENT","items_purchased":["Riddle With Holes","Backflip","Well Laid Plans"],"campfire_rested":1,"item_purchase_floors":[4,4,11],"current_hp_per_floor":[58,54,54,54,52,52,37,37,37,33,33,33,24,24,58,52,63,29,13,8,0],"gold":148,"neow_bonus":"BOSS_RELIC","is_prod":false,"is_daily":false,"chose_seed":false,"campfire_upgraded":1,"win_rate":0,"timestamp":1542677185,"path_taken":["M","M","?","$","M","R","E","R","T","M","$","?","?","?","R","BOSS","M","M","?","?"],"build_version":"2018-11-15","purchased_purges":0,"victory":false,"max_hp_per_floor":[66,66,66,66,66,66,66,66,66,66,66,66,66,66,66,66,66,66,66,66,66],"card_choices":[{"not_picked":["Bouncing Flask","PiercingWail"],"picked":"Terror","floor":1},{"not_picked":["Dagger Spray","Dagger Throw"],"picked":"Leg Sweep","floor":2},{"not_picked":["Prepared","Bouncing Flask"],"picked":"Endless Agony","floor":3},{"not_picked":["Dodge and Roll","Underhanded Strike"],"picked":"Escape Plan","floor":5},{"not_picked":["Crippling Poison","Prepared"],"picked":"After Image","floor":7},{"not_picked":["Flying Knee","Bane"],"picked":"Footwork","floor":10},{"not_picked":["Calculated Gamble","Bane"],"picked":"Sucker Punch","floor":13},{"not_picked":["Unload","Night Terror"],"picked":"Envenom","floor":16},{"not_picked":["Underhanded Strike","Poisoned Stab+1"],"picked":"Backflip","floor":18},{"not_picked":["Reflex","Acrobatics"],"picked":"Backflip","floor":19},{"not_picked":["Calculated Gamble","Underhanded Strike"],"picked":"Dagger Spray","floor":20}],"player_experience":1721169,"relics_obtained":[{"floor":7,"key":"Regal Pillow"}],"event_choices":[{"damage_healed":0,"gold_gain":0,"player_choice":"Cursed","damage_taken":0,"max_hp_gain":0,"max_hp_loss":0,"event_name":"Wheel of Change","floor":12,"gold_loss":0,"cards_obtained":["Decay"]},{"damage_healed":0,"gold_gain":0,"player_choice":"Forge","damage_taken":0,"max_hp_gain":0,"max_hp_loss":0,"event_name":"Accursed Blacksmith","floor":14,"gold_loss":0,"cards_upgraded":["Neutralize"]},{"damage_healed":0,"gold_gain":0,"player_choice":"Fight","damage_taken":0,"max_hp_gain":0,"max_hp_loss":0,"event_name":"Colosseum","floor":21,"gold_loss":0}],"is_beta":false,"boss_relics":[{"not_picked":["Lizard Tail","Astrolabe"],"picked":"Cursed Key"}],"items_purged_floors":[],"is_endless":false,"potions_floor_spawned":[1,3,5,13,16,19],"killed_by":"Colosseum Slavers","ascension_level":14}