{"gold_per_floor":[116,191,210,116,116,116,136,168,222,222,237,265,265,278,278,383,383,394,60,60,60,72,72,82,4,4,29,29,29,59,75,75,75],"floor_reached":33,"playtime":5203,"items_purged":[],"score":318,"play_id":"bb48c827-f66d-47f1-8e7b-00d445fa67cd","local_time":"20180707145123","is_ascension_mode":false,"campfire_choices":[{"data":"Caltrops","floor":6,"key":"SMITH"},{"data":"Backstab","floor":13,"key":"SMITH"},{"floor":15,"key":"REST"},{"data":"A Thousand Cuts","floor":23,"key":"SMITH"},{"floor":28,"key":"REST"},{"data":"Burst","floor":32,"key":"SMITH"}],"neow_cost":"","seed_source_timestamp":15087474582576,"circlet_count":0,"master_deck":["Defend_G+1","Defend_G+1","Defend_G+1","Defend_G+1","Defend_G+1","Strike_G+1","Strike_G+1","Strike_G+1","Strike_G+1","Strike_G+1","Survivor","Neutralize","Crippling Poison","Caltrops+1","Flying Knee","Infinite Blades+1","Underhanded Strike","Flying Knee","Injury","Backstab+1","Predator","A Thousand Cuts","A Thousand Cuts+1","Noxious Fumes","Flying Knee","Malaise","Blade Dance+1","Blur","Dagger Spray","Flying Knee","Burst+1"],"relics":["Ring of the Snake","War Paint","Bottled Tornado","Potion Belt","Meat on the Bone","Velvet Choker","Matryoshka","Enchiridion","Bronze Scales","Paper Crane","Question Card","Bottled Flame"],"potions_floor_usage":[16,16,16,22,30,33,33,33,33,33],"damage_taken":[{"damage":2,"enemies":"Small Slimes","floor":1,"turns":5},{"damage":0,"enemies":"2 Louse","floor":3,"turns":3},{"damage":0,"enemies":"Cultist","floor":7,"turns":4},{"damage":9,"enemies":"3 Sentries","floor":8,"turns":7},{"damage":6,"enemies":"2 Fungi Beasts","floor":11,"turns":4},{"damage":12,"enemies":"Lagavulin","floor":12,"turns":7},{"damage":12,"enemies":"Exordium Thugs","floor":14,"turns":4},{"damage":46,"enemies":"Slime Boss","floor":16,"turns":11},{"damage":13,"enemies":"3 Byrds","floor":18,"turns":3},{"damage":4,"enemies":"Shell Parasite","floor":22,"turns":4},{"damage":5,"enemies":"Centurion and Healer","floor":24,"turns":6},{"damage":34,"enemies":"Slavers","floor":27,"turns":3},{"damage":4,"enemies":"Gremlin Leader","floor":30,"turns":5},{"damage":4,"enemies":"Snecko","floor":31,"turns":4},{"damage":57,"enemies":"Champ","floor":33,"turns":10}],"seed_played":"2747988707824216145","potions_obtained":[{"floor":8,"key":"FearPotion"},{"floor":11,"key":"LiquidBronze"},{"floor":14,"key":"GamblersBrew"},{"floor":16,"key":"EntropicBrew"},{"floor":31,"key":"FearPotion"}],"is_trial":false,"path_per_floor":["M","?","M","$","T","R","M","E","T","?","M","E","R","M","R","B",null,"M","$","?","?","M","R","M","$","T","E","R","?","E","M","R"],"character_chosen":"THE_SILENT","items_purchased":["Flying Knee","Infinite Blades","Matryoshka","Flying Knee","Malaise","Blur"],"campfire_rested":2,"item_purchase_floors":[4,4,19,19,19,25],"current_hp_per_floor":[68,57,57,57,57,57,57,48,48,48,42,30,30,30,51,17,70,57,57,41,41,37,37,44,44,44,22,43,30,38,46,46,0],"gold":75,"neow_bonus":"","is_prod":false,"is_daily":false,"chose_seed":false,"campfire_upgraded":4,"win_rate":0.0,"timestamp":1530940883,"path_taken":["M","?","M","$","?","R","M","E","T","?","M","E","R","M","R","BOSS","M","$","?","?","M","R","M","?","T","E","R","?","E","M","R","BOSS"],"build_version":"2018-07-05","purchased_purges":0,"victory":false,"max_hp_per_floor":[70,70,70,70,70,70,70,70,70,70,70,70,70,70,70,70,70,70,70,70,70,70,70,70,70,70,70,70,75,75,75,75,75],"card_choices":[{"not_picked":["Deflect","Bouncing Flask"],"picked":"Crippling Poison","floor":1},{"not_picked":["Prepared","Infinite Blades"],"picked":"Caltrops","floor":3},{"not_picked":["Sucker Punch","Backflip"],"picked":"Underhanded Strike","floor":7},{"not_picked":["PiercingWail","Prepared"],"picked":"Flying Knee","floor":8},{"not_picked":["Backflip","Quick Slash"],"picked":"Backstab","floor":11},{"not_picked":["PiercingWail","Riddle With Holes"],"picked":"Predator","floor":12},{"not_picked":["Flechettes","Caltrops"],"picked":"A Thousand Cuts","floor":14},{"not_picked":["Die Die Die","Phantasmal Killer"],"picked":"A Thousand Cuts","floor":16},{"not_picked":["Reflex","Deadly Poison"],"picked":"Noxious Fumes","floor":18},{"not_picked":["Flying Knee","Quick Slash"],"picked":"Blade Dance+1","floor":22},{"not_picked":["Malaise","Bouncing Flask","Eviscerate"],"picked":"SKIP","floor":24},{"not_picked":["Backflip","Acrobatics"],"picked":"Dagger Spray","floor":27},{"not_picked":["PiercingWail","Poisoned Stab","Acrobatics+1"],"picked":"Flying Knee","floor":30},{"not_picked":["Acrobatics","Backflip","Blur"],"picked":"Burst","floor":31}],"player_experience":6433,"relics_obtained":[{"floor":5,"key":"War Paint"},{"floor":8,"key":"Bottled Tornado"},{"floor":9,"key":"Potion Belt"},{"floor":12,"key":"Meat on the Bone"},{"floor":20,"key":"Enchiridion"},{"floor":26,"key":"Bronze Scales"},{"floor":26,"key":"Paper Crane"},{"floor":27,"key":"Question Card"},{"floor":30,"key":"Bottled Flame"}],"event_choices":[{"event_name":"World of Goop","player_choice":"Gather Gold","floor":2,"damage_taken":0},{"event_name":"Accursed Blacksmith","player_choice":"Forge","floor":10,"damage_taken":0},{"event_name":"Cursed Tome","player_choice":"Obtained Book","floor":20,"damage_taken":0},{"event_name":"Back to Basics","player_choice":"Simplicity","floor":21,"damage_taken":0},{"event_name":"Forgotten Altar","player_choice":"Shed Blood","floor":29,"damage_taken":0}],"boss_relics":[{"not_picked":["Coffee Dripper","Empty Cage"],"picked":"Velvet Choker"}],"items_purged_floors":[],"is_endless":false,"potions_floor_spawned":[8,11,14,16,31],"killed_by":"Champ","ascension_level":0}