{"gold_per_floor":[112,131,131,143,143,143,153,170,219,229,229,249,14,33,33,135,135,147,147,147,158,158,158,158,178,203,203,222,222,242,259,259,363,363,382,401,10,110,110],"floor_reached":39,"playtime":1940,"items_purged":["Strike_G","Strike_G"],"score":583,"play_id":"542bcf3b-1761-4947-aacb-0f00ab2e8156","local_time":"20180804122203","is_ascension_mode":true,"campfire_choices":[{"floor":6.0,"key":"REST"},{"floor":15.0,"key":"REST"},{"data":"Noxious Fumes","floor":23.0,"key":"SMITH"},{"data":"Catalyst","floor":27.0,"key":"SMITH"},{"floor":29.0,"key":"REST"},{"floor":32.0,"key":"REST"}],"neow_cost":"","seed_source_timestamp":0,"circlet_count":0,"master_deck":["Defend_G","Defend_G","Defend_G","Defend_G","Defend_G","Strike_G","Strike_G","Survivor","Neutralize+1","Poisoned Stab","Poisoned Stab","Dagger Spray","Caltrops","Catalyst+1","Footwork","Crippling Poison","Caltrops","Die Die Die","Deadly Poison","Night Terror","Noxious Fumes+1","Backflip","Bouncing Flask","Prepared","Setup","Blur","Backflip+1","Outmaneuver+1","Die Die Die","Catalyst+1","Deflect+1"],"special_seed":0,"relics":["Ring of the Snake","Letter Opener","Orichalcum","Orrery","Question Card","Lantern","Cursed Key","Peace Pipe"],"potions_floor_usage":[33,35],"damage_taken":[{"damage":0.0,"enemies":"Small Slimes","floor":1.0,"turns":3.0},{"damage":2.0,"enemies":"2 Louse","floor":2.0,"turns":3.0},{"damage":4.0,"enemies":"Jaw Worm","floor":4.0,"turns":3.0},{"damage":2.0,"enemies":"Exordium Wildlife","floor":7.0,"turns":2.0},{"damage":5.0,"enemies":"Red Slaver","floor":8.0,"turns":5.0},{"damage":19.0,"enemies":"Lots of Slimes","floor":10.0,"turns":3.0},{"damage":12.0,"enemies":"Blue Slaver","floor":12.0,"turns":3.0},{"damage":1.0,"enemies":"Red Slaver","floor":14.0,"turns":5.0},{"damage":6.0,"enemies":"The Guardian","floor":16.0,"turns":8.0},{"damage":17.0,"enemies":"Chosen","floor":18.0,"turns":6.0},{"damage":14.0,"enemies":"Spheric Guardian","floor":21.0,"turns":5.0},{"damage":18.0,"enemies":"Cultist and Chosen","floor":25.0,"turns":6.0},{"damage":22.0,"enemies":"3 Cultists","floor":28.0,"turns":5.0},{"damage":14.0,"enemies":"Snake Plant","floor":30.0,"turns":4.0},{"damage":12.0,"enemies":"Snecko","floor":31.0,"turns":4.0},{"damage":22,"enemies":"Champ","floor":33,"turns":10},{"damage":7,"enemies":"Orb Walker","floor":35,"turns":4},{"damage":43,"enemies":"3 Darklings","floor":36,"turns":4},{"damage":22,"enemies":"Sphere and 2 Shapes","floor":39,"turns":4}],"seed_played":"-2312142682292845645","potions_obtained":[{"floor":2.0,"key":"SteroidPotion"},{"floor":8.0,"key":"Regen Potion"},{"floor":14.0,"key":"Poison Potion"},{"floor":16.0,"key":"Dexterity Potion"},{"floor":25.0,"key":"Weak Potion"},{"floor":30.0,"key":"Ancient Potion"},{"floor":31.0,"key":"Dexterity Potion"},{"floor":33,"key":"Regen Potion"}],"is_trial":false,"path_per_floor":["M","M","?","M","?","R","M","M","T","M","?","M","$","M","R","B",null,"M","?","?","M","T","R","?","M","T","R","M","R","M","M","R","B",null,"M","M","$","?"],"character_chosen":"THE_SILENT","items_purchased":["Die Die Die","Peace Pipe"],"campfire_rested":4,"item_purchase_floors":[13,37],"current_hp_per_floor":[63,61,43,39,39,60,58,53,53,34,34,22,22,33,54,48,65,48,70,70,56,56,56,56,38,38,38,16,37,23,11,32,10,55,62,19,19,19,0],"gold":110,"neow_bonus":"","is_prod":false,"is_daily":false,"chose_seed":false,"campfire_upgraded":2,"win_rate":0,"timestamp":1533399723,"path_taken":["M","M","?","M","?","R","M","?","T","M","?","M","$","M","R","BOSS","M","?","?","M","?","R","?","M","T","R","M","R","?","M","R","BOSS","M","M","$","?","M"],"build_version":"2018-08-02","purchased_purges":2,"victory":false,"max_hp_per_floor":[70,70,70,70,70,70,70,70,70,70,70,70,70,70,70,70,70,70,70,70,70,70,70,70,70,70,70,70,70,70,70,70,70,70,70,70,70,70,70],"card_choices":[{"not_picked":["Slice","Dagger Spray"],"picked":"Poisoned Stab","floor":1.0},{"not_picked":["Slice","Acrobatics"],"picked":"Poisoned Stab","floor":2.0},{"not_picked":["Prepared","Distraction"],"picked":"Dagger Spray","floor":4.0},{"not_picked":["Expertise","Dodge and Roll"],"picked":"Caltrops","floor":7.0},{"not_picked":["Poisoned Stab","Deadly Poison"],"picked":"Catalyst","floor":8.0},{"not_picked":["Escape Plan","Dodge and Roll"],"picked":"Footwork","floor":10.0},{"not_picked":["Dagger Spray","Flying Knee"],"picked":"Caltrops","floor":12.0},{"not_picked":["Slice","Poisoned Stab"],"picked":"Deadly Poison","floor":14.0},{"not_picked":["Burst","Adrenaline"],"picked":"Night Terror","floor":16.0},{"not_picked":["Blade Dance","Well Laid Plans"],"picked":"Noxious Fumes","floor":17.0},{"not_picked":["Cloak And Dagger","Flying Knee"],"picked":"Backflip","floor":17.0},{"not_picked":["Setup","Sucker Punch"],"picked":"Bouncing Flask","floor":17.0},{"not_picked":["Cloak And Dagger","Acrobatics"],"picked":"Prepared","floor":17.0},{"not_picked":["Flying Knee","Dagger Spray"],"picked":"Setup","floor":17.0},{"not_picked":["Storm of Steel","Flechettes","Concentrate"],"picked":"SKIP","floor":18.0},{"not_picked":["Underhanded Strike","Distraction","Heel Hook+1"],"picked":"SKIP","floor":21.0},{"not_picked":["Caltrops","Dagger Spray","Distraction"],"picked":"Blur","floor":25.0},{"not_picked":["Prepared","Tactician+1","Deflect+1","Flechettes+1"],"picked":"SKIP","floor":28.0},{"not_picked":["Cloak And Dagger","Sucker Punch","Deflect"],"picked":"Backflip+1","floor":30.0},{"not_picked":["Bane","Underhanded Strike","Concentrate"],"picked":"Outmaneuver+1","floor":31.0},{"not_picked":["Venomology","Doppelganger","Envenom"],"picked":"Die Die Die","floor":33},{"not_picked":["Eviscerate","Deflect","Backflip+1"],"picked":"Catalyst+1","floor":35},{"not_picked":["Eviscerate","Reflex+1","Masterful Stab+1"],"picked":"Deflect+1","floor":36}],"player_experience":1418149,"relics_obtained":[{"floor":9.0,"key":"Orichalcum"},{"floor":22.0,"key":"Question Card"},{"floor":26.0,"key":"Lantern"}],"event_choices":[{"event_name":"Scrap Ooze","player_choice":"success","floor":3.0,"damage_taken":18.0},{"event_name":"Living Wall","player_choice":"Grow","floor":5.0,"damage_taken":0.0},{"event_name":"Transmorgrifier","player_choice":"Transform","floor":11.0,"damage_taken":0.0},{"event_name":"The Library","player_choice":"Heal","floor":19.0,"damage_taken":0.0},{"event_name":"Vampires","player_choice":"Ignored","floor":20.0,"damage_taken":0.0},{"event_name":"Addict","player_choice":"Ignored","floor":24.0,"damage_taken":0.0},{"event_name":"Golden Shrine","player_choice":"Pray","floor":38,"damage_taken":0}],"is_beta":false,"boss_relics":[{"not_picked":["Philosopher\u0027s Stone","Coffee Dripper"],"picked":"Orrery"},{"not_picked":["Tiny House","Runic Dome"],"picked":"Cursed Key"}],"items_purged_floors":[13,37],"is_endless":false,"potions_floor_spawned":[2,8,14,16,25,30,31,33],"killed_by":"Sphere and 2 Shapes","ascension_level":9}