{"gold_per_floor":[119,131,131,141,141,141,154,179,209,223,240,240],"floor_reached":12,"playtime":536,"items_purged":[],"score":156,"play_id":"498fc580-00c1-4962-a547-be9105e26d25","local_time":"20190102221637","is_ascension_mode":true,"campfire_choices":[{"data":"Coolheaded","floor":6,"key":"SMITH"}],"neow_cost":"NONE","seed_source_timestamp":1190858238679694,"circlet_count":0,"master_deck":["AscendersBane","Strike_B","Strike_B","Strike_B","Strike_B","Defend_B","Defend_B","Defend_B","Defend_B","Zap","Dualcast","Gash","Coolheaded+1","Compile Driver","Gash","Heatsinks","Genetic Algorithm","Stack"],"relics":["Cracked Core","NeowsBlessing","Strawberry","Tiny Chest"],"potions_floor_usage":[7,7,7,8,8,12],"damage_taken":[{"damage":0,"enemies":"Jaw Worm","floor":1,"turns":1},{"damage":0,"enemies":"Cultist","floor":2,"turns":1},{"damage":0,"enemies":"Small Slimes","floor":4,"turns":1},{"damage":0,"enemies":"Gremlin Gang","floor":7,"turns":1},{"damage":49,"enemies":"3 Sentries","floor":8,"turns":12},{"damage":21,"enemies":"Large Slime","floor":10,"turns":6},{"damage":0,"enemies":"2 Fungi Beasts","floor":11,"turns":4},{"damage":4,"enemies":"3 Louse","floor":12,"turns":3}],"seed_played":"-6428970438962167991","potions_obtained":[{"floor":3,"key":"EntropicBrew"},{"floor":3,"key":"Explosive Potion"},{"floor":7,"key":"Poison Potion"},{"floor":10,"key":"SpeedPotion"}],"is_trial":false,"path_per_floor":["M","M","?","M","?","R","M","E","T","M","M","M"],"character_chosen":"DEFECT","items_purchased":[],"campfire_rested":0,"item_purchase_floors":[],"current_hp_per_floor":[64,64,64,64,64,64,64,22,22,1,1,0],"gold":240,"neow_bonus":"THREE_ENEMY_KILL","is_prod":false,"is_daily":false,"chose_seed":false,"campfire_upgraded":1,"win_rate":0,"timestamp":1546485397,"path_taken":["M","M","?","?","?","R","M","E","T","M","?","M"],"build_version":"2018-12-20","purchased_purges":0,"victory":false,"max_hp_per_floor":[71,71,71,71,71,71,71,78,78,78,78,78],"card_choices":[{"not_picked":["Cold Snap","Aggregate"],"picked":"Gash","floor":1},{"not_picked":["Conserve Battery","Streamline"],"picked":"Coolheaded","floor":2},{"not_picked":["Chaos","Tempest"],"picked":"Compile Driver","floor":4},{"not_picked":["Barrage","Lockon"],"picked":"Gash","floor":7},{"not_picked":["Tempest","Reinforced Body"],"picked":"Heatsinks","floor":8},{"not_picked":["Rainbow","Doom and Gloom"],"picked":"Genetic Algorithm","floor":10},{"not_picked":["Turbo","White Noise"],"picked":"Stack","floor":11}],"player_experience":1988816,"relics_obtained":[{"floor":8,"key":"Strawberry"},{"floor":9,"key":"Tiny Chest"}],"event_choices":[{"damage_healed":0,"gold_gain":0,"player_choice":"Got Potions","damage_taken":0,"max_hp_gain":0,"max_hp_loss":0,"event_name":"Lab","floor":3,"gold_loss":0},{"damage_healed":0,"gold_gain":0,"player_choice":"0 cards matched","damage_taken":0,"max_hp_gain":0,"max_hp_loss":0,"event_name":"Match and Keep!","floor":5,"gold_loss":0,"cards_obtained":[]}],"is_beta":false,"boss_relics":[],"items_purged_floors":[],"is_endless":false,"potions_floor_spawned":[7,10],"killed_by":"3 Louse","ascension_level":18}