{"gold_per_floor":[117,9,24,54,129,129,159,109,132,145,27,27,38,84,84,181,181,195,210,227,227,245,245,54,54,54,67,77,77,77,77,77,77],"floor_reached":33,"playtime":1930,"items_purged":["Strike_R","Strike_R","Strike_R"],"score":270,"play_id":"9bf54c81-6b24-494f-8402-e18c63c1a76c","local_time":"20181126000050","is_ascension_mode":false,"campfire_choices":[{"data":"Flex","floor":6,"key":"SMITH"},{"floor":12,"key":"REST"},{"data":"Armaments","floor":15,"key":"SMITH"},{"data":"Infernal Blade","floor":23,"key":"SMITH"},{"data":"Whirlwind","floor":29,"key":"SMITH"},{"data":"Heavy Blade","floor":32,"key":"SMITH"}],"neow_cost":"NONE","seed_source_timestamp":1233400614528451,"circlet_count":0,"master_deck":["Defend_R","Defend_R","Bash","Limit Break","Flex+1","Whirlwind+1","Iron Wave","Armaments+1","Ghostly Armor","Infernal Blade+1","Spot Weakness","Impervious","Heavy Blade+1","Infernal Blade+1","Disarm","Inflame","Bite","Bite","Bite","Bite","Bite"],"relics":["Burning Blood","Tiny Chest","Centennial Puzzle","Smiling Mask","Bag of Marbles","Empty Cage","Bronze Scales","Nilry\u0027s Codex","Self Forming Clay"],"potions_floor_usage":[16,19,33,33],"damage_taken":[{"damage":5,"enemies":"Cultist","floor":1,"turns":4},{"damage":7,"enemies":"Small Slimes","floor":3,"turns":2},{"damage":56,"enemies":"3 Sentries","floor":7,"turns":9},{"damage":0,"enemies":"2 Louse","floor":10,"turns":1},{"damage":2,"enemies":"2 Fungi Beasts","floor":13,"turns":4},{"damage":34,"enemies":"Slime Boss","floor":16,"turns":8},{"damage":3,"enemies":"2 Thieves","floor":18,"turns":4},{"damage":10,"enemies":"Chosen","floor":19,"turns":3},{"damage":10,"enemies":"Snake Plant","floor":20,"turns":3},{"damage":12,"enemies":"3 Cultists","floor":22,"turns":4},{"damage":6,"enemies":"Cultist and Chosen","floor":27,"turns":3},{"damage":10,"enemies":"Snecko","floor":28,"turns":4},{"damage":59,"enemies":"Collector","floor":33,"turns":6}],"seed_played":"1310546176523805599","potions_obtained":[{"floor":10,"key":"Swift Potion"},{"floor":13,"key":"BloodPotion"},{"floor":18,"key":"AttackPotion"},{"floor":20,"key":"Strength Potion"},{"floor":27,"key":"Block Potion"}],"is_trial":false,"path_per_floor":["M","$","M","?","?","R","E","?","T","M","$","R","M","T","R","B",null,"M","M","M","?","M","R","$","?","T","M","M","R","?","T","R","B"],"character_chosen":"IRONCLAD","items_purchased":["Whirlwind","Infernal Blade","Disarm","Inflame"],"campfire_rested":1,"item_purchase_floors":[2,11,24,24],"current_hp_per_floor":[80,80,79,72,61,61,11,11,11,17,17,41,45,45,45,17,80,80,76,72,72,66,66,66,50,50,50,46,46,46,46,46,0],"gold":77,"neow_bonus":"ONE_RANDOM_RARE_CARD","is_prod":false,"is_daily":false,"chose_seed":false,"campfire_upgraded":5,"win_rate":0,"timestamp":1543158050,"path_taken":["M","$","?","?","?","R","E","?","T","M","$","R","M","?","R","BOSS","M","M","?","?","M","R","$","?","T","M","M","R","?","?","R","BOSS"],"build_version":"2018-11-15","purchased_purges":3,"victory":false,"max_hp_per_floor":[80,80,80,80,80,80,80,80,80,80,80,80,80,80,80,80,80,80,80,80,80,80,80,80,80,80,80,80,80,56,56,56,56],"card_choices":[{"not_picked":["Metallicize","Sever Soul"],"picked":"Flex","floor":1},{"not_picked":["Body Slam","Uppercut"],"picked":"Iron Wave","floor":3},{"not_picked":["Clothesline","Sword Boomerang"],"picked":"Armaments","floor":7},{"not_picked":["Dark Embrace","Rupture"],"picked":"Ghostly Armor","floor":10},{"not_picked":["Armaments","Corruption"],"picked":"Spot Weakness","floor":13},{"not_picked":["Offering","Juggernaut"],"picked":"Impervious","floor":16},{"not_picked":["Fire Breathing","Armaments"],"picked":"Heavy Blade","floor":18},{"not_picked":["Burning Pact","Warcry"],"picked":"Infernal Blade+1","floor":19},{"not_picked":["Clothesline","Intimidate","Spot Weakness"],"picked":"SKIP","floor":20},{"not_picked":["Burning Pact","Second Wind","Clothesline"],"picked":"SKIP","floor":22},{"not_picked":["Rampage+1","Warcry","Sever Soul"],"picked":"SKIP","floor":27},{"not_picked":["Thunderclap","Second Wind","Wild Strike+1"],"picked":"SKIP","floor":28}],"player_experience":49790,"relics_obtained":[{"floor":7,"key":"Centennial Puzzle"},{"floor":9,"key":"Smiling Mask"},{"floor":14,"key":"Bag of Marbles"},{"floor":25,"key":"Nilry\u0027s Codex"},{"floor":26,"key":"Self Forming Clay"}],"event_choices":[{"damage_healed":0,"gold_gain":0,"player_choice":"Success","damage_taken":7,"relics_obtained":["Tiny Chest"],"max_hp_gain":0,"max_hp_loss":0,"event_name":"Scrap Ooze","floor":4,"gold_loss":0},{"damage_healed":0,"gold_gain":75,"player_choice":"Gather Gold","damage_taken":11,"max_hp_gain":0,"max_hp_loss":0,"event_name":"World of Goop","floor":5,"gold_loss":0},{"cards_removed":["Defend_R"],"damage_healed":0,"gold_gain":0,"player_choice":"Card Removal","damage_taken":0,"max_hp_gain":0,"max_hp_loss":0,"event_name":"The Cleric","floor":8,"gold_loss":50},{"damage_healed":0,"gold_gain":0,"player_choice":"Opened","damage_taken":0,"relics_obtained":["Bronze Scales"],"max_hp_gain":0,"max_hp_loss":0,"event_name":"The Mausoleum","floor":21,"gold_loss":0},{"damage_healed":0,"gold_gain":0,"player_choice":"Obtained Book","damage_taken":16,"max_hp_gain":0,"max_hp_loss":0,"event_name":"Cursed Tome","floor":25,"gold_loss":0},{"damage_healed":0,"gold_gain":0,"player_choice":"Became a vampire","damage_taken":0,"max_hp_gain":0,"max_hp_loss":24,"event_name":"Vampires","floor":30,"gold_loss":0,"cards_obtained":["Bite","Bite","Bite","Bite","Bite"]}],"is_beta":false,"boss_relics":[{"not_picked":["Tiny House","Coffee Dripper"],"picked":"Empty Cage"}],"items_purged_floors":[2,11,24],"is_endless":false,"potions_floor_spawned":[10,13,18,20,27],"killed_by":"Collector","ascension_level":0}