{"gold_per_floor":[144,189,234,279,324,324,414,414,469,469,514,589,634,679,679,979,979,1024,970,625,670,370,415,460,505,505,550,595,595,694,739,739,1039,1039,1084,1084,734,734,779,869,914,1028,1053,1098,1098,1028,1118,1163,1163,1163],"floor_reached":51,"playtime":1701,"items_purged":[],"score":992,"play_id":"400246ad-aa75-49f2-bcef-23eff69510cb","local_time":"20181105115233","daily_mods":["Cursed Run","Time Dilation","Midas"],"is_ascension_mode":false,"campfire_choices":[{"floor":6,"key":"REST"},{"floor":8,"key":"REST"},{"floor":15,"key":"REST"},{"floor":29,"key":"REST"},{"data":"1","floor":32,"key":"LIFT"},{"data":"2","floor":45,"key":"LIFT"},{"data":"3","floor":49,"key":"LIFT"}],"neow_cost":"","seed_source_timestamp":0,"circlet_count":0,"master_deck":["Strike_R+1","Strike_R+1","Strike_R+1","Strike_R+1","Strike_R+1","Defend_R+1","Defend_R+1","Defend_R+1","Defend_R+1","Bash+1","Body Slam+1","Pommel Strike+1","Offering+1","Shrug It Off+1","Twin Strike+1","Whirlwind+1","Parasite","Regret","Heavy Blade+1","Normality","Shockwave+1","Rupture+1","Normality","Dark Embrace+1","Parasite","Parasite","Normality","Shrug It Off+1","Rupture+1","Battle Trance+1","Twin Strike+1","Limit Break+1","Doubt","Disarm+1","Body Slam+1","Anger+1","Writhe","Limit Break+1","True Grit+1","Armaments+1","Injury","Impervious","Pummel+1","Disarm","Decay"],"special_seed":17840,"relics":["Cursed Key","Darkstone Periapt","Du-Vu Doll","Boot","Tiny Chest","Oddly Smooth Stone","Sundial","Calling Bell","Orichalcum","Kunai","Girya","Art of War","FossilizedHelix","Mango","Blue Candle","White Beast Statue","Mark of the Bloom","Lantern","Sling","Champion Belt","Incense Burner","Bag of Marbles","Paper Frog"],"potions_floor_usage":[24],"damage_taken":[{"damage":9,"enemies":"2 Louse","floor":1,"turns":2},{"damage":1,"enemies":"Jaw Worm","floor":2,"turns":2},{"damage":1,"enemies":"Cultist","floor":3,"turns":3},{"damage":9,"enemies":"Blue Slaver","floor":4,"turns":3},{"damage":2,"enemies":"2 Fungi Beasts","floor":5,"turns":3},{"damage":27,"enemies":"Lagavulin","floor":7,"turns":6},{"damage":1,"enemies":"Looter","floor":11,"turns":2},{"damage":6,"enemies":"Exordium Thugs","floor":13,"turns":2},{"damage":10,"enemies":"2 Fungi Beasts","floor":14,"turns":2},{"damage":27,"enemies":"The Guardian","floor":16,"turns":6},{"damage":6,"enemies":"Spheric Guardian","floor":18,"turns":1},{"damage":5,"enemies":"3 Byrds","floor":21,"turns":4},{"damage":27,"enemies":"3 Cultists","floor":23,"turns":4},{"damage":6,"enemies":"Chosen and Byrds","floor":24,"turns":3},{"damage":6,"enemies":"Snake Plant","floor":25,"turns":2},{"damage":0,"enemies":"Shelled Parasite and Fungi","floor":27,"turns":2},{"damage":11,"enemies":"Sentry and Sphere","floor":28,"turns":3},{"damage":6,"enemies":"3 Cultists","floor":31,"turns":2},{"damage":27,"enemies":"Automaton","floor":33,"turns":5},{"damage":12,"enemies":"Orb Walker","floor":35,"turns":2},{"damage":1,"enemies":"3 Darklings","floor":39,"turns":3},{"damage":2,"enemies":"Nemesis","floor":40,"turns":3},{"damage":4,"enemies":"Writhing Mass","floor":41,"turns":3},{"damage":11,"enemies":"2 Orb Walkers","floor":42,"turns":3},{"damage":12,"enemies":"Jaw Worm Horde","floor":44,"turns":3},{"damage":4,"enemies":"Giant Head","floor":47,"turns":3},{"damage":0,"enemies":"4 Shapes","floor":48,"turns":1},{"damage":15,"enemies":"Time Eater","floor":50,"turns":6}],"seed_played":"8055105580141425642","potions_obtained":[{"floor":1,"key":"Explosive Potion"},{"floor":2,"key":"EssenceOfSteel"},{"floor":4,"key":"Dexterity Potion"},{"floor":21,"key":"LiquidBronze"},{"floor":24,"key":"Poison Potion"},{"floor":39,"key":"FearPotion"}],"is_trial":false,"path_per_floor":["M","M","M","M","M","R","E","R","T","?","M","T","M","M","R","B",null,"M","?","$","M","$","M","M","M","T","M","M","R","?","M","R","B",null,"M","?","$","?","M","E","M","?","T","M","R","$","E","M","R","B",null],"character_chosen":"IRONCLAD","items_purchased":["FossilizedHelix","Shrug It Off","Mango","Lantern","Sling","Impervious"],"campfire_rested":4,"item_purchase_floors":[20,20,22,37,37,46],"current_hp_per_floor":[71,70,69,60,58,80,53,77,83,89,88,94,88,78,98,77,122,116,116,116,111,125,98,92,86,92,92,81,123,123,117,117,96,148,136,136,136,136,135,133,129,118,118,106,106,106,102,102,102,87],"gold":1163,"neow_bonus":"","is_prod":false,"is_daily":true,"chose_seed":false,"campfire_upgraded":0,"win_rate":0,"timestamp":1541415153,"path_taken":["M","M","M","M","M","R","E","R","T","?","M","?","M","M","R","BOSS","M","?","$","?","$","M","M","M","T","M","M","R","?","M","R","BOSS","M","?","$","?","M","E","?","?","T","M","R","$","E","M","R","BOSS"],"build_version":"2018-11-01","purchased_purges":0,"victory":true,"max_hp_per_floor":[80,80,80,80,80,80,80,80,86,92,92,98,98,98,98,104,122,122,122,122,122,136,136,136,136,142,142,142,142,142,142,142,148,148,148,148,148,148,148,148,148,148,154,154,154,154,154,154,154,160],"card_choices":[{"not_picked":["Disarm","Warcry"],"picked":"Body Slam","floor":1},{"not_picked":["Body Slam","Hemokinesis"],"picked":"Pommel Strike","floor":2},{"not_picked":["Twin Strike","Clash"],"picked":"Offering","floor":3},{"not_picked":["Dual Wield","Wild Strike"],"picked":"Shrug It Off","floor":4},{"not_picked":["Clash","Dual Wield"],"picked":"Twin Strike","floor":5},{"not_picked":["Heavy Blade","Wild Strike"],"picked":"Whirlwind","floor":7},{"not_picked":["Shrug It Off","Battle Trance"],"picked":"Heavy Blade","floor":11},{"not_picked":["Heavy Blade","Hemokinesis"],"picked":"Shockwave","floor":13},{"not_picked":["Wild Strike","Whirlwind"],"picked":"Rupture","floor":14},{"not_picked":["Brutality","Bludgeon"],"picked":"Dark Embrace","floor":16},{"not_picked":["Infernal Blade","Pommel Strike","Clash"],"picked":"SKIP","floor":18},{"not_picked":["Cleave","Shrug It Off"],"picked":"Rupture","floor":21},{"not_picked":["Wild Strike+1","Clash"],"picked":"Battle Trance","floor":23},{"not_picked":["Pommel Strike","Heavy Blade"],"picked":"Twin Strike+1","floor":24},{"not_picked":["Spot Weakness","Wild Strike+1"],"picked":"Limit Break","floor":25},{"not_picked":["Cleave","Flex+1"],"picked":"Disarm+1","floor":27},{"not_picked":["Iron Wave","Clash"],"picked":"Body Slam+1","floor":28},{"not_picked":["Warcry","Thunderclap"],"picked":"Anger","floor":31},{"not_picked":["Impervious","Demon Form"],"picked":"Limit Break","floor":33},{"not_picked":["Flex","Hemokinesis+1"],"picked":"True Grit","floor":35},{"not_picked":["Body Slam+1","Twin Strike+1","Combust"],"picked":"SKIP","floor":39},{"not_picked":["Brutality","Clash","Warcry"],"picked":"SKIP","floor":40},{"not_picked":["Clash","Iron Wave","Anger"],"picked":"SKIP","floor":41},{"not_picked":["Pommel Strike","True Grit"],"picked":"Armaments+1","floor":42},{"not_picked":["Thunderclap","Infernal Blade+1","Warcry"],"picked":"SKIP","floor":44},{"not_picked":["Brutality","Sword Boomerang"],"picked":"Pummel+1","floor":47},{"not_picked":["Burning Pact","Shrug It Off+1"],"picked":"Disarm","floor":48}],"player_experience":1593545,"relics_obtained":[{"floor":7,"key":"Boot"},{"floor":9,"key":"Tiny Chest"},{"floor":12,"key":"Sundial"},{"floor":17,"key":"Orichalcum"},{"floor":17,"key":"Kunai"},{"floor":17,"key":"Girya"},{"floor":26,"key":"Blue Candle"},{"floor":40,"key":"Champion Belt"},{"floor":42,"key":"Incense Burner"},{"floor":43,"key":"Bag of Marbles"},{"floor":47,"key":"Paper Frog"}],"event_choices":[{"damage_healed":0,"gold_gain":0,"player_choice":"Box","damage_taken":0,"relics_obtained":["Oddly Smooth Stone"],"max_hp_gain":0,"max_hp_loss":0,"event_name":"Big Fish","floor":10,"gold_loss":0,"cards_obtained":["Regret"]},{"damage_healed":0,"gold_gain":0,"player_choice":"Paid Gold","damage_taken":0,"relics_obtained":["Art of War"],"max_hp_gain":0,"max_hp_loss":0,"event_name":"WeMeetAgain","floor":19,"gold_loss":54},{"damage_healed":0,"gold_gain":99,"player_choice":"Stole From Cult","damage_taken":0,"max_hp_gain":0,"max_hp_loss":0,"event_name":"Nest","floor":30,"gold_loss":0},{"damage_healed":0,"gold_gain":0,"player_choice":"Upgrade","damage_taken":0,"relics_obtained":["Mark of the Bloom"],"max_hp_gain":0,"max_hp_loss":0,"event_name":"MindBloom","floor":36,"gold_loss":0,"cards_upgraded":["Strike_R","Strike_R","Strike_R","Strike_R","Strike_R","Defend_R","Defend_R","Defend_R","Defend_R","Bash","Body Slam","Pommel Strike","Offering","Shrug It Off","Twin Strike","Whirlwind","Heavy Blade","Shockwave","Rupture","Dark Embrace","Shrug It Off","Rupture","Battle Trance","Limit Break","Anger","Limit Break","True Grit"]},{"damage_healed":0,"gold_gain":0,"player_choice":"Ignored","damage_taken":0,"max_hp_gain":0,"max_hp_loss":0,"event_name":"Tomb of Lord Red Mask","floor":38,"gold_loss":0},{"damage_healed":0,"gold_gain":0,"player_choice":"Fight","damage_taken":0,"max_hp_gain":0,"max_hp_loss":0,"event_name":"Mysterious Sphere","floor":42,"gold_loss":0}],"is_beta":false,"boss_relics":[{"not_picked":["Mark of Pain","Velvet Choker"],"picked":"Calling Bell"},{"not_picked":["Lizard Tail","Coffee Dripper"],"picked":"White Beast Statue"}],"items_purged_floors":[],"is_endless":false,"potions_floor_spawned":[1,2,4,5,13,16,21,24,25,27,33,35,39,40,41,42,44,47,48],"ascension_level":0}