{"gold_per_floor":[115,134,134,147,147,147,69,69,93,93,128,128,146,146,146,146],"floor_reached":16,"playtime":626,"items_purged":[],"score":176,"play_id":"28d6bae5-bf63-419c-83ef-c3b8549fb601","local_time":"20181109101648","is_ascension_mode":true,"campfire_choices":[{"floor":6,"key":"REST"},{"data":"Zap","floor":8,"key":"SMITH"},{"data":"Redo","floor":10,"key":"SMITH"},{"data":"Loop","floor":12,"key":"SMITH"},{"floor":15,"key":"REST"}],"neow_cost":"NONE","seed_source_timestamp":306222647128722,"circlet_count":0,"master_deck":["AscendersBane","Strike_B","Strike_B","Strike_B","Defend_B","Defend_B","Defend_B","Defend_B","Zap+1","Dualcast","BootSequence","Redo+1","Sweeping Beam","Loop+1","Leap","Rebound","Decay"],"relics":["Eternal Feather","Golden Idol","Centennial Puzzle","Dead Branch"],"potions_floor_usage":[11],"damage_taken":[{"damage":17,"enemies":"Small Slimes","floor":1,"turns":4},{"damage":2,"enemies":"Jaw Worm","floor":2,"turns":4},{"damage":6,"enemies":"Cultist","floor":4,"turns":5},{"damage":28,"enemies":"Lagavulin","floor":11,"turns":8},{"damage":16,"enemies":"Exordium Thugs","floor":13,"turns":3},{"damage":65,"enemies":"Hexaghost","floor":16,"turns":10}],"seed_played":"-2939489590370247560","potions_obtained":[{"floor":1,"key":"Dexterity Potion"},{"floor":2,"key":"FairyPotion"}],"is_trial":false,"path_per_floor":["M","M","?","M","?","R","$","R","T","R","E","R","M","?","R","B"],"character_chosen":"DEFECT","items_purchased":["Loop"],"campfire_rested":2,"item_purchase_floors":[7],"current_hp_per_floor":[47,45,45,39,32,57,57,63,63,64,36,45,29,29,57,0],"gold":146,"neow_bonus":"BOSS_RELIC","is_prod":false,"is_daily":false,"chose_seed":false,"campfire_upgraded":3,"win_rate":0,"timestamp":1541776608,"path_taken":["M","M","?","M","?","R","$","R","T","R","E","R","M","?","R","BOSS"],"build_version":"2018-11-08","purchased_purges":0,"victory":false,"max_hp_per_floor":[71,71,64,64,64,64,64,64,64,64,64,64,64,64,64,64],"card_choices":[{"not_picked":["Compile Driver","Consume"],"picked":"BootSequence","floor":1},{"not_picked":["Steam","Sweeping Beam"],"picked":"Redo","floor":2},{"not_picked":["Fusion","Redo"],"picked":"Sweeping Beam","floor":4},{"not_picked":["Redo","Rebound"],"picked":"Leap","floor":11},{"not_picked":["Redo","Lockon"],"picked":"Rebound","floor":13}],"player_experience":1674668,"relics_obtained":[{"floor":9,"key":"Centennial Puzzle"},{"floor":11,"key":"Dead Branch"}],"event_choices":[{"damage_healed":0,"gold_gain":0,"player_choice":"Lose Max HP","damage_taken":0,"relics_obtained":["Golden Idol"],"max_hp_gain":0,"max_hp_loss":7,"event_name":"Golden Idol","floor":3,"gold_loss":0},{"cards_removed":["Strike_B"],"damage_healed":0,"gold_gain":0,"player_choice":"Card Removal","damage_taken":7,"max_hp_gain":0,"max_hp_loss":0,"event_name":"Golden Wing","floor":5,"gold_loss":0},{"damage_healed":0,"gold_gain":0,"player_choice":"Cursed","damage_taken":0,"max_hp_gain":0,"max_hp_loss":0,"event_name":"Wheel of Change","floor":14,"gold_loss":0,"cards_obtained":["Decay"]}],"is_beta":false,"boss_relics":[],"items_purged_floors":[],"is_endless":false,"potions_floor_spawned":[1,2],"killed_by":"Hexaghost","ascension_level":16}