{"gold_per_floor":[111,111,111,35,60,95,95,129,141,153,192,204,32,51,51,144,144,158,18,41,41,41,41,59,3,27,27,42,42,42,60,60,156,156,175,175,175,175,198,198],"floor_reached":40,"playtime":2110,"items_purged":["Strike_B","Strike_B"],"score":814,"play_id":"917756ba-9175-4ba7-8e20-b0cb5dc08b5e","local_time":"20190101002851","is_ascension_mode":true,"campfire_choices":[{"data":"Dualcast","floor":7,"key":"SMITH"},{"floor":10,"key":"REST"},{"floor":12,"key":"REST"},{"data":"Storm","floor":15,"key":"SMITH"},{"data":"Static Discharge","floor":23,"key":"SMITH"},{"floor":30,"key":"RECALL"},{"data":"Coolheaded","floor":32,"key":"SMITH"}],"neow_cost":"NONE","seed_source_timestamp":1024415233043156,"circlet_count":0,"master_deck":["AscendersBane","Strike_B","Strike_B","Defend_B","Defend_B","Defend_B","Defend_B","Zap+1","Dualcast+1","Sweeping Beam","Storm+1","Compile Driver","Gash","Chill","Defragment","Conserve Battery","Coolheaded+1","Defragment","Heatsinks+1","Gash+1","Static Discharge+1","Leap","Gash","Injury","Compile Driver","Machine Learning","Buffer","Gash","BootSequence+1","Force Field","Beam Cell","Loop+1","Normality","Gash"],"relics":["Cracked Core","NeowsBlessing","Golden Idol","Ornamental Fan","MawBank","Mummified Hand","Cursed Key","Potion Belt","Orrery","Singing Bowl"],"potions_floor_usage":[5],"damage_taken":[{"damage":0,"enemies":"2 Louse","floor":1,"turns":1},{"damage":0,"enemies":"Small Slimes","floor":5,"turns":1},{"damage":0,"enemies":"Gremlin Nob","floor":6,"turns":1},{"damage":48,"enemies":"Lagavulin","floor":8,"turns":7},{"damage":0,"enemies":"Cultist","floor":14,"turns":3},{"damage":35,"enemies":"The Guardian","floor":16,"turns":13},{"damage":1,"enemies":"Spheric Guardian","floor":18,"turns":4},{"damage":0,"enemies":"Chosen","floor":20,"turns":3},{"damage":34,"enemies":"Snecko","floor":24,"turns":4},{"damage":17,"enemies":"Snake Plant","floor":28,"turns":3},{"damage":0,"enemies":"3 Cultists","floor":31,"turns":6},{"damage":67,"enemies":"Automaton","floor":33,"turns":9},{"damage":39,"enemies":"3 Darklings","floor":35,"turns":5},{"damage":1,"enemies":"3 Shapes","floor":39,"turns":4},{"damage":30,"enemies":"Nemesis","floor":40,"turns":4}],"seed_played":"-693193714649574541","potions_obtained":[{"floor":5,"key":"Fruit Juice"},{"floor":8,"key":"SpeedPotion"},{"floor":28,"key":"Energy Potion"},{"floor":31,"key":"Ancient Potion"},{"floor":39,"key":"LiquidBronze"}],"is_trial":false,"path_per_floor":["M","?","?","$","M","E","R","E","T","R","T","R","$","M","R","B",null,"M","$","M","$","?","R","M","$","T","?","M","?","R","M","R","B",null,"M","T","?","?","M","E"],"character_chosen":"DEFECT","items_purchased":["Storm","Defragment","Conserve Battery","Heatsinks","Gash"],"campfire_rested":2,"item_purchase_floors":[4,13,13,19,25],"current_hp_per_floor":[64,64,64,64,69,69,69,21,21,41,41,61,61,61,61,26,58,57,57,57,57,57,57,23,23,23,23,6,79,79,79,79,12,62,23,23,23,25,24,0],"gold":198,"neow_bonus":"THREE_ENEMY_KILL","is_prod":false,"is_daily":false,"chose_seed":false,"campfire_upgraded":4,"win_rate":0,"timestamp":1546320531,"path_taken":["M","?","?","$","?","E","R","E","T","R","?","R","$","M","R","BOSS","M","$","M","?","?","R","M","$","T","?","?","?","R","M","R","BOSS","M","?","?","?","M","E"],"build_version":"2018-12-20","purchased_purges":2,"victory":false,"max_hp_per_floor":[71,64,64,64,69,69,69,69,69,69,69,69,69,69,69,69,69,69,69,69,69,69,69,69,69,69,69,69,79,79,79,79,79,79,79,79,79,81,81,81],"card_choices":[{"not_picked":["Cold Snap","Beam Cell"],"picked":"Sweeping Beam","floor":1},{"not_picked":["Stack","Leap"],"picked":"Compile Driver","floor":5},{"not_picked":["Thunder Strike","Recycle"],"picked":"Gash","floor":6},{"not_picked":["Tempest","Meteor Strike"],"picked":"Chill","floor":8},{"not_picked":["Hello World","Scrape"],"picked":"Coolheaded","floor":14},{"not_picked":["Amplify","Meteor Strike"],"picked":"Seek","floor":16},{"not_picked":["Steam","Sweeping Beam"],"picked":"Defragment","floor":18},{"not_picked":["Auto Shields","Conserve Battery"],"picked":"Gash+1","floor":20},{"not_picked":["Consume","Coolheaded"],"picked":"Leap","floor":24},{"not_picked":["Go for the Eyes","Turbo","Redo"],"picked":"SKIP","floor":28},{"not_picked":["Cold Snap","Rainbow"],"picked":"Compile Driver","floor":31},{"not_picked":["Hyperbeam","Amplify"],"picked":"Machine Learning","floor":33},{"not_picked":["Rebound","Hologram"],"picked":"Buffer","floor":34},{"not_picked":["Fusion","Go for the Eyes"],"picked":"Gash","floor":34},{"not_picked":["Go for the Eyes","Beam Cell"],"picked":"BootSequence+1","floor":34},{"not_picked":["Cold Snap","Leap+1"],"picked":"Force Field","floor":34},{"not_picked":["Steam","Melter"],"picked":"Beam Cell","floor":34},{"not_picked":["Beam Cell","Fusion+1"],"picked":"Loop+1","floor":35},{"not_picked":["HandOfGreed","Swift Strike","Purity"],"picked":"Singing Bowl","floor":38},{"not_picked":["Loop","Hologram"],"picked":"Gash","floor":39}],"player_experience":1978865,"relics_obtained":[{"floor":6,"key":"Ornamental Fan"},{"floor":8,"key":"MawBank"},{"floor":9,"key":"Mummified Hand"},{"floor":26,"key":"Potion Belt"},{"floor":36,"key":"Singing Bowl"}],"event_choices":[{"damage_healed":0,"gold_gain":0,"player_choice":"Lose Max HP","damage_taken":0,"relics_obtained":["Golden Idol"],"max_hp_gain":0,"max_hp_loss":7,"event_name":"Golden Idol","floor":2,"gold_loss":0},{"damage_healed":0,"gold_gain":0,"player_choice":"Upgraded","damage_taken":0,"max_hp_gain":0,"max_hp_loss":0,"event_name":"Upgrade Shrine","floor":3,"gold_loss":0,"cards_upgraded":["Zap"]},{"damage_healed":0,"gold_gain":0,"player_choice":"Read","damage_taken":0,"max_hp_gain":0,"max_hp_loss":0,"event_name":"The Library","floor":22,"gold_loss":0,"cards_obtained":["Static Discharge"]},{"damage_healed":0,"gold_gain":0,"player_choice":"Upgraded","damage_taken":0,"max_hp_gain":0,"max_hp_loss":0,"event_name":"Upgrade Shrine","floor":27,"gold_loss":0,"cards_upgraded":["Heatsinks"]},{"cards_removed":["Seek"],"damage_healed":63,"gold_gain":0,"player_choice":"Offered Rare","damage_taken":0,"max_hp_gain":10,"max_hp_loss":0,"event_name":"Bonfire Elementals","floor":29,"gold_loss":0},{"damage_healed":0,"gold_gain":0,"player_choice":"Ignored","damage_taken":0,"max_hp_gain":0,"max_hp_loss":0,"event_name":"Tomb of Lord Red Mask","floor":37,"gold_loss":0},{"damage_healed":0,"gold_gain":0,"player_choice":"Memory 1","damage_taken":0,"max_hp_gain":0,"max_hp_loss":0,"event_name":"SensoryStone","floor":38,"gold_loss":0}],"is_beta":false,"boss_relics":[{"not_picked":["Busted Crown","Astrolabe"],"picked":"Cursed Key"},{"not_picked":["Snecko Eye","Coffee Dripper"],"picked":"Orrery"}],"items_purged_floors":[13,19],"is_endless":false,"potions_floor_spawned":[5,8,28,31,39],"killed_by":"Nemesis","ascension_level":18}