{"gold_per_floor":[117,117,117,129,379,405,417,434,434,434,464,464,464,483,483,555,555,555,333,333,333,333,333,248,248,248,248,248,248],"floor_reached":29,"playtime":5720,"items_purged":["Regret"],"score":455,"play_id":"a4d4f5a5-928f-49c6-8326-9fd09514afc8","local_time":"20180730203340","is_ascension_mode":true,"campfire_choices":[{"data":"Neutralize","floor":10,"key":"SMITH"},{"floor":12,"key":"REST"},{"floor":15,"key":"REST"},{"data":"Finisher","floor":23,"key":"SMITH"},{"data":"Leg Sweep","floor":25,"key":"SMITH"}],"neow_cost":"NONE","seed_source_timestamp":60968716673185,"circlet_count":0,"master_deck":["Defend_G+1","Defend_G","Defend_G","Defend_G","Defend_G","Strike_G","Strike_G","Strike_G","Strike_G","Survivor","Neutralize+1","AscendersBane","Quick Slash+1","Dagger Throw","Finisher+1","Leg Sweep+1","Deflect","Terror","Burst","PiercingWail","Backflip","Sucker Punch+1","Cloak And Dagger","Riddle With Holes"],"relics":["Ring of the Snake","NeowsBlessing","Blood Vial","Torii","Dodecahedron","Juzu Bracelet","Ectoplasm","Potion Belt","Frozen Egg 2","Ancient Tea Set"],"potions_floor_usage":[11,16,20,28,28,29],"damage_taken":[{"damage":0,"enemies":"Small Slimes","floor":1,"turns":1},{"damage":0,"enemies":"Cultist","floor":4,"turns":1},{"damage":5,"enemies":"3 Sentries","floor":6,"turns":2},{"damage":1,"enemies":"Jaw Worm","floor":7,"turns":4},{"damage":2,"enemies":"Blue Slaver","floor":8,"turns":3},{"damage":27,"enemies":"Gremlin Nob","floor":11,"turns":5},{"damage":3,"enemies":"Red Slaver","floor":14,"turns":6},{"damage":30,"enemies":"Hexaghost","floor":16,"turns":13},{"damage":1,"enemies":"Shell Parasite","floor":18,"turns":7},{"damage":1,"enemies":"Chosen","floor":20,"turns":6},{"damage":0,"enemies":"Centurion and Healer","floor":22,"turns":9},{"damage":21,"enemies":"3 Cultists","floor":27,"turns":9},{"damage":11,"enemies":"Chosen and Byrds","floor":28,"turns":5},{"damage":39,"enemies":"Cultist and Chosen","floor":29,"turns":4}],"seed_played":"8323690314365388772","potions_obtained":[{"floor":6,"key":"Dexterity Potion"},{"floor":7,"key":"Swift Potion"},{"floor":16,"key":"LiquidBronze"},{"floor":18,"key":"Ancient Potion"},{"floor":20,"key":"SneckoOil"},{"floor":27,"key":"Block Potion"}],"is_trial":false,"path_per_floor":["M","?","?","M","?","E","M","M","T","R","E","R","?","M","R","B",null,"M","$","M","?","M","R","?","R","T","M","M"],"character_chosen":"THE_SILENT","items_purchased":["Potion Belt"],"campfire_rested":2,"item_purchase_floors":[19],"current_hp_per_floor":[59,52,47,49,49,46,47,47,47,47,22,41,21,20,39,11,52,53,53,54,66,66,66,66,66,66,45,36,0],"gold":248,"neow_bonus":"THREE_ENEMY_KILL","is_prod":false,"is_daily":false,"chose_seed":false,"campfire_upgraded":3,"win_rate":0,"timestamp":1532975620,"path_taken":["M","?","?","M","?","E","M","M","T","R","E","R","?","M","R","BOSS","M","$","M","?","M","R","?","R","T","M","M","M"],"build_version":"2018-07-26","purchased_purges":1,"victory":false,"max_hp_per_floor":[66,66,66,66,66,66,66,66,66,66,66,66,66,66,66,66,66,66,66,66,66,66,66,66,66,66,66,66,66],"card_choices":[{"not_picked":["Flechettes","Bane"],"picked":"Quick Slash","floor":1},{"not_picked":["Prepared","Acrobatics"],"picked":"Dagger Throw","floor":4},{"not_picked":["Flechettes","Burst","Catalyst"],"picked":"SKIP","floor":6},{"not_picked":["Escape Plan","Calculated Gamble"],"picked":"Finisher","floor":7},{"not_picked":["Underhanded Strike","Blur"],"picked":"Leg Sweep","floor":8},{"not_picked":["Terror","Underhanded Strike"],"picked":"Deflect","floor":11},{"not_picked":["Sucker Punch","All Out Attack"],"picked":"Terror","floor":14},{"not_picked":["Grand Finale","Doppelganger"],"picked":"Burst","floor":16},{"not_picked":["Flying Knee","Outmaneuver"],"picked":"PiercingWail","floor":18},{"not_picked":["Outmaneuver+1","Catalyst"],"picked":"Backflip","floor":20},{"not_picked":["Prepared","Dagger Throw"],"picked":"Sucker Punch+1","floor":22},{"not_picked":["Terror","Prepared"],"picked":"Cloak And Dagger","floor":27},{"not_picked":["Flying Knee","Acrobatics"],"picked":"Riddle With Holes","floor":28}],"player_experience":1194338,"relics_obtained":[{"floor":6,"key":"Torii"},{"floor":9,"key":"Dodecahedron"},{"floor":11,"key":"Juzu Bracelet"},{"floor":26,"key":"Ancient Tea Set"}],"event_choices":[{"event_name":"Golden Wing","player_choice":"Card Removal","floor":2,"damage_taken":0},{"event_name":"Scrap Ooze","player_choice":"success","floor":3,"damage_taken":5},{"event_name":"Golden Shrine","player_choice":"Desecrate","floor":5,"damage_taken":0},{"event_name":"Shining Light","player_choice":"Entered Light","floor":13,"damage_taken":0},{"event_name":"Wheel of Change","player_choice":"Full Heal","floor":21,"damage_taken":0},{"event_name":"Addict","player_choice":"Obtained Relic","floor":24,"damage_taken":0}],"is_beta":false,"boss_relics":[{"not_picked":["HoveringKite","Snecko Eye"],"picked":"Ectoplasm"}],"items_purged_floors":[19],"is_endless":false,"potions_floor_spawned":[6,7,8,16,18,20,27],"killed_by":"Cultist and Chosen","ascension_level":15}