{"gold_per_floor":[114,114,64,64,79,79,109,109,134,149,179,1,1,31,31,131,131,146,196,196,211,33,33,48,78,378,408,408,438,438,468,468,568,568,583,583,615,203,203,233,233,263,288,288,318,318,333,348,348,348],"floor_reached":51,"playtime":2863,"items_purged":["Strike_G","Strike_G","Endless Agony"],"score":998,"play_id":"1d520135-0c8b-4ec3-8d5a-8e69ba6d9852","local_time":"20180831211628","daily_mods":["Specialized","Elite Swarm","Night Terrors"],"is_ascension_mode":false,"campfire_choices":[{"data":"Neutralize","floor":6,"key":"SMITH"},{"data":"A Thousand Cuts","floor":8,"key":"SMITH"},{"data":"Envenom","floor":15,"key":"SMITH"},{"data":"Malaise","floor":23,"key":"SMITH"},{"floor":28,"key":"REST"},{"data":"Malaise","floor":30,"key":"SMITH"},{"data":"Noxious Fumes","floor":32,"key":"SMITH"},{"data":"Dash","floor":41,"key":"SMITH"},{"floor":44,"key":"REST"},{"data":"Glass Knife","floor":49,"key":"SMITH"}],"neow_cost":"","seed_source_timestamp":0,"circlet_count":0,"master_deck":["Defend_G","Defend_G","Defend_G","Defend_G","Defend_G","Survivor+1","Neutralize+1","Venomology+1","Venomology","Venomology","Venomology","Dash+1","Deflect","Infinite Blades","A Thousand Cuts+1","Dagger Throw","Malaise+1","Backstab","Envenom+1","Malaise+1","Underhanded Strike+1","Prepared+1","Tools of the Trade+1","Well Laid Plans","Noxious Fumes+1","After Image+1","Malaise+1","Doppelganger+1","Adrenaline+1","Burst+1","PiercingWail+1","Master of Strategy+1","Mind Blast","Infinite Blades+1","Writhe","Corpse Explosion+1","Glass Knife+1","Cloak And Dagger+1","Wraith Form v2+1","Cloak And Dagger+1"],"special_seed":17774,"relics":["Ring of the Snake","Question Card","Pear","The Specimen","Vajra","Blood Vial","Art of War","Astrolabe","Oddly Smooth Stone","Snake Skull","Frozen Egg 2","Old Coin","Toxic Egg 2","Orichalcum","Dream Catcher","Snecko Eye","Sundial","War Paint","Omamori","Centennial Puzzle","Lantern","Blue Candle"],"potions_floor_usage":[1,1,1,1,7,7,7,7,11,11,11,11,14,14,14,16,16,21,25,27,27,31,31,31,33,33,33,35,37,37,40,40,42,50,50,50,50],"damage_taken":[{"damage":0,"enemies":"2 Louse","floor":1,"turns":4},{"damage":2,"enemies":"Small Slimes","floor":5,"turns":4},{"damage":0,"enemies":"Lagavulin","floor":7,"turns":6},{"damage":0,"enemies":"Cultist","floor":10,"turns":4},{"damage":10,"enemies":"3 Sentries","floor":11,"turns":7},{"damage":2,"enemies":"Lagavulin","floor":14,"turns":7},{"damage":26,"enemies":"The Guardian","floor":16,"turns":9},{"damage":26,"enemies":"2 Thieves","floor":18,"turns":3},{"damage":0,"enemies":"3 Byrds","floor":21,"turns":4},{"damage":1,"enemies":"Cultist and Chosen","floor":24,"turns":6},{"damage":8,"enemies":"Gremlin Leader","floor":25,"turns":6},{"damage":23,"enemies":"Slavers","floor":27,"turns":5},{"damage":8,"enemies":"Book of Stabbing","floor":29,"turns":7},{"damage":7,"enemies":"Gremlin Leader","floor":31,"turns":6},{"damage":1,"enemies":"Automaton","floor":33,"turns":8},{"damage":1,"enemies":"Orb Walker","floor":35,"turns":5},{"damage":20,"enemies":"Mysterious Sphere","floor":37,"turns":5},{"damage":14,"enemies":"Nemesis","floor":40,"turns":9},{"damage":26,"enemies":"Giant Head","floor":42,"turns":9},{"damage":0,"enemies":"Nemesis","floor":45,"turns":7},{"damage":0,"enemies":"3 Shapes","floor":47,"turns":5},{"damage":4,"enemies":"3 Darklings","floor":48,"turns":5},{"damage":0,"enemies":"Donu and Deca","floor":50,"turns":6}],"seed_played":"-8244340238949798716","potions_obtained":[{"floor":1,"key":"Poison Potion"},{"floor":7,"key":"FearPotion"},{"floor":11,"key":"Regen Potion"},{"floor":21,"key":"SteroidPotion"},{"floor":37,"key":"GhostInAJar"}],"is_trial":false,"path_per_floor":["M","?","$","?","M","R","E","R","T","M","E","$","?","E","R","B",null,"M","T","T","M","$","R","M","E","T","E","R","E","R","E","R","B",null,"M","?","?","$","?","E","R","E","T","R","E","?","M","M","R","B"],"character_chosen":"THE_SILENT","items_purchased":["Deflect","Backstab","Endless Agony","Noxious Fumes","War Paint","Mind Blast","Infinite Blades+1"],"campfire_rested":2,"item_purchase_floors":[3,12,12,22,38,38,38],"current_hp_per_floor":[70,67,67,77,75,75,75,75,75,75,65,65,70,84,84,59,85,59,59,59,61,61,61,62,56,56,35,80,72,72,67,67,68,80,79,69,51,51,71,59,59,35,35,75,75,75,75,71,71,73],"gold":348,"neow_bonus":"","is_prod":false,"is_daily":true,"chose_seed":false,"campfire_upgraded":8,"win_rate":0,"timestamp":1535742988,"path_taken":["M","?","$","?","?","R","E","R","T","M","E","?","?","E","R","BOSS","M","?","?","?","$","R","M","E","T","E","R","E","R","E","R","BOSS","M","?","?","$","?","E","R","E","T","R","E","?","M","M","R","BOSS"],"build_version":"2018-08-30","purchased_purges":3,"victory":true,"max_hp_per_floor":[70,70,70,80,80,80,80,80,80,80,80,80,85,85,85,85,85,85,85,85,85,85,85,85,85,85,85,80,80,80,80,80,80,80,80,80,80,80,80,80,80,80,80,75,75,75,75,75,75,75],"card_choices":[{"not_picked":["Flechettes","Blade Dance"],"picked":"Dash","floor":1},{"not_picked":["Quick Slash","Underhanded Strike","Flechettes"],"picked":"Infinite Blades","floor":5},{"not_picked":["Envenom","Corpse Explosion","Venomology"],"picked":"A Thousand Cuts","floor":7},{"not_picked":["Deflect","Quick Slash","Setup"],"picked":"Dagger Throw","floor":10},{"not_picked":["Bullet Time","Envenom","Unload"],"picked":"Malaise","floor":11},{"not_picked":["A Thousand Cuts","Grand Finale","Bullet Time"],"picked":"Envenom","floor":14},{"not_picked":["Wraith Form v2","Venomology","Bullet Time"],"picked":"Malaise","floor":16},{"not_picked":["Blade Dance","Infinite Blades","Acrobatics+1"],"picked":"Well Laid Plans","floor":18},{"not_picked":["Skewer+1","Distraction","Dagger Throw","Accuracy+1"],"picked":"SKIP","floor":21},{"not_picked":["Predator","Bane","Setup","Flying Knee"],"picked":"SKIP","floor":24},{"not_picked":["Adrenaline","Corpse Explosion","Malaise"],"picked":"After Image","floor":25},{"not_picked":["Corpse Explosion","Wraith Form v2+1","Envenom+1"],"picked":"Malaise","floor":27},{"not_picked":["Die Die Die","Phantasmal Killer+1","A Thousand Cuts+1"],"picked":"Doppelganger+1","floor":29},{"not_picked":["Doppelganger+1","Corpse Explosion+1","Night Terror+1"],"picked":"Adrenaline+1","floor":31},{"not_picked":["Die Die Die","Grand Finale","Envenom+1"],"picked":"Burst+1","floor":33},{"not_picked":["Endless Agony","Backflip+1","Dagger Spray"],"picked":"PiercingWail+1","floor":35},{"not_picked":["Forethought+1","Mayhem+1","Bandage Up+1"],"picked":"Master of Strategy+1","floor":36},{"not_picked":["Burst+1","Phantasmal Killer+1","Night Terror+1"],"picked":"Corpse Explosion+1","floor":40},{"not_picked":["Grand Finale","Phantasmal Killer+1","Corpse Explosion+1"],"picked":"Glass Knife","floor":42},{"not_picked":["Dagger Spray+1","Flying Knee","Acrobatics+1"],"picked":"Cloak And Dagger+1","floor":44},{"not_picked":["A Thousand Cuts+1","Bullet Time+1","Doppelganger+1"],"picked":"Wraith Form v2+1","floor":45},{"not_picked":["Quick Slash+1","Masterful Stab","Deadly Poison+1","Underhanded Strike"],"picked":"SKIP","floor":47},{"not_picked":["Flechettes+1","Deadly Poison+1","Expertise+1"],"picked":"Cloak And Dagger+1","floor":48}],"player_experience":1368192,"relics_obtained":[{"floor":4,"key":"Pear"},{"floor":7,"key":"The Specimen"},{"floor":9,"key":"Vajra"},{"floor":11,"key":"Blood Vial"},{"floor":14,"key":"Art of War"},{"floor":19,"key":"Oddly Smooth Stone"},{"floor":20,"key":"Snake Skull"},{"floor":25,"key":"Frozen Egg 2"},{"floor":26,"key":"Old Coin"},{"floor":27,"key":"Toxic Egg 2"},{"floor":29,"key":"Orichalcum"},{"floor":31,"key":"Dream Catcher"},{"floor":37,"key":"Sundial"},{"floor":40,"key":"Omamori"},{"floor":42,"key":"Centennial Puzzle"},{"floor":43,"key":"Lantern"},{"floor":45,"key":"Blue Candle"}],"event_choices":[{"event_name":"Scrap Ooze","player_choice":"success","floor":2,"damage_taken":3},{"event_name":"Wheel of Change","player_choice":"Relic","floor":4,"damage_taken":0},{"event_name":"Big Fish","player_choice":"Donut","floor":13,"damage_taken":0},{"event_name":"SensoryStone","player_choice":"Memory 3","floor":36,"damage_taken":0},{"event_name":"Mysterious Sphere","player_choice":"Fight","floor":37,"damage_taken":0},{"event_name":"Winding Halls","player_choice":"Writhe","floor":39,"damage_taken":0},{"event_name":"Falling","player_choice":"Removed Skill","floor":46,"damage_taken":0}],"is_beta":false,"boss_relics":[{"not_picked":["Pandora\u0027s Box","Velvet Choker"],"picked":"Astrolabe"},{"not_picked":["HoveringKite","Philosopher\u0027s Stone"],"picked":"Snecko Eye"}],"items_purged_floors":[12,22,38],"is_endless":false,"potions_floor_spawned":[1,7,11,16,21,24,31,37,42,48],"ascension_level":0}