{"gold_per_floor":[115,115,129,129,129,129,141,90,116,116,130,130,144,164,164,164],"floor_reached":16,"playtime":693,"items_purged":[],"score":92,"play_id":"42e87f74-75bf-47fb-861d-db81d98be0ac","local_time":"20190112204153","is_ascension_mode":false,"campfire_choices":[{"data":"Night Terror","floor":6,"key":"SMITH"},{"data":"PiercingWail","floor":10,"key":"SMITH"},{"data":"Blade Dance","floor":15,"key":"SMITH"}],"neow_cost":"NONE","seed_source_timestamp":98958945868793,"circlet_count":0,"master_deck":["Defend_G","Defend_G","Defend_G","Defend_G","Defend_G","Strike_G","Strike_G","Strike_G","Strike_G","Strike_G","Survivor","Neutralize","Night Terror+1","Well Laid Plans+1","Infinite Blades","Blade Dance","PiercingWail+1","Blade Dance+1"],"relics":["Ring of the Snake","Orichalcum"],"potions_floor_usage":[3,13],"damage_taken":[{"damage":0,"enemies":"Small Slimes","floor":1,"turns":3},{"damage":0,"enemies":"2 Louse","floor":3,"turns":2},{"damage":3,"enemies":"Jaw Worm","floor":7,"turns":4},{"damage":14,"enemies":"Gremlin Gang","floor":11,"turns":5},{"damage":6,"enemies":"Large Slime","floor":13,"turns":6},{"damage":3,"enemies":"Red Slaver","floor":14,"turns":5},{"damage":51,"enemies":"Slime Boss","floor":16,"turns":8}],"seed_played":"-8046380659246506212","potions_obtained":[{"floor":1,"key":"Fire Potion"},{"floor":7,"key":"SteroidPotion"},{"floor":11,"key":"GhostInAJar"}],"is_trial":false,"path_per_floor":["M","?","M","?","?","R","M","$","T","R","M","?","M","M","R","B"],"character_chosen":"THE_SILENT","items_purchased":["PiercingWail"],"campfire_rested":0,"item_purchase_floors":[8],"current_hp_per_floor":[70,70,70,70,70,70,67,67,67,67,53,53,47,44,44,0],"gold":164,"neow_bonus":"ONE_RANDOM_RARE_CARD","is_prod":false,"is_daily":false,"chose_seed":false,"campfire_upgraded":3,"win_rate":0.0,"timestamp":1547354513,"path_taken":["M","?","M","?","?","R","M","?","T","R","?","?","?","M","R","BOSS"],"build_version":"2019-01-10","purchased_purges":0,"victory":false,"max_hp_per_floor":[70,70,70,70,70,70,70,70,70,70,70,70,70,70,70,70],"card_choices":[{"not_picked":["Deadly Poison","Dagger Throw"],"picked":"Well Laid Plans","floor":1},{"not_picked":["Crippling Poison","Deflect"],"picked":"Infinite Blades","floor":3},{"not_picked":["Quick Slash","Backflip"],"picked":"Blade Dance","floor":7},{"not_picked":["Deadly Poison","Slice","Backstab"],"picked":"SKIP","floor":11},{"not_picked":["Acrobatics","Dash"],"picked":"Blade Dance","floor":13},{"not_picked":["Sucker Punch","Tactician","Phantasmal Killer"],"picked":"SKIP","floor":14}],"player_experience":121687,"relics_obtained":[{"floor":9,"key":"Orichalcum"}],"event_choices":[{"damage_healed":0,"gold_gain":0,"player_choice":"Grow","damage_taken":0,"max_hp_gain":0,"max_hp_loss":0,"event_name":"Living Wall","floor":2,"gold_loss":0,"cards_upgraded":["Well Laid Plans"]},{"damage_healed":0,"gold_gain":0,"player_choice":"Ignored","damage_taken":0,"max_hp_gain":0,"max_hp_loss":0,"event_name":"Golden Wing","floor":4,"gold_loss":0},{"damage_healed":0,"gold_gain":0,"player_choice":"Leave","damage_taken":0,"max_hp_gain":0,"max_hp_loss":0,"event_name":"The Cleric","floor":5,"gold_loss":0},{"damage_healed":0,"gold_gain":0,"player_choice":"Ignored","damage_taken":0,"max_hp_gain":0,"max_hp_loss":0,"event_name":"NoteForYourself","floor":12,"gold_loss":0}],"is_beta":false,"boss_relics":[],"items_purged_floors":[],"is_endless":false,"potions_floor_spawned":[1,7,11],"killed_by":"Slime Boss","ascension_level":0}