{"gold_per_floor":[111,124,124,299,299,313,146,146,200,216,235,235,247,267,267,372,372,391,391,408,426,443,443,456,456],"floor_reached":25,"playtime":1762,"items_purged":["Strike_B"],"score":199,"play_id":"2993a82d-2ebb-482c-8004-3ff1eee3cb2f","local_time":"20190129181600","is_ascension_mode":false,"campfire_choices":[{"data":"Glacier","floor":8,"key":"SMITH"},{"data":"Go for the Eyes","floor":12,"key":"SMITH"},{"data":"Capacitor","floor":15,"key":"SMITH"},{"floor":23,"key":"REST"}],"neow_cost":"NONE","seed_source_timestamp":253571779251494,"circlet_count":0,"master_deck":["Strike_B","Strike_B","Strike_B","Defend_B","Defend_B","Defend_B","Defend_B","Zap","Dualcast","Cold Snap","Glacier+1","Capacitor+1","Ball Lightning","Go for the Eyes+1","Conserve Battery","Creative AI","White Noise","Go for the Eyes+1"],"relics":["Cracked Core"],"potions_floor_usage":[14,16,18,18,21,22,25],"damage_taken":[{"damage":0,"enemies":"2 Louse","floor":1,"turns":3},{"damage":11,"enemies":"Jaw Worm","floor":2,"turns":3},{"damage":1,"enemies":"Small Slimes","floor":6,"turns":3},{"damage":5,"enemies":"Blue Slaver","floor":10,"turns":4},{"damage":0,"enemies":"Gremlin Gang","floor":11,"turns":5},{"damage":0,"enemies":"2 Fungi Beasts","floor":13,"turns":3},{"damage":5,"enemies":"Lots of Slimes","floor":14,"turns":4},{"damage":20,"enemies":"Slime Boss","floor":16,"turns":15},{"damage":21,"enemies":"3 Byrds","floor":18,"turns":7},{"damage":28,"enemies":"Spheric Guardian","floor":20,"turns":8},{"damage":23,"enemies":"Snake Plant","floor":21,"turns":5},{"damage":25,"enemies":"Centurion and Healer","floor":22,"turns":10},{"damage":18,"enemies":"Sentry and Sphere","floor":24,"turns":9},{"damage":15,"enemies":"Cultist and Chosen","floor":25,"turns":4}],"seed_played":"7549985023452656091","potions_obtained":[{"floor":10,"key":"FearPotion"},{"floor":11,"key":"AttackPotion"},{"floor":14,"key":"Dexterity Potion"},{"floor":16,"key":"Block Potion"},{"floor":18,"key":"LiquidBronze"},{"floor":19,"key":"Explosive Potion"},{"floor":19,"key":"FairyPotion"},{"floor":24,"key":"SpeedPotion"}],"is_trial":false,"path_per_floor":["M","M","?","?","?","M","$","R","T","M","M","R","M","M","R","B",null,"M","?","M","M","M","R","M","M"],"character_chosen":"DEFECT","items_purchased":["Capacitor","Ball Lightning"],"campfire_rested":1,"item_purchase_floors":[7,7],"current_hp_per_floor":[82,71,76,76,76,75,75,75,75,70,70,70,70,65,65,45,87,66,66,38,15,3,29,11,0],"gold":456,"neow_bonus":"TEN_PERCENT_HP_BONUS","is_prod":false,"is_daily":false,"chose_seed":false,"campfire_upgraded":3,"win_rate":0,"timestamp":1548747960,"path_taken":["M","M","?","?","?","M","$","R","T","M","M","R","M","M","R","BOSS","M","?","?","M","M","R","M","M"],"build_version":"2019-01-23","purchased_purges":1,"victory":false,"max_hp_per_floor":[82,82,87,87,87,87,87,87,87,87,87,87,87,87,87,87,87,87,87,87,87,87,87,87,87],"card_choices":[{"not_picked":["Beam Cell","Stack","Recycle"],"picked":"SKIP","floor":1},{"not_picked":["Heatsinks","Gash"],"picked":"Cold Snap","floor":2},{"not_picked":["Steam","Gash"],"picked":"Glacier","floor":6},{"not_picked":["Meteor Strike","Compile Driver"],"picked":"Go for the Eyes","floor":10},{"not_picked":["Compile Driver","Melter","Auto Shields"],"picked":"SKIP","floor":11},{"not_picked":["Leap","BootSequence"],"picked":"Conserve Battery","floor":13},{"not_picked":["Rebound","Steam","Sunder"],"picked":"SKIP","floor":14},{"not_picked":["Electrodynamics","Reboot"],"picked":"Creative AI","floor":16},{"not_picked":["Auto Shields","Cold Snap","Steam Power+1"],"picked":"SKIP","floor":18},{"not_picked":["Hologram","Coolheaded","Turbo"],"picked":"SKIP","floor":20},{"not_picked":["Chaos","Cold Snap"],"picked":"White Noise","floor":21},{"not_picked":["Barrage","Core Surge","Gash+1"],"picked":"SKIP","floor":22},{"not_picked":["Heatsinks","Beam Cell"],"picked":"Go for the Eyes+1","floor":24}],"player_experience":532632,"relics_obtained":[],"event_choices":[{"damage_healed":0,"gold_gain":0,"player_choice":"Donut","damage_taken":0,"max_hp_gain":5,"max_hp_loss":0,"event_name":"Big Fish","floor":3,"gold_loss":0},{"damage_healed":0,"gold_gain":175,"player_choice":"AGREE","damage_taken":0,"max_hp_gain":0,"max_hp_loss":0,"event_name":"Liars Game","floor":4,"gold_loss":0,"cards_obtained":["Doubt"]},{"cards_removed":["Doubt"],"damage_healed":0,"gold_gain":0,"player_choice":"Forget","damage_taken":0,"max_hp_gain":0,"max_hp_loss":0,"event_name":"Living Wall","floor":5,"gold_loss":0},{"damage_healed":0,"gold_gain":0,"player_choice":"Got Potions","damage_taken":0,"max_hp_gain":0,"max_hp_loss":0,"event_name":"Lab","floor":19,"gold_loss":0}],"is_beta":false,"boss_relics":[{"not_picked":["Pandora\u0027s Box","Calling Bell","Runic Pyramid"]}],"items_purged_floors":[7],"is_endless":false,"potions_floor_spawned":[10,11,14,16,18,20,24],"killed_by":"Cultist and Chosen","ascension_level":0}