{"gold_per_floor":[113,123,123,0,15,15,0,31,31,156,270,295,357,419,431,544,556,580,603,665,745,776,788,817,829,841,826,838,869,900,924,936,1045,1057,1084,1146,619,669,274,307,307,321,393,393,456,475,491,502,502,502],"floor_reached":51,"playtime":3657,"items_purged":["Strike_G","Strike_G"],"score":935,"play_id":"5359c3fe-14b2-4b1d-9d55-efdce3351ab0","local_time":"20180802154545","is_ascension_mode":true,"campfire_choices":[{"floor":6.0,"key":"REST"},{"floor":15.0,"key":"REST"},{"floor":23.0,"key":"REST"},{"floor":25.0,"key":"REST"},{"floor":28.0,"key":"REST"},{"floor":32.0,"key":"REST"},{"floor":41.0,"key":"REST"},{"floor":44.0,"key":"REST"},{"floor":49.0,"key":"REST"}],"neow_cost":"NONE","seed_source_timestamp":681556714806326,"circlet_count":0,"master_deck":["Defend_G+1","Defend_G","Defend_G","Defend_G","Defend_G","Strike_G","Strike_G","Survivor","Neutralize","Noxious Fumes","Terror","Noxious Fumes+1","PiercingWail","Blur","Heel Hook","Bouncing Flask","Backflip","Escape Plan","Adrenaline","Footwork","Footwork","Deadly Poison","PiercingWail+1","Cloak And Dagger+1","Poisoned Stab+1","Wraith Form v2","Choke+1","J.A.X.","Cloak And Dagger","Backflip","A Thousand Cuts","Poisoned Stab+1","Well Laid Plans","Apotheosis","Caltrops","Dark Shackles","Leg Sweep","After Image","Crippling Poison"],"special_seed":0,"relics":["Fusion Hammer","SsserpentHead","Gremlin Horn","Shuriken","MawBank","Molten Egg 2","Nloth\u0027s Gift","War Paint","Eternal Feather","Strange Spoon","Smiling Mask","Ninja Scroll"],"potions_floor_usage":[50,50,50],"damage_taken":[{"damage":0.0,"enemies":"Jaw Worm","floor":1.0,"turns":4.0},{"damage":0.0,"enemies":"Cultist","floor":2.0,"turns":4.0},{"damage":4.0,"enemies":"Small Slimes","floor":5.0,"turns":5.0},{"damage":5.0,"enemies":"Looter","floor":7.0,"turns":4.0},{"damage":12.0,"enemies":"Lagavulin","floor":8.0,"turns":7.0},{"damage":4.0,"enemies":"Lagavulin Event","floor":11.0,"turns":5.0},{"damage":10.0,"enemies":"Blue Slaver","floor":12.0,"turns":3.0},{"damage":0.0,"enemies":"Hexaghost","floor":16.0,"turns":8.0},{"damage":0.0,"enemies":"Spheric Guardian","floor":18.0,"turns":3.0},{"damage":0.0,"enemies":"Chosen","floor":19.0,"turns":4.0},{"damage":9.0,"enemies":"Sentry and Sphere","floor":21.0,"turns":6.0},{"damage":21.0,"enemies":"Chosen and Byrds","floor":22.0,"turns":7.0},{"damage":20.0,"enemies":"Snake Plant","floor":24.0,"turns":5.0},{"damage":21.0,"enemies":"Centurion and Healer","floor":29.0,"turns":8.0},{"damage":3.0,"enemies":"3 Cultists","floor":30.0,"turns":6.0},{"damage":22.0,"enemies":"Cultist and Chosen","floor":31.0,"turns":7.0},{"damage":43.0,"enemies":"Automaton","floor":33.0,"turns":12.0},{"damage":18.0,"enemies":"Orb Walker","floor":35.0,"turns":5.0},{"damage":30.0,"enemies":"2 Orb Walkers","floor":40.0,"turns":6.0},{"damage":18.0,"enemies":"Flame Bruiser 1 Orb","floor":42.0,"turns":6.0},{"damage":3.0,"enemies":"Maw","floor":45.0,"turns":7.0},{"damage":8.0,"enemies":"Flame Bruiser 2 Orb","floor":46.0,"turns":7.0},{"damage":33.0,"enemies":"3 Darklings","floor":47.0,"turns":6.0},{"damage":25.0,"enemies":"Spire Growth","floor":48.0,"turns":6.0},{"damage":29,"enemies":"Donu and Deca","floor":50,"turns":12}],"seed_played":"-4261886229123343348","potions_obtained":[{"floor":1.0,"key":"Regen Potion"},{"floor":2.0,"key":"Dexterity Potion"},{"floor":8.0,"key":"Block Potion"},{"floor":12.0,"key":"EntropicBrew"},{"floor":21.0,"key":"Regen Potion"},{"floor":29.0,"key":"Swift Potion"},{"floor":30.0,"key":"Fruit Juice"},{"floor":31.0,"key":"SkillPotion"},{"floor":35.0,"key":"Strength Potion"},{"floor":45.0,"key":"Dexterity Potion"}],"is_trial":false,"path_per_floor":["M","M","?","$","M","R","M","E","T","?","?","M","T","?","R","B",null,"M","M","?","M","M","R","M","R","T","?","R","M","M","M","R","B",null,"M","?","$","?","$","E","R","M","T","R","M","M","M","M","R","B"],"character_chosen":"THE_SILENT","items_purchased":["Noxious Fumes","PiercingWail","Poisoned Stab+1","Regen Potion","EntropicBrew","Strange Spoon","Well Laid Plans","Apotheosis","Caltrops","Dark Shackles"],"campfire_rested":9,"item_purchase_floors":[4,4,37,37,37,37,37,39,39,39],"current_hp_per_floor":[63,63,63,63,59,70,65,53,53,42,53,43,43,36,57,57,67,67,67,67,58,52,70,50,70,70,70,70,49,46,29,51,8,58,40,40,40,40,40,25,68,50,50,75,72,64,31,6,49,20],"gold":502,"neow_bonus":"BOSS_RELIC","is_prod":false,"is_daily":false,"chose_seed":false,"campfire_upgraded":0,"win_rate":0,"timestamp":1533239145,"path_taken":["M","M","?","$","M","R","M","E","T","?","?","M","?","?","R","BOSS","M","M","?","?","M","R","M","R","T","?","R","M","M","M","R","BOSS","M","?","$","?","?","E","R","M","T","R","?","M","M","M","R","BOSS"],"build_version":"2018-07-26","purchased_purges":2,"victory":true,"max_hp_per_floor":[70,70,70,70,70,70,70,70,70,70,70,70,70,70,70,70,70,70,70,70,70,70,70,70,70,70,70,70,70,70,75,75,75,75,75,75,75,75,75,75,75,75,75,75,75,75,75,75,75,75],"card_choices":[{"not_picked":["Slice","Bane"],"picked":"Noxious Fumes","floor":1.0},{"not_picked":["Terror","Eviscerate","Cloak And Dagger"],"picked":"SKIP","floor":2.0},{"not_picked":["Eviscerate","Cloak And Dagger"],"picked":"Terror","floor":2.0},{"not_picked":["Deflect","Bane"],"picked":"Blur","floor":5.0},{"not_picked":["Deflect","Quick Slash"],"picked":"Heel Hook","floor":7.0},{"not_picked":["Tactician","Deadly Poison"],"picked":"Bouncing Flask","floor":8.0},{"not_picked":["Dagger Spray","Blur"],"picked":"Backflip","floor":11.0},{"not_picked":["Finisher","Prepared"],"picked":"Escape Plan","floor":12.0},{"not_picked":["Grand Finale+1","Envenom"],"picked":"Adrenaline","floor":16.0},{"not_picked":["Prepared","Sucker Punch+1"],"picked":"Footwork","floor":17.0},{"not_picked":["All Out Attack+1","Prepared"],"picked":"Footwork","floor":17.0},{"not_picked":["Dodge and Roll","Envenom"],"picked":"Deadly Poison","floor":17.0},{"not_picked":["Quick Slash+1","Slice+1"],"picked":"PiercingWail","floor":17.0},{"not_picked":["PiercingWail","Quick Slash+1"],"picked":"Cloak And Dagger+1","floor":18.0},{"not_picked":["Flying Knee+1","Flechettes+1"],"picked":"Poisoned Stab+1","floor":19.0},{"not_picked":["Quick Slash+1","Slice+1"],"picked":"Wraith Form v2","floor":21.0},{"not_picked":["Distraction","Choke+1","Calculated Gamble"],"picked":"SKIP","floor":22.0},{"not_picked":["Distraction","Calculated Gamble"],"picked":"Choke+1","floor":22.0},{"not_picked":["Outmaneuver+1","Dagger Spray+1","Dagger Throw+1"],"picked":"SKIP","floor":24.0},{"not_picked":["Prepared","Underhanded Strike+1"],"picked":"Cloak And Dagger","floor":29.0},{"not_picked":["Dagger Spray+1","Outmaneuver+1"],"picked":"Backflip","floor":30.0},{"not_picked":["Slice+1","Bullet Time","Flying Knee+1"],"picked":"SKIP","floor":31.0},{"not_picked":["Doppelganger","Storm of Steel"],"picked":"A Thousand Cuts","floor":33.0},{"not_picked":["Deflect+1","Quick Slash+1","Reflex"],"picked":"SKIP","floor":35.0},{"not_picked":["Masterful Stab+1","Slice+1"],"picked":"Leg Sweep","floor":40.0},{"not_picked":["Dagger Throw+1","Backflip","Deflect"],"picked":"SKIP","floor":42.0},{"not_picked":["Slice+1","Dagger Throw+1"],"picked":"After Image","floor":45.0},{"not_picked":["Dagger Spray+1","Heel Hook+1"],"picked":"Crippling Poison","floor":46.0},{"not_picked":["Dodge and Roll+1","Bane+1","Underhanded Strike+1"],"picked":"SKIP","floor":47.0},{"not_picked":["Expertise","Blur+1","Terror+1"],"picked":"SKIP","floor":48.0}],"player_experience":1402623,"relics_obtained":[{"floor":8.0,"key":"Gremlin Horn"},{"floor":9.0,"key":"Shuriken"},{"floor":11.0,"key":"MawBank"},{"floor":13.0,"key":"Molten Egg 2"},{"floor":26.0,"key":"War Paint"},{"floor":40.0,"key":"Smiling Mask"},{"floor":43.0,"key":"Ninja Scroll"}],"event_choices":[{"event_name":"FaceTrader","player_choice":"Trade","floor":3.0,"damage_taken":0.0},{"event_name":"World of Goop","player_choice":"Gather Gold","floor":10.0,"damage_taken":0.0},{"event_name":"Dead Adventurer","player_choice":"Searched \u00272\u0027 times","floor":11.0,"damage_taken":0.0},{"event_name":"Golden Wing","player_choice":"Card Removal","floor":14.0,"damage_taken":0.0},{"event_name":"N\u0027loth","player_choice":"Traded a Orrery","floor":20.0,"damage_taken":0.0},{"event_name":"Drug Dealer","player_choice":"Got JAXXED","floor":27.0,"damage_taken":0.0},{"event_name":"Tomb of Lord Red Mask","player_choice":"Ignored","floor":36.0,"damage_taken":0.0},{"event_name":"Accursed Blacksmith","player_choice":"Forge","floor":38.0,"damage_taken":0.0}],"is_beta":false,"boss_relics":[{"not_picked":["WristBlade","Busted Crown"],"picked":"Orrery"},{"not_picked":["Runic Pyramid","Calling Bell"],"picked":"Eternal Feather"}],"items_purged_floors":[37,39],"is_endless":false,"potions_floor_spawned":[1,2,8,12,21,29,30,31,35,45,47],"ascension_level":6}