{"gold_per_floor":[116,132,64,64,77,77,91,91,118,134,134,163,175,187,199,306,318,344,376,388,414,441,473,485,530,542,554,443,368,368,401,401,506,506,521,521,521,541,555,555,574,195,221,237,2,2,18,18,18,18],"floor_reached":51,"playtime":1679,"items_purged":["Strike_R","Defend_R"],"score":762,"play_id":"72649f28-4346-41a9-b516-04b21b8ff1c2","local_time":"20190213135132","is_ascension_mode":false,"campfire_choices":[{"data":"Armaments","floor":6.0,"key":"SMITH"},{"data":"Searing Blow","floor":8.0,"key":"SMITH"},{"data":"Armaments","floor":11.0,"key":"SMITH"},{"data":"Searing Blow+1","floor":15.0,"key":"SMITH"},{"data":"Searing Blow+2","floor":24.0,"key":"SMITH"},{"data":"Searing Blow+3","floor":27.0,"key":"SMITH"},{"data":"Searing Blow+4","floor":30.0,"key":"SMITH"},{"floor":32.0,"key":"REST"},{"floor":40.0,"key":"REST"},{"data":"Searing Blow+5","floor":46.0,"key":"SMITH"},{"data":"Searing Blow+6","floor":49.0,"key":"SMITH"}],"neow_cost":"NONE","seed_source_timestamp":0,"circlet_count":0,"master_deck":["Strike_R+1","Defend_R","Defend_R","Defend_R","Bash+1","Armaments+1","Headbutt+1","Metallicize","Armaments+1","Searing Blow+7","Metallicize","Uppercut","Demon Form","Battle Trance","Cleave+1","Havoc+1","Flame Barrier","Shockwave","Armaments","Feed","Immolate+1","Armaments+1","Secret Weapon","Good Instincts","Metallicize","Whirlwind+1","Discovery","HandOfGreed","Panacea"],"special_seed":0,"relics":["Burning Blood","PreservedInsect","MawBank","Philosopher\u0027s Stone","Strawberry","Dodecahedron","Orichalcum","Busted Crown","Red Skull","Whetstone"],"potions_floor_usage":[50,50,50],"damage_taken":[{"damage":0.0,"enemies":"Small Slimes","floor":1.0,"turns":3.0},{"damage":3.0,"enemies":"2 Louse","floor":2.0,"turns":3.0},{"damage":0.0,"enemies":"Cultist","floor":5.0,"turns":3.0},{"damage":0.0,"enemies":"Exordium Wildlife","floor":7.0,"turns":5.0},{"damage":7.0,"enemies":"2 Fungi Beasts","floor":10.0,"turns":5.0},{"damage":4.0,"enemies":"3 Sentries","floor":12.0,"turns":8.0},{"damage":28.0,"enemies":"Hexaghost","floor":16.0,"turns":12.0},{"damage":28.0,"enemies":"2 Thieves","floor":18.0,"turns":4.0},{"damage":8.0,"enemies":"Shell Parasite","floor":19.0,"turns":5.0},{"damage":9.0,"enemies":"Cultist and Chosen","floor":21.0,"turns":6.0},{"damage":27.0,"enemies":"Snake Plant","floor":22.0,"turns":6.0},{"damage":23.0,"enemies":"Snecko","floor":23.0,"turns":5.0},{"damage":9.0,"enemies":"Gremlin Leader","floor":25.0,"turns":4.0},{"damage":12.0,"enemies":"Slavers","floor":31.0,"turns":5.0},{"damage":2.0,"enemies":"Champ","floor":33.0,"turns":9.0},{"damage":1.0,"enemies":"3 Shapes","floor":35.0,"turns":2.0},{"damage":0.0,"enemies":"3 Darklings","floor":38.0,"turns":4.0},{"damage":27.0,"enemies":"Writhing Mass","floor":39.0,"turns":6.0},{"damage":1.0,"enemies":"Maw","floor":41.0,"turns":6.0},{"damage":17.0,"enemies":"Sphere and 2 Shapes","floor":44.0,"turns":4.0},{"damage":16.0,"enemies":"Spire Growth","floor":47.0,"turns":5.0},{"damage":68,"enemies":"Awakened One","floor":50,"turns":10}],"seed_played":"8983756464021748670","potions_obtained":[{"floor":5.0,"key":"SteroidPotion"},{"floor":10.0,"key":"EssenceOfSteel"},{"floor":12.0,"key":"GamblersBrew"},{"floor":18.0,"key":"SteroidPotion"},{"floor":22.0,"key":"Fire Potion"},{"floor":23.0,"key":"SteroidPotion"},{"floor":25.0,"key":"SkillPotion"},{"floor":38.0,"key":"Fire Potion"},{"floor":44.0,"key":"Strength Potion"},{"floor":47.0,"key":"Poison Potion"}],"is_trial":false,"path_per_floor":["M","M","$","?","M","R","M","R","T","M","R","E","?","?","R","B",null,"M","M","?","M","M","M","R","E","T","R","$","?","R","E","R","B",null,"M","?","?","M","M","R","M","$","T","M","$","R","M","?","R","B",null],"character_chosen":"IRONCLAD","items_purchased":["Metallicize","Armaments","Secret Weapon","Good Instincts","Metallicize","Whetstone"],"campfire_rested":2,"item_purchase_floors":[3,28,42,42,45,45],"current_hp_per_floor":[80,80,80,85,85,85,85,85,85,84,84,85,78,61,61,39,85,63,61,61,58,37,20,20,24,24,24,24,24,24,18,45,49,92,95,95,86,92,75,99,99,99,99,92,92,92,82,72,72,10],"gold":18,"neow_bonus":"UPGRADE_CARD","is_prod":false,"is_daily":false,"chose_seed":false,"campfire_upgraded":9,"win_rate":0,"timestamp":1550087492,"path_taken":["M","M","$","?","M","R","M","R","T","M","R","E","?","?","R","BOSS","M","M","?","M","?","M","R","E","T","R","$","?","R","E","R","BOSS","M","?","?","?","M","R","M","?","T","M","$","R","?","?","R","BOSS"],"build_version":"2019-01-23","purchased_purges":2,"victory":true,"max_hp_per_floor":[80,80,80,85,85,85,85,85,85,85,85,85,85,85,85,85,85,85,85,85,85,85,85,85,92,92,92,92,92,92,92,92,92,92,95,95,95,95,99,99,99,99,99,103,103,103,103,103,103,103],"card_choices":[{"not_picked":["Warcry","Corruption"],"picked":"Armaments","floor":1.0},{"not_picked":["Warcry","Combust"],"picked":"Headbutt","floor":2.0},{"not_picked":["Combust","Second Wind"],"picked":"Armaments","floor":5.0},{"not_picked":["Headbutt","Anger"],"picked":"Searing Blow","floor":7.0},{"not_picked":["Shockwave","Shrug It Off"],"picked":"Metallicize","floor":10.0},{"not_picked":["Sword Boomerang","Power Through"],"picked":"Uppercut","floor":12.0},{"not_picked":["Juggernaut","Limit Break"],"picked":"Demon Form","floor":16.0},{"not_picked":["Ghostly Armor+1","Clash"],"picked":"Battle Trance","floor":18.0},{"not_picked":["Feel No Pain","Clothesline","Inflame"],"picked":"SKIP","floor":19.0},{"not_picked":["Cleave","True Grit"],"picked":"Havoc+1","floor":21.0},{"not_picked":["Havoc","Cleave"],"picked":"Flame Barrier","floor":22.0},{"not_picked":["Whirlwind","Searing Blow"],"picked":"Shockwave","floor":23.0},{"not_picked":["Dropkick","Shrug It Off","Impervious"],"picked":"SKIP","floor":25.0},{"not_picked":["Headbutt+1","Sentinel"],"picked":"Feed","floor":31.0},{"not_picked":["Reaper","Barricade"],"picked":"Immolate","floor":33.0},{"not_picked":["Anger"],"picked":"SKIP","floor":35.0},{"not_picked":[],"picked":"Armaments+1","floor":38.0},{"not_picked":["Sentinel"],"picked":"SKIP","floor":39.0},{"not_picked":["Clothesline"],"picked":"SKIP","floor":41.0},{"not_picked":["Combust"],"picked":"SKIP","floor":44.0},{"not_picked":[],"picked":"Whirlwind+1","floor":47.0},{"not_picked":[],"picked":"Discovery","floor":48.0},{"not_picked":[],"picked":"HandOfGreed","floor":48.0},{"not_picked":[],"picked":"Panacea","floor":48.0}],"player_experience":796258,"relics_obtained":[{"floor":9.0,"key":"PreservedInsect"},{"floor":12.0,"key":"MawBank"},{"floor":25.0,"key":"Strawberry"},{"floor":26.0,"key":"Dodecahedron"},{"floor":31.0,"key":"Orichalcum"},{"floor":43.0,"key":"Red Skull"}],"event_choices":[{"damage_healed":0.0,"max_hp_gain":5.0,"max_hp_loss":0.0,"gold_gain":0.0,"event_name":"Big Fish","player_choice":"Donut","floor":4.0,"gold_loss":0.0,"damage_taken":0.0},{"cards_removed":["Strike_R"],"damage_healed":0.0,"max_hp_gain":0.0,"max_hp_loss":0.0,"gold_gain":0.0,"event_name":"Golden Wing","player_choice":"Card Removal","floor":13.0,"gold_loss":0.0,"damage_taken":7.0},{"damage_healed":0.0,"max_hp_gain":0.0,"max_hp_loss":0.0,"gold_gain":0.0,"event_name":"Shining Light","player_choice":"Entered Light","floor":14.0,"gold_loss":0.0,"damage_taken":17.0,"cards_upgraded":["Headbutt","Strike_R"]},{"damage_healed":0.0,"max_hp_gain":0.0,"max_hp_loss":0.0,"gold_gain":0.0,"cards_transformed":["Strike_R"],"event_name":"Transmorgrifier","player_choice":"Transformed","floor":20.0,"gold_loss":0.0,"damage_taken":0.0,"cards_obtained":["Cleave"]},{"cards_removed":["Strike_R"],"damage_healed":0.0,"max_hp_gain":0.0,"max_hp_loss":0.0,"gold_gain":0.0,"event_name":"Beggar","player_choice":"Gave Gold","floor":29.0,"gold_loss":75.0,"damage_taken":0.0},{"damage_healed":0.0,"max_hp_gain":0.0,"max_hp_loss":0.0,"gold_gain":0.0,"event_name":"Tomb of Lord Red Mask","player_choice":"Ignored","floor":36.0,"gold_loss":0.0,"damage_taken":0.0},{"damage_healed":0.0,"max_hp_gain":0.0,"max_hp_loss":0.0,"gold_gain":0.0,"event_name":"Wheel of Change","player_choice":"Damaged","floor":37.0,"gold_loss":0.0,"damage_taken":9.0},{"damage_healed":0.0,"max_hp_gain":0.0,"max_hp_loss":0.0,"gold_gain":0.0,"event_name":"SensoryStone","player_choice":"Memory 3","floor":48.0,"gold_loss":0.0,"damage_taken":10.0}],"is_beta":false,"boss_relics":[{"not_picked":["Fusion Hammer","Ectoplasm"],"picked":"Philosopher\u0027s Stone"},{"not_picked":["Astrolabe","Calling Bell"],"picked":"Busted Crown"}],"items_purged_floors":[28,42],"is_endless":false,"potions_floor_spawned":[5,10,12,18,22,23,25,38,44,47],"ascension_level":0}