{"gold_per_floor":[112,112,126,201,72,99,118,148,171,171,187,187,220,42,42,142,142,158,128,138,16,29,29],"floor_reached":23,"playtime":1287,"items_purged":["Strike_R","Strike_R"],"score":282,"play_id":"dfaa0f45-f656-4130-974a-a39c428d73ca","local_time":"20180731085456","is_ascension_mode":true,"campfire_choices":[{"data":"Bash","floor":10,"key":"SMITH"},{"data":"True Grit","floor":12,"key":"SMITH"},{"data":"Armaments","floor":15,"key":"SMITH"}],"neow_cost":"","seed_source_timestamp":369012979179481,"circlet_count":0,"master_deck":["Strike_R","Strike_R","Strike_R+1","Defend_R+1","Defend_R+1","Defend_R","Defend_R+1","Bash+1","Twin Strike","Anger","Iron Wave","Carnage","True Grit+1","Twin Strike","Ghostly Armor","Armaments+1","Demon Form","Twin Strike+1","Feed","Shrug It Off"],"relics":["Black Blood","Orichalcum","Centennial Puzzle","Juzu Bracelet","War Paint"],"potions_floor_usage":[6,8,16,16,16,20,23,23,23,23],"damage_taken":[{"damage":10,"enemies":"Small Slimes","floor":1,"turns":5},{"damage":12,"enemies":"Jaw Worm","floor":3,"turns":3},{"damage":21,"enemies":"3 Sentries","floor":6,"turns":10},{"damage":0,"enemies":"2 Louse","floor":7,"turns":2},{"damage":10,"enemies":"Gremlin Nob","floor":8,"turns":3},{"damage":0,"enemies":"Large Slime","floor":11,"turns":5},{"damage":17,"enemies":"Lagavulin","floor":13,"turns":5},{"damage":45,"enemies":"The Guardian","floor":16,"turns":10},{"damage":19,"enemies":"Chosen","floor":18,"turns":5},{"damage":10,"enemies":"Shell Parasite","floor":20,"turns":4},{"damage":13,"enemies":"Snecko","floor":22,"turns":4},{"damage":83,"enemies":"Gremlin Leader","floor":23,"turns":10}],"seed_played":"-8682477556066638659","potions_obtained":[{"floor":3,"key":"Fruit Juice"},{"floor":6,"key":"Fire Potion"},{"floor":8,"key":"Regen Potion"},{"floor":13,"key":"SteroidPotion"},{"floor":18,"key":"EntropicBrew"},{"floor":19,"key":"FearPotion"},{"floor":19,"key":"Weak Potion"}],"is_trial":false,"path_per_floor":["M","?","M","?","$","E","M","E","T","R","M","R","E","$","R","B",null,"M","?","M","$","M"],"character_chosen":"IRONCLAD","items_purchased":["Iron Wave","Regen Potion","Feed","Shrug It Off"],"campfire_rested":0,"item_purchase_floors":[5,14,21,21],"current_hp_per_floor":[68,52,46,35,35,25,31,27,27,27,33,33,22,22,22,23,70,61,61,61,61,61,0],"gold":29,"neow_bonus":"","is_prod":false,"is_daily":false,"chose_seed":false,"campfire_upgraded":3,"win_rate":0,"timestamp":1533045296,"path_taken":["M","?","M","?","$","E","M","E","T","R","M","R","E","$","R","BOSS","M","?","M","$","M","E"],"build_version":"2018-07-30","purchased_purges":2,"victory":false,"max_hp_per_floor":[80,80,80,80,80,85,85,85,85,85,85,85,85,85,85,85,85,85,85,85,85,88,88],"card_choices":[{"not_picked":["Warcry","Clash"],"picked":"Twin Strike","floor":1},{"not_picked":["Shrug It Off","Spot Weakness"],"picked":"Anger","floor":3},{"not_picked":["Sword Boomerang","Flex"],"picked":"Carnage","floor":6},{"not_picked":["Sword Boomerang","Warcry"],"picked":"True Grit","floor":7},{"not_picked":["Dropkick","Evolve"],"picked":"Twin Strike","floor":8},{"not_picked":["Shrug It Off","Barricade"],"picked":"Ghostly Armor","floor":11},{"not_picked":["Havoc","Heavy Blade"],"picked":"Armaments","floor":13},{"not_picked":["Bludgeon","Reaper"],"picked":"Demon Form","floor":16},{"not_picked":["Pommel Strike+1","Flex+1","Warcry+1"],"picked":"SKIP","floor":18},{"not_picked":["Rupture","Thunderclap"],"picked":"Twin Strike+1","floor":20},{"not_picked":["True Grit","Armaments","Sword Boomerang+1"],"picked":"SKIP","floor":22},{"not_picked":["True Grit","Armaments","Sword Boomerang+1"],"picked":"SKIP","floor":22}],"player_experience":302717,"relics_obtained":[{"floor":6,"key":"Orichalcum"},{"floor":8,"key":"Centennial Puzzle"},{"floor":9,"key":"Juzu Bracelet"},{"floor":13,"key":"War Paint"}],"event_choices":[{"event_name":"Shining Light","player_choice":"Entered Light","floor":2,"damage_taken":0},{"event_name":"World of Goop","player_choice":"Gather Gold","floor":4,"damage_taken":0},{"event_name":"The Woman in Blue","player_choice":"Bought 2 Potions","floor":19,"damage_taken":0}],"is_beta":true,"boss_relics":[{"not_picked":["Pandora\u0027s Box","Mark of Pain"],"picked":"Black Blood"}],"items_purged_floors":[5,14],"is_endless":false,"potions_floor_spawned":[3,6,8,13,18],"killed_by":"Gremlin Leader","ascension_level":7}