{"gold_per_floor":[116,134,153,0,14,14,14,14,40,56,30,30,61,81,81,177,177,194,119,130,229,246,246,265,265,265,54,54,54,67,67],"floor_reached":31,"playtime":1218,"items_purged":[],"score":284,"play_id":"1bb901ca-0c22-44b0-af10-26da8d528f88","local_time":"20180629084225","is_ascension_mode":true,"campfire_choices":[{"data":"1","floor":6,"key":"LIFT"},{"data":"2","floor":8,"key":"LIFT"},{"data":"3","floor":12,"key":"LIFT"},{"floor":15,"key":"REST"},{"floor":23,"key":"REST"},{"data":"Heavy Blade","floor":25,"key":"SMITH"},{"data":"Barricade","floor":29,"key":"SMITH"}],"neow_cost":"CURSE","seed_source_timestamp":391985745487042,"circlet_count":0,"master_deck":["Strike_R","Strike_R","Strike_R","Defend_R","Defend_R","Defend_R","Defend_R","Bash","Parasite","Heavy Blade+1","Flex","Ghostly Armor","Heavy Blade","Shrug It Off","Inflame","Barricade+1","Spot Weakness","Heavy Blade","Whirlwind"],"relics":["Burning Blood","Girya","Singing Bowl","Lantern","Anchor","Runic Cube","Bag of Marbles","Pen Nib"],"potions_floor_usage":[16,16,20],"damage_taken":[{"damage":1,"enemies":"Cultist","floor":1,"turns":3},{"damage":7,"enemies":"2 Louse","floor":2,"turns":3},{"damage":3,"enemies":"Small Slimes","floor":3,"turns":4},{"damage":16,"enemies":"Blue Slaver","floor":5,"turns":3},{"damage":0,"enemies":"Looter","floor":10,"turns":1},{"damage":30,"enemies":"Lagavulin","floor":13,"turns":5},{"damage":0,"enemies":"2 Fungi Beasts","floor":14,"turns":2},{"damage":32,"enemies":"Hexaghost","floor":16,"turns":9},{"damage":22,"enemies":"Shell Parasite","floor":18,"turns":5},{"damage":26,"enemies":"3 Byrds","floor":20,"turns":6},{"damage":15,"enemies":"Snecko","floor":22,"turns":4},{"damage":18,"enemies":"Snake Plant","floor":24,"turns":3},{"damage":46,"enemies":"Chosen and Byrds","floor":30,"turns":6},{"damage":29,"enemies":"Slaver and Parasite","floor":31,"turns":3}],"seed_played":"3259810229833334732","potions_obtained":[{"floor":1,"key":"Dexterity Potion"},{"floor":10,"key":"Strength Potion"},{"floor":16,"key":"Fire Potion"},{"floor":20,"key":"Explosive Potion"}],"is_trial":false,"path_per_floor":["M","M","M","$","M","R","?","R","T","M","$","R","E","M","R","B",null,"M","?","M","?","M","R","M","R","T","$","$","R","M"],"character_chosen":"IRONCLAD","items_purchased":["Singing Bowl","Shrug It Off","Whirlwind","Pen Nib"],"campfire_rested":2,"item_purchase_floors":[4,11,27,27],"current_hp_per_floor":[80,79,80,80,70,70,63,63,63,71,71,71,47,55,80,54,84,70,70,50,50,43,69,57,57,57,57,57,57,19,0],"gold":67,"neow_bonus":"ONE_RARE_RELIC","is_prod":false,"is_daily":false,"chose_seed":false,"campfire_upgraded":2,"win_rate":0,"timestamp":1530276145,"path_taken":["M","M","M","?","M","R","?","R","T","M","$","R","E","M","R","BOSS","M","?","M","?","M","R","M","R","T","?","$","R","M","M"],"build_version":"2018-06-28","purchased_purges":0,"victory":false,"max_hp_per_floor":[80,80,80,80,80,80,80,80,80,82,82,82,82,84,84,84,84,86,86,86,86,88,88,88,88,88,88,88,88,90,90],"card_choices":[{"not_picked":["Seeing Red","Perfected Strike"],"picked":"Heavy Blade","floor":1},{"not_picked":["Sword Boomerang","Bloodletting"],"picked":"Flex","floor":2},{"not_picked":["Anger","Seeing Red"],"picked":"Ghostly Armor","floor":3},{"not_picked":["Clothesline","Pommel Strike"],"picked":"Heavy Blade","floor":5},{"not_picked":["Thunderclap","Hemokinesis","Pommel Strike"],"picked":"Singing Bowl","floor":10},{"not_picked":["Wild Strike","Bludgeon"],"picked":"Inflame","floor":13},{"not_picked":["Combust","True Grit","Blood for Blood"],"picked":"Singing Bowl","floor":14},{"not_picked":["Berserk","Fiend Fire"],"picked":"Barricade","floor":16},{"not_picked":["Warcry+1","Rage","Wild Strike"],"picked":"Singing Bowl","floor":18},{"not_picked":["Pommel Strike","Shockwave+1"],"picked":"Spot Weakness","floor":20},{"not_picked":["Rampage+1","Intimidate","Fire Breathing"],"picked":"Singing Bowl","floor":22},{"not_picked":["Iron Wave+1","Perfected Strike"],"picked":"Heavy Blade","floor":24},{"not_picked":["Thunderclap","Reaper","Headbutt"],"picked":"Singing Bowl","floor":30}],"player_experience":841504,"relics_obtained":[{"floor":9,"key":"Lantern"},{"floor":13,"key":"Anchor"},{"floor":26,"key":"Bag of Marbles"}],"event_choices":[{"event_name":"Golden Wing","player_choice":"Card Removal","floor":7,"damage_taken":0},{"event_name":"Beggar","player_choice":"Gave Gold","floor":19,"damage_taken":0},{"event_name":"Nest","player_choice":"Stole From Cult","floor":21,"damage_taken":0}],"boss_relics":[{"not_picked":["Snecko Eye","Astrolabe"],"picked":"Runic Cube"}],"items_purged_floors":[],"is_endless":false,"potions_floor_spawned":[1,10,16,20],"killed_by":"Slaver and Parasite","ascension_level":4}