{"gold_per_floor":[116,116,41,56,76,76,109,109,109,109,138,38,38,38,38,134,134,149,149,149,149,173,173,185,185,239,239,239,258,273,148,148,253,253,267,283,283,95,144,144,161,161,161,161,161],"floor_reached":45,"playtime":1937,"items_purged":["Strike_R","Strike_R","Shame","Strike_R"],"score":704,"play_id":"39aad8a8-4c50-4dc4-8543-e2af05af64d9","local_time":"20190112204801","is_ascension_mode":true,"campfire_choices":[{"data":"Armaments","floor":6,"key":"SMITH"},{"data":"Metallicize","floor":8,"key":"SMITH"},{"floor":10,"key":"REST"},{"floor":15,"key":"REST"},{"data":"Normality","floor":23,"key":"PURGE"},{"floor":25,"key":"REST"},{"data":"Shame","floor":27,"key":"PURGE"},{"floor":32,"key":"REST"},{"floor":40,"key":"RECALL"},{"data":"Pain","floor":42,"key":"PURGE"},{"data":"Clumsy","floor":44,"key":"PURGE"}],"neow_cost":"NONE","seed_source_timestamp":320165454538439,"circlet_count":0,"master_deck":["AscendersBane","Strike_R","Defend_R","Defend_R","Defend_R","Defend_R","Bash+1","Armaments+1","Metallicize+1","Pommel Strike","Rampage","Reaper","Spot Weakness+1","Thunderclap+1","Ghostly Armor+1","Exhume","Headbutt","Metallicize","Dropkick"],"relics":["Burning Blood","Question Card","Incense Burner","Peace Pipe","Bottled Flame","Cursed Key","Pen Nib","Vajra","Bronze Scales","Lizard Tail","Kunai"],"potions_floor_usage":[1,11,29,33,33,45],"damage_taken":[{"damage":7,"enemies":"Jaw Worm","floor":1,"turns":3},{"damage":1,"enemies":"Cultist","floor":4,"turns":3},{"damage":7,"enemies":"2 Louse","floor":5,"turns":4},{"damage":45,"enemies":"3 Sentries","floor":7,"turns":14},{"damage":28,"enemies":"Gremlin Nob","floor":11,"turns":5},{"damage":46,"enemies":"Slime Boss","floor":16,"turns":13},{"damage":25,"enemies":"2 Thieves","floor":18,"turns":4},{"damage":56,"enemies":"3 Byrds","floor":24,"turns":8},{"damage":19,"enemies":"Snecko","floor":29,"turns":4},{"damage":20,"enemies":"Shelled Parasite and Fungi","floor":30,"turns":6},{"damage":26,"enemies":"Automaton","floor":33,"turns":10},{"damage":23,"enemies":"3 Darklings","floor":35,"turns":6},{"damage":22,"enemies":"3 Shapes","floor":36,"turns":7},{"damage":53,"enemies":"3 Darklings","floor":41,"turns":4},{"damage":131,"enemies":"Giant Head","floor":45,"turns":10}],"seed_played":"-358289780822605374","potions_obtained":[{"floor":1,"key":"Fruit Juice"},{"floor":4,"key":"Ancient Potion"},{"floor":24,"key":"Poison Potion"},{"floor":29,"key":"Dexterity Potion"},{"floor":30,"key":"EssenceOfSteel"},{"floor":36,"key":"EssenceOfSteel"}],"is_trial":false,"path_per_floor":["M","?","$","M","M","R","E","R","T","R","E","$","?","$","R","B",null,"M","$","?","$","T","R","M","R","T","R","?","M","M","$","R","B",null,"M","M","?","$","T","R","M","R","T","R","E"],"character_chosen":"IRONCLAD","items_purchased":["Dropkick"],"campfire_rested":4,"item_purchase_floors":[38],"current_hp_per_floor":[76,76,76,81,80,80,41,41,41,66,44,44,44,44,69,29,71,52,52,52,52,52,52,9,34,34,34,34,21,16,16,41,48,76,85,69,66,66,66,66,57,57,57,57,0],"gold":161,"neow_bonus":"UPGRADE_CARD","is_prod":false,"is_daily":false,"chose_seed":false,"campfire_upgraded":2,"win_rate":0,"timestamp":1547344081,"path_taken":["M","?","$","?","M","R","E","R","T","R","E","$","?","?","R","BOSS","M","$","?","?","?","R","M","R","T","R","?","?","M","$","R","BOSS","M","M","?","$","?","R","?","R","T","R","E"],"build_version":"2019-01-10","purchased_purges":4,"victory":false,"max_hp_per_floor":[85,85,85,85,85,85,85,85,85,85,85,85,85,85,85,85,85,85,85,85,85,85,85,85,85,85,85,85,85,85,85,85,85,85,85,85,85,85,85,85,85,85,85,85,85],"card_choices":[{"not_picked":["Burning Pact","Infernal Blade"],"picked":"Cleave","floor":1},{"not_picked":["Iron Wave","Body Slam","Intimidate"],"picked":"Armaments","floor":4},{"not_picked":["Iron Wave","Inflame","Ghostly Armor"],"picked":"Metallicize","floor":5},{"not_picked":["Iron Wave","Fiend Fire","Flex"],"picked":"Pommel Strike","floor":7},{"not_picked":["Headbutt","Body Slam","Second Wind"],"picked":"Rampage","floor":11},{"not_picked":["Exhume","Dark Embrace","Bludgeon"],"picked":"Reaper","floor":16},{"not_picked":["Wild Strike","Heavy Blade","Shrug It Off"],"picked":"Spot Weakness+1","floor":18},{"not_picked":["Perfected Strike","Warcry","Heavy Blade","Blood for Blood"],"picked":"SKIP","floor":24},{"not_picked":["Metallicize","Pommel Strike","Headbutt"],"picked":"Thunderclap+1","floor":29},{"not_picked":["Feel No Pain+1","Corruption","Whirlwind"],"picked":"Ghostly Armor+1","floor":30},{"not_picked":["Bludgeon","Dark Embrace","Juggernaut"],"picked":"Exhume","floor":33},{"not_picked":["Battle Trance","Corruption+1","Heavy Blade"],"picked":"Headbutt","floor":35},{"not_picked":["Blood for Blood","Sword Boomerang","Iron Wave"],"picked":"Metallicize","floor":36},{"not_picked":["Perfected Strike","Cleave","Seeing Red+1","Wild Strike"],"picked":"SKIP","floor":41}],"player_experience":2099698,"relics_obtained":[{"floor":7,"key":"Incense Burner"},{"floor":9,"key":"Peace Pipe"},{"floor":11,"key":"Bottled Flame"},{"floor":22,"key":"Vajra"},{"floor":26,"key":"Bronze Scales"},{"floor":43,"key":"Kunai"}],"event_choices":[{"cards_removed":["Cleave"],"damage_healed":0,"gold_gain":0,"player_choice":"Gave Card","damage_taken":0,"relics_obtained":["Question Card"],"max_hp_gain":0,"max_hp_loss":0,"event_name":"WeMeetAgain","floor":2,"gold_loss":0},{"cards_removed":["Strike_R"],"damage_healed":0,"gold_gain":0,"player_choice":"Forget","damage_taken":0,"max_hp_gain":0,"max_hp_loss":0,"event_name":"Living Wall","floor":13,"gold_loss":0},{"damage_healed":0,"gold_gain":0,"player_choice":"Stole Relic","damage_taken":0,"relics_obtained":["Pen Nib"],"max_hp_gain":0,"max_hp_loss":0,"event_name":"Addict","floor":20,"gold_loss":0,"cards_obtained":["Shame"]},{"damage_healed":0,"gold_gain":0,"player_choice":"Ignored","damage_taken":0,"max_hp_gain":0,"max_hp_loss":0,"event_name":"Vampires","floor":28,"gold_loss":0},{"damage_healed":0,"gold_gain":0,"player_choice":"Punched","damage_taken":3,"max_hp_gain":0,"max_hp_loss":0,"event_name":"Designer","floor":37,"gold_loss":0}],"is_beta":false,"boss_relics":[{"not_picked":["Black Star","Runic Pyramid"],"picked":"Cursed Key"},{"not_picked":["Philosopher\u0027s Stone","Tiny House"],"picked":"Lizard Tail"}],"items_purged_floors":[3,12,31,38],"is_endless":false,"potions_floor_spawned":[1,4,24,29,30,36],"killed_by":"Giant Head","ascension_level":12}