{"gold_per_floor":[118,138,138,158,83,83,99,126,173,186,186,198,198,255,255,255],"floor_reached":16,"playtime":700,"items_purged":["Strike_R"],"score":168,"play_id":"ca1b91c4-4ddf-4510-877a-cf45914741ad","local_time":"20190115203256","is_ascension_mode":true,"campfire_choices":[{"data":"True Grit","floor":6,"key":"SMITH"},{"data":"Feel No Pain","floor":13,"key":"SMITH"},{"floor":15,"key":"REST"}],"neow_cost":"NONE","seed_source_timestamp":579676000692978,"circlet_count":0,"master_deck":["AscendersBane","Strike_R","Strike_R","Strike_R","Strike_R","Defend_R","Defend_R","Defend_R","Defend_R","Bash+1","Dropkick","Pommel Strike","True Grit+1","Feel No Pain+1","Dropkick","Iron Wave","Thunderclap"],"relics":["Burning Blood","NeowsBlessing","Toxic Egg 2","Happy Flower","Orichalcum"],"potions_floor_usage":[8,8,12],"damage_taken":[{"damage":0,"enemies":"Jaw Worm","floor":1,"turns":1},{"damage":0,"enemies":"Cultist","floor":2,"turns":1},{"damage":0,"enemies":"Small Slimes","floor":4,"turns":1},{"damage":8,"enemies":"Looter","floor":7,"turns":3},{"damage":26,"enemies":"Lagavulin","floor":8,"turns":5},{"damage":23,"enemies":"Exordium Wildlife","floor":10,"turns":5},{"damage":6,"enemies":"3 Louse","floor":12,"turns":4},{"damage":19,"enemies":"3 Sentries","floor":14,"turns":12},{"damage":56,"enemies":"Slime Boss","floor":16,"turns":11}],"seed_played":"6401466561910672899","potions_obtained":[{"floor":1,"key":"Strength Potion"},{"floor":4,"key":"Strength Potion"},{"floor":10,"key":"FearPotion"}],"is_trial":false,"path_per_floor":["M","M","?","M","$","R","M","E","T","M","?","M","R","?","R","B"],"character_chosen":"IRONCLAD","items_purchased":[],"campfire_rested":1,"item_purchase_floors":[],"current_hp_per_floor":[78,80,80,80,80,80,78,58,58,41,41,41,41,28,52,0],"gold":255,"neow_bonus":"THREE_ENEMY_KILL","is_prod":false,"is_daily":false,"chose_seed":false,"campfire_upgraded":2,"win_rate":0,"timestamp":1547602376,"path_taken":["M","M","?","M","$","R","?","E","T","?","?","M","R","?","R","BOSS"],"build_version":"2019-01-10","purchased_purges":1,"victory":false,"max_hp_per_floor":[80,80,80,80,80,80,80,80,80,80,80,80,80,80,80,80],"card_choices":[{"not_picked":["Blood for Blood","Pommel Strike"],"picked":"Dropkick","floor":1},{"not_picked":["Perfected Strike","Evolve"],"picked":"Pommel Strike","floor":2},{"not_picked":["Corruption","Heavy Blade"],"picked":"True Grit","floor":4},{"not_picked":["Carnage","Fiend Fire"],"picked":"Feel No Pain","floor":7},{"not_picked":["Thunderclap","Headbutt"],"picked":"Dropkick","floor":8},{"not_picked":["Reckless Charge","Sword Boomerang","Sever Soul"],"picked":"SKIP","floor":10},{"not_picked":["Intimidate+1","Corruption"],"picked":"Iron Wave","floor":12},{"not_picked":["Pummel","Clash"],"picked":"Thunderclap","floor":14}],"player_experience":2128226,"relics_obtained":[{"floor":8,"key":"Toxic Egg 2"},{"floor":9,"key":"Happy Flower"},{"floor":14,"key":"Orichalcum"}],"event_choices":[{"damage_healed":0,"gold_gain":0,"player_choice":"Upgraded","damage_taken":0,"max_hp_gain":0,"max_hp_loss":0,"event_name":"Upgrade Shrine","floor":3,"gold_loss":0,"cards_upgraded":["Bash"]},{"damage_healed":0,"gold_gain":0,"player_choice":"Ignored","damage_taken":0,"max_hp_gain":0,"max_hp_loss":0,"event_name":"Liars Game","floor":11,"gold_loss":0},{"damage_healed":0,"gold_gain":0,"player_choice":"Searched \u00271\u0027 times","damage_taken":0,"max_hp_gain":0,"max_hp_loss":0,"event_name":"Dead Adventurer","floor":14,"gold_loss":0}],"is_beta":false,"boss_relics":[],"items_purged_floors":[5],"is_endless":false,"potions_floor_spawned":[1,4,7,10],"killed_by":"Slime Boss","ascension_level":13}