{"gold_per_floor":[15,15,90,90,20,20,39,39,39,50,50,66,47,347,347,446,446,458,41,581,600,616,616,616,635,682,682],"floor_reached":27,"playtime":1740,"items_purged":[],"score":298,"play_id":"d1439323-f628-4e52-a92f-c168485d35c9","local_time":"20190122005334","is_ascension_mode":false,"campfire_choices":[{"data":"Chaos","floor":6,"key":"SMITH"},{"data":"Storm","floor":11,"key":"SMITH"},{"floor":15,"key":"REST"},{"floor":24,"key":"REST"}],"neow_cost":"NO_GOLD","seed_source_timestamp":181333218160426,"circlet_count":0,"master_deck":["Strike_B","Strike_B","Strike_B","Strike_B","Defend_B","Defend_B","Defend_B+1","Defend_B+1","Zap","Dualcast","Rainbow+1","Chaos+1","Storm+1","Hologram","Loop+1","Conserve Battery","Hello World+1","Storm+1","Chill","Redo","Amplify"],"relics":["Cracked Core","Frozen Egg 2","Old Coin","Runic Pyramid","Runic Capacitor","Art of War"],"potions_floor_usage":[16,21,21,23,27],"damage_taken":[{"damage":4,"enemies":"Jaw Worm","floor":1,"turns":4},{"damage":0,"enemies":"Small Slimes","floor":7,"turns":2},{"damage":0,"enemies":"2 Louse","floor":10,"turns":2},{"damage":0,"enemies":"2 Fungi Beasts","floor":12,"turns":4},{"damage":20,"enemies":"Exordium Thugs","floor":13,"turns":4},{"damage":0,"enemies":"The Guardian","floor":16,"turns":8},{"damage":3,"enemies":"Chosen","floor":18,"turns":4},{"damage":0,"enemies":"3 Byrds","floor":21,"turns":4},{"damage":14,"enemies":"Shelled Parasite and Fungi","floor":22,"turns":6},{"damage":0,"enemies":"Gremlin Leader","floor":23,"turns":1},{"damage":24,"enemies":"Snake Plant","floor":25,"turns":4},{"damage":9,"enemies":"3 Cultists","floor":27,"turns":4}],"seed_played":"7438240204604900088","potions_obtained":[{"floor":1,"key":"Weak Potion"},{"floor":10,"key":"Dexterity Potion"},{"floor":18,"key":"Swift Potion"},{"floor":21,"key":"SmokeBomb"},{"floor":25,"key":"AttackPotion"}],"is_trial":false,"path_per_floor":["M","?","?","?","$","R","M","?","T","M","R","M","M","?","R","B",null,"M","$","?","M","M","E","R","M","T","M"],"character_chosen":"DEFECT","items_purchased":["Storm","Runic Capacitor","Storm+1","Art of War"],"campfire_rested":2,"item_purchase_floors":[5,19,19,19],"current_hp_per_floor":[71,56,45,45,45,45,45,45,45,45,45,45,25,18,40,40,75,72,72,23,23,9,9,31,7,7,0],"gold":682,"neow_bonus":"THREE_RARE_CARDS","is_prod":false,"is_daily":false,"chose_seed":false,"campfire_upgraded":2,"win_rate":0,"timestamp":1548080614,"path_taken":["M","?","?","?","$","R","M","?","T","?","R","M","M","?","R","BOSS","M","$","?","?","M","E","R","M","T","M"],"build_version":"2019-01-17v2","purchased_purges":0,"victory":false,"max_hp_per_floor":[75,75,75,75,75,75,75,75,75,75,75,75,75,75,75,75,75,75,75,75,75,75,75,75,75,75,75],"card_choices":[{"not_picked":["Multi-Cast","Buffer"],"picked":"Rainbow","floor":0},{"not_picked":["Beam Cell","Turbo"],"picked":"Chaos","floor":1},{"not_picked":["Heatsinks","Gash"],"picked":"Hologram","floor":7},{"not_picked":["Barrage","Streamline"],"picked":"Loop+1","floor":10},{"not_picked":["Sunder","Beam Cell"],"picked":"Conserve Battery","floor":12},{"not_picked":["White Noise","Stack"],"picked":"Hello World+1","floor":13},{"not_picked":["Gash","Auto Shields","Turbo"],"picked":"SKIP","floor":18},{"not_picked":["Gash","Conserve Battery"],"picked":"Chill","floor":21},{"not_picked":["Sweeping Beam","Streamline"],"picked":"Redo","floor":22},{"not_picked":["Capacitor+1","Doom and Gloom"],"picked":"Amplify","floor":25}],"player_experience":481973,"relics_obtained":[{"floor":9,"key":"Frozen Egg 2"}],"event_choices":[{"damage_healed":0,"gold_gain":0,"player_choice":"Entered Light","damage_taken":15,"max_hp_gain":0,"max_hp_loss":0,"event_name":"Shining Light","floor":2,"gold_loss":0,"cards_upgraded":["Defend_B","Defend_B"]},{"damage_healed":0,"gold_gain":75,"player_choice":"Gather Gold","damage_taken":11,"max_hp_gain":0,"max_hp_loss":0,"event_name":"World of Goop","floor":3,"gold_loss":0},{"damage_healed":0,"gold_gain":0,"player_choice":"Grow","damage_taken":0,"max_hp_gain":0,"max_hp_loss":0,"event_name":"Living Wall","floor":4,"gold_loss":0,"cards_upgraded":["Rainbow"]},{"damage_healed":0,"gold_gain":0,"player_choice":"Ignored","damage_taken":0,"max_hp_gain":0,"max_hp_loss":0,"event_name":"NoteForYourself","floor":8,"gold_loss":0},{"damage_healed":0,"gold_gain":0,"player_choice":"Success","damage_taken":7,"relics_obtained":["Old Coin"],"max_hp_gain":0,"max_hp_loss":0,"event_name":"Scrap Ooze","floor":14,"gold_loss":0},{"damage_healed":0,"gold_gain":540,"player_choice":"GOLD GOLD GOLD GOLD GOLD GOLD ","damage_taken":49,"max_hp_gain":0,"max_hp_loss":0,"event_name":"Knowing Skull","floor":20,"potions_obtained":[],"gold_loss":0,"cards_obtained":[]}],"is_beta":false,"boss_relics":[{"not_picked":["Cursed Key","Velvet Choker"],"picked":"Runic Pyramid"}],"items_purged_floors":[],"is_endless":false,"potions_floor_spawned":[1,10,18,21,23,25],"killed_by":"3 Cultists","ascension_level":0}