{"gold_per_floor":[110,110,110,110,124,164,164,89,89,110,110,134,134,149,149,149],"floor_reached":16,"playtime":702,"items_purged":["Defend_B"],"score":100,"play_id":"5922c996-49a4-496e-9679-9dc28e2d7a43","local_time":"20181125232817","is_ascension_mode":false,"campfire_choices":[{"data":"Sunder","floor":7,"key":"SMITH"},{"data":"White Noise","floor":11,"key":"SMITH"},{"data":"Dualcast","floor":13,"key":"SMITH"},{"floor":15,"key":"REST"}],"neow_cost":"NONE","seed_source_timestamp":1232675089865188,"circlet_count":0,"master_deck":["Strike_B","Strike_B","Strike_B","Defend_B","Defend_B","Defend_B","Zap","Dualcast+1","Sweeping Beam","Streamline","White Noise+1","Sunder+1","Redo","Ball Lightning"],"relics":["Cracked Core","Golden Idol","Ancient Tea Set","Bag of Marbles"],"potions_floor_usage":[6,12],"damage_taken":[{"damage":1,"enemies":"Jaw Worm","floor":1,"turns":3},{"damage":0,"enemies":"2 Louse","floor":5,"turns":2},{"damage":19,"enemies":"Lagavulin","floor":6,"turns":7},{"damage":0,"enemies":"Small Slimes","floor":10,"turns":1},{"damage":7,"enemies":"Blue Slaver","floor":12,"turns":2},{"damage":0,"enemies":"2 Fungi Beasts","floor":14,"turns":2},{"damage":50,"enemies":"The Guardian","floor":16,"turns":7}],"seed_played":"4643714954629645920","potions_obtained":[{"floor":1,"key":"Fire Potion"},{"floor":5,"key":"SmokeBomb"},{"floor":6,"key":"PowerPotion"}],"is_trial":false,"path_per_floor":["M","?","?","?","M","E","R","$","T","M","R","M","R","M","R","B"],"character_chosen":"DEFECT","items_purchased":[],"campfire_rested":1,"item_purchase_floors":[],"current_hp_per_floor":[74,56,49,46,46,27,27,27,27,27,27,20,20,20,42,0],"gold":149,"neow_bonus":"THREE_CARDS","is_prod":false,"is_daily":false,"chose_seed":false,"campfire_upgraded":3,"win_rate":0,"timestamp":1543156097,"path_taken":["M","?","?","?","M","E","R","$","T","M","R","?","R","M","R","BOSS"],"build_version":"2018-11-15","purchased_purges":1,"victory":false,"max_hp_per_floor":[75,75,75,75,75,75,75,75,75,75,75,75,75,75,75,75],"card_choices":[{"not_picked":["Gash","Compile Driver"],"picked":"Sweeping Beam","floor":0},{"not_picked":["Skim","Compile Driver"],"picked":"Streamline","floor":1},{"not_picked":["Sweeping Beam","Go for the Eyes"],"picked":"White Noise","floor":5},{"not_picked":["Hologram","Leap"],"picked":"Sunder","floor":6},{"not_picked":["Rebound","White Noise"],"picked":"Redo","floor":10},{"not_picked":["Rebound","Go for the Eyes"],"picked":"Ball Lightning","floor":12},{"not_picked":["Steam Power","Darkness","Streamline"],"picked":"SKIP","floor":14}],"player_experience":49088,"relics_obtained":[{"floor":6,"key":"Bag of Marbles"}],"event_choices":[{"damage_healed":0,"gold_gain":0,"player_choice":"Take Damage","damage_taken":18,"relics_obtained":["Golden Idol"],"max_hp_gain":0,"max_hp_loss":0,"event_name":"Golden Idol","floor":2,"gold_loss":0},{"cards_removed":["Strike_B"],"damage_healed":0,"gold_gain":0,"player_choice":"Card Removal","damage_taken":7,"max_hp_gain":0,"max_hp_loss":0,"event_name":"Golden Wing","floor":3,"gold_loss":0},{"damage_healed":0,"gold_gain":0,"player_choice":"Success","damage_taken":3,"relics_obtained":["Ancient Tea Set"],"max_hp_gain":0,"max_hp_loss":0,"event_name":"Scrap Ooze","floor":4,"gold_loss":0}],"is_beta":false,"boss_relics":[],"items_purged_floors":[8],"is_endless":false,"potions_floor_spawned":[1,5,6],"killed_by":"The Guardian","ascension_level":0}