{"gold_per_floor":[109,16,16,32,9,9,26,26,26,39,39,39,139,157,157,157],"floor_reached":16,"playtime":299,"items_purged":[],"score":90,"play_id":"7ba3d453-0109-424e-9b73-a62915f1d4cd","local_time":"20180728000927","is_ascension_mode":false,"campfire_choices":[{"data":"Dash","floor":6,"key":"SMITH"},{"data":"Dash","floor":11,"key":"SMITH"},{"data":"Flechettes","floor":15,"key":"SMITH"}],"neow_cost":"NONE","seed_source_timestamp":42204057951756,"circlet_count":0,"master_deck":["Defend_G","Defend_G","Defend_G","Defend_G","Defend_G","Strike_G","Strike_G","Strike_G","Strike_G","Survivor","Neutralize","Dash+1","Dash+1","Slice","Slice","Cloak And Dagger","Slice","Dagger Spray","Flechettes+1"],"relics":["Eternal Feather","Question Card"],"potions_floor_usage":[16],"damage_taken":[{"damage":5,"enemies":"Cultist","floor":1,"turns":4},{"damage":2,"enemies":"2 Louse","floor":4,"turns":3},{"damage":2,"enemies":"Small Slimes","floor":7,"turns":3},{"damage":5,"enemies":"Gremlin Gang","floor":10,"turns":6},{"damage":2,"enemies":"Looter","floor":14,"turns":3},{"damage":72,"enemies":"The Guardian","floor":16,"turns":10}],"seed_played":"-7479749500458025232","potions_obtained":[{"floor":7,"key":"EssenceOfSteel"},{"floor":14,"key":"GhostInAJar"}],"is_trial":false,"path_per_floor":["M","$","?","M","$","R","M","?","T","M","R","$","?","M","R"],"character_chosen":"THE_SILENT","items_purchased":["Dash","Slice","Cloak And Dagger"],"campfire_rested":0,"item_purchase_floors":[2,2,5],"current_hp_per_floor":[65,65,65,63,63,70,68,61,61,56,65,65,65,63,70,0],"gold":157,"neow_bonus":"BOSS_RELIC","is_prod":false,"is_daily":false,"chose_seed":false,"campfire_upgraded":3,"win_rate":0,"timestamp":1532702367,"path_taken":["M","$","?","M","$","R","M","?","T","M","R","$","?","M","R","BOSS"],"build_version":"2018-07-26","purchased_purges":0,"victory":false,"max_hp_per_floor":[70,70,70,70,70,70,70,70,70,70,70,70,70,70,70,70],"card_choices":[{"not_picked":["Sucker Punch","Dagger Throw"],"picked":"Dash","floor":1},{"not_picked":["Quick Slash","All Out Attack"],"picked":"Slice","floor":4},{"not_picked":["Deflect","Prepared"],"picked":"Slice","floor":7},{"not_picked":["Dagger Throw","Dodge and Roll","Acrobatics"],"picked":"Dagger Spray","floor":10},{"not_picked":["Prepared","Accuracy","PiercingWail"],"picked":"Flechettes","floor":14}],"player_experience":274701,"relics_obtained":[{"floor":9,"key":"Question Card"}],"event_choices":[{"event_name":"Bonfire Elementals","player_choice":"BASIC","floor":3,"damage_taken":0},{"event_name":"Wheel of Change","player_choice":"Damage","floor":8,"damage_taken":0},{"event_name":"Golden Shrine","player_choice":"Pray","floor":13,"damage_taken":0}],"is_beta":false,"boss_relics":[],"items_purged_floors":[],"is_endless":false,"potions_floor_spawned":[7,14],"killed_by":"The Guardian","ascension_level":0}