{"gold_per_floor":[129,144,71,86,86,124,143,162,162,162,24,43,62,81,81,206,206,225,214,35,54,73,73,92,111,111,186,186,205,243,262,262,387,387,406,425,474,493,493,493,108,127,152,171,190,209,243,147,147,147],"floor_reached":50,"playtime":3064,"items_purged":[],"score":553,"play_id":"70eda8ca-e711-4fed-b1cc-37584bf41da5","local_time":"20181004184802","daily_mods":["Allstar","Colorless Cards","Careless"],"is_ascension_mode":false,"campfire_choices":[{"data":"Disarm","floor":15,"key":"SMITH"},{"data":"Discovery","floor":28,"key":"SMITH"},{"floor":32,"key":"REST"},{"floor":40,"key":"REST"},{"data":"Apotheosis","floor":49,"key":"SMITH"}],"neow_cost":"","seed_source_timestamp":0,"circlet_count":0,"master_deck":["Strike_R","Strike_R","Defend_R","Defend_R+1","Defend_R","Defend_R","Bash","The Bomb+1","Chrysalis","Panache","Bandage Up","Bandage Up","Metallicize","Disarm+1","Corruption","Shrug It Off","Disarm","Headbutt","Clash","True Grit","Shrug It Off","Barricade","Cleave+1","Iron Wave","Uppercut","Discovery+1","Clothesline+1","Body Slam","Madness+1","Armaments+1","Shrug It Off","Finesse","Panacea+1","Mayhem+1","Feel No Pain+1","Disarm+1","Twin Strike+1","Body Slam","Madness","Madness","Apotheosis+1","Metamorphosis","Pommel Strike+1","Shrug It Off","Metallicize"],"special_seed":17808,"relics":["Burning Blood","Golden Idol","Red Skull","Bottled Flame","MawBank","Bag of Preparation","Sozu","Centennial Puzzle","Bottled Lightning","War Paint","Astrolabe","Thread and Needle","Lee\u0027s Waffle","Vajra"],"potions_floor_usage":[6,16,33,50,50],"damage_taken":[{"damage":8,"enemies":"Small Slimes","floor":1,"turns":4},{"damage":14,"enemies":"Jaw Worm","floor":2,"turns":7},{"damage":6,"enemies":"2 Louse","floor":4,"turns":6},{"damage":4,"enemies":"Lagavulin","floor":6,"turns":8},{"damage":9,"enemies":"Exordium Thugs","floor":7,"turns":5},{"damage":12,"enemies":"3 Louse","floor":8,"turns":4},{"damage":10,"enemies":"Exordium Wildlife","floor":12,"turns":3},{"damage":7,"enemies":"Gremlin Gang","floor":13,"turns":5},{"damage":10,"enemies":"3 Louse","floor":14,"turns":4},{"damage":34,"enemies":"The Guardian","floor":16,"turns":13},{"damage":19,"enemies":"Chosen","floor":18,"turns":6},{"damage":25,"enemies":"2 Thieves","floor":19,"turns":4},{"damage":27,"enemies":"Shelled Parasite and Fungi","floor":21,"turns":7},{"damage":14,"enemies":"Centurion and Healer","floor":22,"turns":5},{"damage":14,"enemies":"Sentry and Sphere","floor":24,"turns":5},{"damage":8,"enemies":"3 Cultists","floor":25,"turns":5},{"damage":8,"enemies":"Centurion and Healer","floor":29,"turns":5},{"damage":32,"enemies":"Slavers","floor":30,"turns":5},{"damage":0,"enemies":"Snake Plant","floor":31,"turns":1},{"damage":46,"enemies":"Collector","floor":33,"turns":15},{"damage":28,"enemies":"3 Darklings","floor":35,"turns":6},{"damage":19,"enemies":"3 Shapes","floor":36,"turns":5},{"damage":48,"enemies":"Mysterious Sphere","floor":37,"turns":9},{"damage":17,"enemies":"Maw","floor":38,"turns":9},{"damage":25,"enemies":"3 Darklings","floor":42,"turns":6},{"damage":11,"enemies":"4 Shapes","floor":44,"turns":3},{"damage":5,"enemies":"Transient","floor":45,"turns":5},{"damage":13,"enemies":"Reptomancer","floor":46,"turns":6},{"damage":17,"enemies":"Spire Growth","floor":47,"turns":6},{"damage":95,"enemies":"Donu and Deca","floor":50,"turns":11}],"seed_played":"5617242841730132906","potions_obtained":[{"floor":4,"key":"Explosive Potion"},{"floor":8,"key":"Ancient Potion"},{"floor":12,"key":"BloodPotion"},{"floor":13,"key":"Poison Potion"},{"floor":16,"key":"Swift Potion"}],"is_trial":false,"path_per_floor":["M","M","$","M","?","E","M","M","T","?","$","M","M","M","R","B",null,"M","M","$","M","M","?","M","M","T","T","R","M","E","M","R","B",null,"M","M","?","M","?","R","$","M","T","M","M","M","M","$","R"],"character_chosen":"IRONCLAD","items_purchased":["Corruption","Bag of Preparation","Uppercut","Discovery","Apotheosis","Lee\u0027s Waffle","Shrug It Off","Metallicize"],"campfire_rested":2,"item_purchase_floors":[3,11,20,20,41,41,48,48],"current_hp_per_floor":[80,80,80,80,60,70,75,73,73,73,73,77,80,80,80,64,80,69,58,58,45,45,45,45,51,51,51,51,55,39,45,69,41,80,68,63,31,28,18,42,87,74,74,75,80,83,78,78,78,0],"gold":147,"neow_bonus":"","is_prod":false,"is_daily":true,"chose_seed":false,"campfire_upgraded":3,"win_rate":0,"timestamp":1538671682,"path_taken":["M","M","$","M","?","E","M","M","T","?","$","M","M","M","R","BOSS","M","M","$","M","M","?","M","M","T","?","R","M","E","M","R","BOSS","M","?","?","M","?","R","$","M","T","M","?","M","M","$","R","BOSS"],"build_version":"2018-09-27","purchased_purges":0,"victory":false,"max_hp_per_floor":[80,80,80,80,80,80,80,80,80,80,80,80,80,80,80,80,80,80,80,80,80,80,80,80,80,80,80,80,80,80,80,80,80,80,80,80,80,80,80,80,87,87,87,87,87,87,87,87,87,87],"card_choices":[{"not_picked":["Intimidate","Armaments"],"picked":"Metallicize","floor":1},{"not_picked":["Warcry","Havoc"],"picked":"Disarm","floor":2},{"not_picked":["Panacea","Clash"],"picked":"Shrug It Off","floor":4},{"not_picked":["Bandage Up","Corruption"],"picked":"Disarm","floor":6},{"not_picked":["Secret Weapon","Heavy Blade","Enlightenment"],"picked":"SKIP","floor":7},{"not_picked":["Thunderclap","PanicButton"],"picked":"Headbutt","floor":8},{"not_picked":["Heavy Blade","Dual Wield"],"picked":"Clash","floor":12},{"not_picked":["Good Instincts","Thunderclap"],"picked":"True Grit","floor":13},{"not_picked":["Clash","Seeing Red"],"picked":"Shrug It Off","floor":14},{"not_picked":["The Bomb","Panache"],"picked":"Barricade","floor":16},{"not_picked":["Enlightenment","Wild Strike+1"],"picked":"Cleave+1","floor":18},{"not_picked":["Havoc","Thunderclap"],"picked":"Iron Wave","floor":19},{"not_picked":["Sentinel+1","Clash"],"picked":"Clothesline+1","floor":21},{"not_picked":["Perfected Strike","Anger","Power Through"],"picked":"SKIP","floor":22},{"not_picked":["Purity","Shrug It Off"],"picked":"Body Slam","floor":24},{"not_picked":["Bandage Up","Heavy Blade"],"picked":"Madness+1","floor":25},{"not_picked":["Anger","Burning Pact+1"],"picked":"Armaments+1","floor":29},{"not_picked":["HandOfGreed","Fiend Fire"],"picked":"Shrug It Off","floor":30},{"not_picked":["Reckless Charge+1","Clothesline+1"],"picked":"Finesse","floor":31},{"not_picked":["True Grit","Iron Wave+1"],"picked":"Disarm+1","floor":35},{"not_picked":["Flex","Perfected Strike"],"picked":"Twin Strike+1","floor":36},{"not_picked":["Feel No Pain+1","Headbutt"],"picked":"Body Slam","floor":38},{"not_picked":["Burning Pact","Sword Boomerang+1","Feel No Pain"],"picked":"SKIP","floor":42},{"not_picked":["Perfected Strike","Iron Wave+1","Enlightenment"],"picked":"SKIP","floor":44},{"not_picked":["Heavy Blade","Twin Strike","Good Instincts"],"picked":"SKIP","floor":45},{"not_picked":["Sword Boomerang","Heavy Blade"],"picked":"Metamorphosis","floor":46},{"not_picked":["Clash","PanicButton"],"picked":"Pommel Strike+1","floor":47}],"player_experience":1502504,"relics_obtained":[{"floor":6,"key":"Red Skull"},{"floor":9,"key":"Bottled Flame"},{"floor":26,"key":"Centennial Puzzle"},{"floor":27,"key":"Bottled Lightning"},{"floor":30,"key":"War Paint"},{"floor":37,"key":"Thread and Needle"},{"floor":43,"key":"Vajra"}],"event_choices":[{"event_name":"Golden Idol","player_choice":"Take Damage","floor":5,"damage_taken":0},{"event_name":"Dead Adventurer","player_choice":"Searched \u00272\u0027 times","floor":10,"damage_taken":0},{"event_name":"The Woman in Blue","player_choice":"Bought 0 Potions","floor":23,"damage_taken":0},{"event_name":"Mysterious Sphere","player_choice":"Fight","floor":37,"damage_taken":0},{"event_name":"Winding Halls","player_choice":"Embrace Madness","floor":39,"damage_taken":0}],"is_beta":false,"boss_relics":[{"not_picked":["Calling Bell","Philosopher\u0027s Stone"],"picked":"Sozu"},{"not_picked":["Eternal Feather","Runic Pyramid"],"picked":"Astrolabe"}],"items_purged_floors":[],"is_endless":false,"potions_floor_spawned":[4,8,12,13,16,18,19,24,29,35,38,45],"killed_by":"Donu and Deca","ascension_level":0}