{"gold_per_floor":[115,130,45,120,135,135,145,145,145,155,120,134,23,50,50,121,121,141,153,153,169,169,169,169],"floor_reached":24,"playtime":1233,"items_purged":["Strike_B"],"score":376,"play_id":"a64e44e9-3e81-4b08-abdf-d53626ee452d","local_time":"20181221155542","is_ascension_mode":true,"campfire_choices":[{"data":"Zap","floor":6,"key":"SMITH"},{"floor":8,"key":"REST"},{"floor":15,"key":"REST"},{"floor":23,"key":"REST"}],"neow_cost":"NONE","seed_source_timestamp":130724874620869,"circlet_count":0,"master_deck":["AscendersBane","Strike_B","Defend_B","Defend_B","Defend_B","Defend_B","Zap+1","Dualcast","Darkness","Leap","Leap","Lockon","Glacier","Sweeping Beam","FTL+1","Core Surge+1","Defragment","Barrage+1","Echo Form","Cold Snap+1","Consume","White Noise+1"],"relics":["Cracked Core","Molten Egg 2","Bottled Tornado","Cursed Key"],"potions_floor_usage":[10,14,16,18],"damage_taken":[{"damage":5,"enemies":"2 Louse","floor":1,"turns":3},{"damage":9,"enemies":"Jaw Worm","floor":2,"turns":5},{"damage":9,"enemies":"Small Slimes","floor":5,"turns":3},{"damage":3,"enemies":"3 Louse","floor":7,"turns":4},{"damage":14,"enemies":"Gremlin Gang","floor":10,"turns":4},{"damage":4,"enemies":"Blue Slaver","floor":12,"turns":3},{"damage":16,"enemies":"3 Sentries","floor":14,"turns":10},{"damage":9,"enemies":"The Guardian","floor":16,"turns":11},{"damage":7,"enemies":"3 Byrds","floor":18,"turns":5},{"damage":4,"enemies":"Chosen","floor":19,"turns":3},{"damage":20,"enemies":"Snake Plant","floor":21,"turns":6},{"damage":70,"enemies":"Gremlin Leader","floor":24,"turns":4}],"seed_played":"-8200884786598897638","potions_obtained":[{"floor":1,"key":"Fire Potion"},{"floor":12,"key":"AttackPotion"},{"floor":14,"key":"Fire Potion"},{"floor":16,"key":"Block Potion"},{"floor":18,"key":"Ancient Potion"},{"floor":19,"key":"FearPotion"}],"is_trial":false,"path_per_floor":["M","M","$","?","M","R","M","R","T","M","?","M","$","E","R","B",null,"M","M","?","M","?","R","E"],"character_chosen":"DEFECT","items_purchased":["Lockon","Defragment"],"campfire_rested":3,"item_purchase_floors":[3,13],"current_hp_per_floor":[59,50,50,39,30,30,27,48,48,34,51,47,47,31,52,43,64,57,53,53,33,47,68,0],"gold":169,"neow_bonus":"TRANSFORM_CARD","is_prod":false,"is_daily":false,"chose_seed":false,"campfire_upgraded":1,"win_rate":0,"timestamp":1545425742,"path_taken":["M","M","$","?","M","R","M","R","T","M","?","M","?","E","R","BOSS","M","M","?","M","?","R","E"],"build_version":"2018-12-20","purchased_purges":1,"victory":false,"max_hp_per_floor":[71,71,71,71,71,71,71,71,71,71,71,71,71,71,71,71,71,71,71,71,71,71,71,71],"card_choices":[{"not_picked":["Gash","Steam"],"picked":"Leap","floor":1},{"not_picked":["Stack","Storm"],"picked":"Leap","floor":2},{"not_picked":["Gash","Sweeping Beam"],"picked":"Glacier","floor":5},{"not_picked":["Leap","Heatsinks"],"picked":"Sweeping Beam","floor":7},{"not_picked":["Steam Power","Beam Cell+1"],"picked":"FTL+1","floor":10},{"not_picked":["Heatsinks","Steam"],"picked":"Core Surge+1","floor":12},{"not_picked":["Turbo","Hello World"],"picked":"Barrage+1","floor":14},{"not_picked":["Buffer","Biased Cognition"],"picked":"Echo Form","floor":16},{"not_picked":["Stack","Leap"],"picked":"Cold Snap+1","floor":18},{"not_picked":["Conserve Battery","Rebound+1"],"picked":"Consume","floor":19},{"not_picked":["Doom and Gloom+1","Streamline+1"],"picked":"White Noise+1","floor":21}],"player_experience":1930987,"relics_obtained":[{"floor":9,"key":"Molten Egg 2"},{"floor":14,"key":"Bottled Tornado"}],"event_choices":[{"damage_healed":0,"gold_gain":75,"player_choice":"Gather Gold","damage_taken":11,"max_hp_gain":0,"max_hp_loss":0,"event_name":"World of Goop","floor":4,"gold_loss":0},{"damage_healed":17,"gold_gain":0,"player_choice":"Healed","damage_taken":0,"max_hp_gain":0,"max_hp_loss":0,"event_name":"The Cleric","floor":11,"gold_loss":35},{"cards_removed":["Strike_B"],"damage_healed":0,"gold_gain":0,"player_choice":"Elegance","damage_taken":0,"max_hp_gain":0,"max_hp_loss":0,"event_name":"Back to Basics","floor":20,"gold_loss":0},{"damage_healed":14,"gold_gain":0,"player_choice":"Heal","damage_taken":0,"max_hp_gain":0,"max_hp_loss":0,"event_name":"The Library","floor":22,"gold_loss":0}],"is_beta":false,"boss_relics":[{"not_picked":["White Beast Statue","Eternal Feather"],"picked":"Cursed Key"}],"items_purged_floors":[13],"is_endless":false,"potions_floor_spawned":[1,12,14,16,18,19],"killed_by":"Gremlin Leader","ascension_level":18}