{"path_per_floor":["M","$","M","M","M","R","?","M","T","R","$","R","?","M","R"],"character_chosen":"IRONCLAD","items_purchased":["Iron Wave"],"gold_per_floor":[116,41,56,71,84,84,159,172,198,198,75,75,75,87,87,87],"floor_reached":16,"campfire_rested":0,"playtime":886,"item_purchase_floors":[11],"current_hp_per_floor":[88,88,83,86,88,88,77,82,82,82,82,82,82,83,83,0],"items_purged":["Defend_R","Strike_R"],"gold":87,"score":92,"play_id":"424c7530-dc72-4f9d-a72b-d875c21279d6","local_time":"20180620220027","is_prod":false,"is_daily":false,"chose_seed":false,"is_ascension_mode":false,"campfire_upgraded":4,"win_rate":0,"timestamp":1529546427,"campfire_choices":[{"data":"Flame Barrier","floor":6,"key":"SMITH"},{"data":"Shrug It Off","floor":10,"key":"SMITH"},{"data":"Iron Wave","floor":12,"key":"SMITH"},{"data":"Metallicize","floor":15,"key":"SMITH"}],"path_taken":["M","$","M","M","M","R","?","M","T","R","$","R","?","?","R","BOSS"],"build_version":"2018-06-14v2","seed_source_timestamp":584842255349430,"purchased_purges":2,"victory":false,"master_deck":["Strike_R","Strike_R","Strike_R","Strike_R","Defend_R","Defend_R","Defend_R","Bash","Metallicize+1","Flame Barrier+1","Shrug It Off+1","Iron Wave+1","Disarm"],"max_hp_per_floor":[88,88,88,88,88,88,88,88,88,88,88,88,88,88,88,88],"relics":["Burning Blood","Pen Nib"],"card_choices":[{"not_picked":["Warcry","Corruption"],"picked":"Metallicize","floor":1},{"not_picked":["Blood for Blood","Twin Strike","Headbutt"],"picked":"SKIP","floor":3},{"not_picked":["Battle Trance","Clash"],"picked":"Flame Barrier","floor":4},{"not_picked":["Heavy Blade","Intimidate"],"picked":"Shrug It Off","floor":5},{"not_picked":["Heavy Blade","Warcry","Bloodletting"],"picked":"SKIP","floor":8},{"not_picked":["Perfected Strike","Cleave"],"picked":"Disarm","floor":14}],"player_experience":671761,"potions_floor_usage":[16,16],"damage_taken":[{"damage":6,"enemies":"Cultist","floor":1,"turns":3},{"damage":11,"enemies":"Jaw Worm","floor":3,"turns":3},{"damage":3,"enemies":"2 Louse","floor":4,"turns":4},{"damage":4,"enemies":"Large Slime","floor":5,"turns":7},{"damage":1,"enemies":"Blue Slaver","floor":8,"turns":5},{"damage":5,"enemies":"Gremlin Gang","floor":14,"turns":6},{"damage":91,"enemies":"Slime Boss","floor":16,"turns":24}],"relics_obtained":[{"floor":9,"key":"Pen Nib"}],"event_choices":[{"event_name":"World of Goop","player_choice":"Gather Gold","floor":7,"damage_taken":0},{"event_name":"Liars Game","player_choice":"disagreed","floor":13,"damage_taken":0}],"boss_relics":[],"items_purged_floors":[2,11],"is_endless":false,"potions_floor_spawned":[4,5,14],"seed_played":"8536232264507949506","killed_by":"Slime Boss","ascension_level":0,"potions_obtained":[{"floor":4,"key":"BloodPotion"},{"floor":5,"key":"SpeedPotion"},{"floor":14,"key":"Dexterity Potion"}],"is_trial":false}