{"gold_per_floor":[112,129,145,157,167,167,191,191,215,215,230,250,125,125,125,226,226,238,163,178,193,193,193,193],"floor_reached":24,"playtime":2045,"items_purged":["Strike_G"],"score":200,"play_id":"e9df43d4-45dc-4ea6-80e1-f10d5a201c0a","local_time":"20190209114847","is_ascension_mode":true,"campfire_choices":[{"data":"Calculated Gamble","floor":6,"key":"SMITH"},{"data":"Sucker Punch","floor":8,"key":"SMITH"},{"data":"Caltrops","floor":10,"key":"SMITH"},{"data":"PiercingWail","floor":15,"key":"SMITH"},{"data":"Neutralize","floor":23,"key":"SMITH"}],"neow_cost":"CURSE","seed_source_timestamp":941498064070989,"circlet_count":0,"master_deck":["Defend_G","Defend_G","Defend_G","Defend_G","Defend_G","Strike_G","Strike_G","Strike_G","Survivor","Neutralize+1","Decay","Caltrops+1","Sucker Punch+1","Flying Knee","Heel Hook","Calculated Gamble+1","Dash","PiercingWail+1","Underhanded Strike","Well Laid Plans+1"],"relics":["Ring of the Snake","Torii","Art of War","Sozu","Nunchaku"],"potions_floor_usage":[5,12,16],"damage_taken":[{"damage":0,"enemies":"Cultist","floor":1,"turns":5},{"damage":1,"enemies":"2 Louse","floor":2,"turns":3},{"damage":2,"enemies":"Jaw Worm","floor":3,"turns":4},{"damage":3,"enemies":"Exordium Wildlife","floor":4,"turns":6},{"damage":2,"enemies":"Lots of Slimes","floor":5,"turns":5},{"damage":2,"enemies":"2 Fungi Beasts","floor":11,"turns":4},{"damage":0,"enemies":"Exordium Wildlife","floor":12,"turns":3},{"damage":25,"enemies":"Hexaghost","floor":16,"turns":9},{"damage":11,"enemies":"Spheric Guardian","floor":18,"turns":4},{"damage":0,"enemies":"Chosen","floor":20,"turns":5},{"damage":31,"enemies":"3 Cultists","floor":21,"turns":7},{"damage":35,"enemies":"Sentry and Sphere","floor":24,"turns":7}],"seed_played":"9222411227125498227","potions_obtained":[{"floor":2,"key":"AttackPotion"},{"floor":4,"key":"Energy Potion"},{"floor":11,"key":"Energy Potion"}],"is_trial":false,"path_per_floor":["M","M","M","M","M","R","T","R","T","R","M","M","$","?","R","B",null,"M","?","M","M","T","R","M"],"character_chosen":"THE_SILENT","items_purchased":["PiercingWail"],"campfire_rested":0,"item_purchase_floors":[13],"current_hp_per_floor":[70,69,67,64,62,62,62,62,62,62,60,60,60,65,65,40,75,64,64,64,33,33,33,0],"gold":193,"neow_bonus":"ONE_RARE_RELIC","is_prod":false,"is_daily":false,"chose_seed":false,"campfire_upgraded":5,"win_rate":0,"timestamp":1549741727,"path_taken":["M","M","M","?","M","R","?","R","T","R","M","M","$","?","R","BOSS","M","?","M","M","?","R","?"],"build_version":"2019-01-23","purchased_purges":1,"victory":false,"max_hp_per_floor":[70,70,70,70,70,70,70,70,70,70,70,70,70,75,75,75,75,75,75,75,75,75,75,75],"card_choices":[{"not_picked":["Sucker Punch","Distraction"],"picked":"Caltrops","floor":1},{"not_picked":["Poisoned Stab","Underhanded Strike"],"picked":"Sucker Punch","floor":2},{"not_picked":["Dagger Throw","Poisoned Stab"],"picked":"Flying Knee","floor":3},{"not_picked":["Deadly Poison","Underhanded Strike"],"picked":"Heel Hook","floor":4},{"not_picked":["Backstab","Masterful Stab"],"picked":"Calculated Gamble","floor":5},{"not_picked":["Flying Knee","Dagger Throw","Choke"],"picked":"SKIP","floor":11},{"not_picked":["Poisoned Stab","Cloak And Dagger"],"picked":"Dash","floor":12},{"not_picked":["Bane","Bouncing Flask+1"],"picked":"Underhanded Strike","floor":18},{"not_picked":["Slice","Predator","Outmaneuver"],"picked":"SKIP","floor":20},{"not_picked":["Terror","Calculated Gamble"],"picked":"Well Laid Plans+1","floor":21}],"player_experience":195472,"relics_obtained":[{"floor":7,"key":"Art of War"},{"floor":22,"key":"Nunchaku"}],"event_choices":[{"damage_healed":0,"gold_gain":0,"player_choice":"Donut","damage_taken":0,"max_hp_gain":5,"max_hp_loss":0,"event_name":"Big Fish","floor":14,"gold_loss":0},{"cards_removed":["Strike_G"],"damage_healed":0,"gold_gain":0,"player_choice":"Gave Gold","damage_taken":0,"max_hp_gain":0,"max_hp_loss":0,"event_name":"Beggar","floor":19,"gold_loss":75}],"is_beta":false,"boss_relics":[{"not_picked":["Philosopher\u0027s Stone","Ectoplasm"],"picked":"Sozu"}],"items_purged_floors":[13],"is_endless":false,"potions_floor_spawned":[2,4,11,21],"killed_by":"Sentry and Sphere","ascension_level":1}