{"gold_per_floor":[117,132,148,168,168,196,196,216,293,303,303,21,21,35,35,134,134,153,153,153,163,173,205,205,120,147,166,194,194,223,234,234,234],"floor_reached":33,"playtime":3131,"items_purged":["Defend_G"],"score":427,"play_id":"3154aaed-68ec-4244-9a1b-ef0efa9d0fc1","local_time":"20180630105248","is_ascension_mode":true,"campfire_choices":[{"data":"Cloak And Dagger","floor":7,"key":"SMITH"},{"data":"Neutralize","floor":11,"key":"SMITH"},{"data":"A Thousand Cuts","floor":13,"key":"SMITH"},{"data":"Malaise","floor":15,"key":"SMITH"},{"data":"Defend_G","floor":24,"key":"PURGE"},{"data":"Underhanded Strike","floor":29,"key":"PURGE"},{"data":"Ghostly","floor":32,"key":"SMITH"}],"neow_cost":"NONE","seed_source_timestamp":305830123534487,"circlet_count":0,"master_deck":["Defend_G","Defend_G","Defend_G","Strike_G","Strike_G","Strike_G","Strike_G","Strike_G","Survivor","Neutralize+1","Sucker Punch","Heel Hook","Cloak And Dagger+1","A Thousand Cuts+1","Malaise+1","Choke","After Image+1","Malaise","Ghostly+1","Ghostly","Ghostly","Ghostly","Ghostly","Backflip","Finisher","Terror"],"relics":["Coffee Dripper","Bottled Lightning","Matryoshka","Lizard Tail","Peace Pipe","Potion Belt","Snake Skull","Regal Pillow","Frozen Egg 2","Darkstone Periapt"],"potions_floor_usage":[4,14,16,16,23,27,30,31,33],"damage_taken":[{"damage":0,"enemies":"Small Slimes","floor":1,"turns":3},{"damage":0,"enemies":"Jaw Worm","floor":2,"turns":4},{"damage":0,"enemies":"Cultist","floor":3,"turns":3},{"damage":0,"enemies":"Red Slaver","floor":4,"turns":5},{"damage":14,"enemies":"Lagavulin","floor":6,"turns":9},{"damage":11,"enemies":"Lots of Slimes","floor":8,"turns":5},{"damage":6,"enemies":"2 Fungi Beasts","floor":10,"turns":3},{"damage":1,"enemies":"3 Louse","floor":14,"turns":3},{"damage":26,"enemies":"Slime Boss","floor":16,"turns":6},{"damage":11,"enemies":"Spheric Guardian","floor":18,"turns":6},{"damage":0,"enemies":"Shell Parasite","floor":21,"turns":7},{"damage":8,"enemies":"Chosen and Byrds","floor":22,"turns":9},{"damage":6,"enemies":"Book of Stabbing","floor":23,"turns":7},{"damage":0,"enemies":"3 Cultists","floor":27,"turns":6},{"damage":24,"enemies":"Gremlin Leader","floor":28,"turns":8},{"damage":12,"enemies":"Book of Stabbing","floor":30,"turns":8},{"damage":0,"enemies":"Slaver and Parasite","floor":31,"turns":7},{"damage":44,"enemies":"Automaton","floor":33,"turns":6}],"seed_played":"-5014554487138532411","potions_obtained":[{"floor":1,"key":"Dexterity Potion"},{"floor":6,"key":"FearPotion"},{"floor":10,"key":"Explosive Potion"},{"floor":14,"key":"Weak Potion"},{"floor":18,"key":"FearPotion"},{"floor":22,"key":"LiquidBronze"},{"floor":28,"key":"Weak Potion"},{"floor":30,"key":"Poison Potion"},{"floor":31,"key":"Explosive Potion"}],"is_trial":false,"path_per_floor":["M","M","M","M","?","E","R","M","T","M","R","$","R","M","R","B",null,"M","?","?","M","M","E","R","?","T","M","E","R","E","M","R"],"character_chosen":"THE_SILENT","items_purchased":["A Thousand Cuts","Malaise"],"campfire_rested":0,"item_purchase_floors":[12,12],"current_hp_per_floor":[63,63,63,63,63,49,49,38,38,32,32,32,32,31,31,5,54,43,43,35,35,27,21,21,21,21,21,17,17,5,5,5,0],"gold":234,"neow_bonus":"BOSS_RELIC","is_prod":false,"is_daily":false,"chose_seed":false,"campfire_upgraded":5,"win_rate":0,"timestamp":1530373968,"path_taken":["M","M","M","M","?","E","R","M","T","M","R","$","R","M","R","BOSS","M","?","?","?","M","E","R","?","T","M","E","R","E","M","R","BOSS"],"build_version":"2018-06-29","purchased_purges":1,"victory":false,"max_hp_per_floor":[70,70,70,70,70,70,70,70,70,70,70,70,70,70,70,70,70,70,70,35,35,35,35,35,35,35,35,35,35,35,35,35,35],"card_choices":[{"not_picked":["Eviscerate","Dodge and Roll"],"picked":"Sucker Punch","floor":1},{"not_picked":["Setup","Poisoned Stab"],"picked":"Underhanded Strike","floor":2},{"not_picked":["Expertise","Bane","Masterful Stab"],"picked":"SKIP","floor":3},{"not_picked":["Dodge and Roll","Expertise"],"picked":"Heel Hook","floor":4},{"not_picked":["Outmaneuver","Unload"],"picked":"Cloak And Dagger","floor":6},{"not_picked":["Setup","Finisher","Poisoned Stab"],"picked":"SKIP","floor":8},{"not_picked":["Bane","Sucker Punch","Deflect"],"picked":"SKIP","floor":10},{"not_picked":["Flying Knee","Underhanded Strike"],"picked":"Choke","floor":14},{"not_picked":["Envenom","Unload"],"picked":"After Image","floor":16},{"not_picked":["Dagger Throw","Leg Sweep"],"picked":"Malaise","floor":18},{"not_picked":["Deflect","Setup","Outmaneuver"],"picked":"SKIP","floor":21},{"not_picked":["Bouncing Flask","Dash+1"],"picked":"Backflip","floor":22},{"not_picked":["Distraction+1","Leg Sweep"],"picked":"Finisher","floor":23},{"not_picked":["Poisoned Stab","Acrobatics+1","Dodge and Roll"],"picked":"SKIP","floor":27},{"not_picked":["Prepared","Eviscerate","Malaise"],"picked":"SKIP","floor":28},{"not_picked":["Acrobatics","Dagger Spray","Poisoned Stab"],"picked":"SKIP","floor":30},{"not_picked":["Sucker Punch","Glass Knife"],"picked":"Terror","floor":31}],"player_experience":204373,"relics_obtained":[{"floor":6,"key":"Bottled Lightning"},{"floor":9,"key":"Matryoshka"},{"floor":23,"key":"Peace Pipe"},{"floor":26,"key":"Snake Skull"},{"floor":26,"key":"Regal Pillow"},{"floor":28,"key":"Frozen Egg 2"},{"floor":30,"key":"Darkstone Periapt"}],"event_choices":[{"event_name":"Scrap Ooze","player_choice":"unsuccessful","floor":5,"damage_taken":0},{"event_name":"Accursed Blacksmith","player_choice":"Forge","floor":19,"damage_taken":0},{"event_name":"Ghosts","player_choice":"Became a Ghost","floor":20,"damage_taken":0},{"event_name":"Addict","player_choice":"Obtained Relic","floor":25,"damage_taken":0}],"boss_relics":[{"not_picked":["Snecko Eye","Pandora\u0027s Box"],"picked":"Lizard Tail"}],"items_purged_floors":[12],"is_endless":false,"potions_floor_spawned":[1,6,10,14,18,22,28,30,31],"killed_by":"Automaton","ascension_level":6}