{"gold_per_floor":[15,29,29,29,46,80,97,97,166,199,199,257,257,284,284,357,357,337,337,49,49,49,49,49,49,49,49,49,49,49,49,49,49,49,49,49,49,49,49,49,49,49,49,49,49,49,49,49,49,49,49],"floor_reached":51,"playtime":3862,"items_purged":["Pain"],"score":1680,"play_id":"3a934d9c-8e1c-4b3e-9820-06ca88a0d9ac","local_time":"20190116122147","is_ascension_mode":true,"campfire_choices":[{"data":"Venomology","floor":8.0,"key":"SMITH"},{"floor":11.0,"key":"REST"},{"data":"Well Laid Plans","floor":15.0,"key":"SMITH"},{"data":"Caltrops","floor":23.0,"key":"SMITH"},{"floor":27.0,"key":"REST"},{"data":"Malaise","floor":30.0,"key":"SMITH"},{"data":"Backstab","floor":32.0,"key":"SMITH"},{"floor":42.0,"key":"RECALL"},{"floor":49.0,"key":"REST"}],"neow_cost":"NO_GOLD","seed_source_timestamp":0,"circlet_count":0,"master_deck":["AscendersBane","Defend_G","Defend_G","Defend_G","Defend_G","Defend_G","Strike_G","Strike_G","Strike_G","Strike_G","Strike_G","Survivor","Neutralize+1","All Out Attack","Well Laid Plans+1","Venomology+1","Caltrops+1","Backstab+1","Storm of Steel","Cloak And Dagger","Crippling Poison+1","Malaise+1","Backflip","Adrenaline","Cloak And Dagger","Infinite Blades","Parasite","Backflip+1","Calculated Gamble","Corpse Explosion","Blade Dance+1"],"special_seed":0,"relics":["Ring of the Serpent","Du-Vu Doll","Dead Branch","Mercury Hourglass","Bronze Scales","WarpedTongs","Peace Pipe","Ectoplasm","Red Mask","ClockworkSouvenir","Meat on the Bone","Paper Crane","StoneCalendar","Bottled Lightning","Ninja Scroll","Bag of Marbles","Gambling Chip"],"potions_floor_usage":[51,51],"damage_taken":[{"damage":0.0,"enemies":"Jaw Worm","floor":1.0,"turns":4.0},{"damage":0.0,"enemies":"2 Louse","floor":2.0,"turns":2.0},{"damage":0.0,"enemies":"Cultist","floor":5.0,"turns":4.0},{"damage":17.0,"enemies":"3 Sentries","floor":6.0,"turns":7.0},{"damage":1.0,"enemies":"Large Slime","floor":7.0,"turns":5.0},{"damage":21.0,"enemies":"Lagavulin","floor":10.0,"turns":6.0},{"damage":11.0,"enemies":"Gremlin Nob","floor":14.0,"turns":3.0},{"damage":18.0,"enemies":"The Guardian","floor":16.0,"turns":9.0},{"damage":11.0,"enemies":"2 Thieves","floor":18.0,"turns":2.0},{"damage":4.0,"enemies":"Masked Bandits","floor":19.0,"turns":3.0},{"damage":0.0,"enemies":"Chosen","floor":21.0,"turns":3.0},{"damage":23.0,"enemies":"Shelled Parasite and Fungi","floor":24.0,"turns":4.0},{"damage":11.0,"enemies":"Slavers","floor":25.0,"turns":3.0},{"damage":2.0,"enemies":"Gremlin Leader","floor":28.0,"turns":4.0},{"damage":9.0,"enemies":"Slavers","floor":31.0,"turns":3.0},{"damage":4.0,"enemies":"Collector","floor":33.0,"turns":9.0},{"damage":0.0,"enemies":"3 Darklings","floor":35.0,"turns":4.0},{"damage":0.0,"enemies":"3 Shapes","floor":36.0,"turns":3.0},{"damage":21.0,"enemies":"Transient","floor":37.0,"turns":6.0},{"damage":10.0,"enemies":"3 Darklings","floor":39.0,"turns":3.0},{"damage":19.0,"enemies":"Nemesis","floor":40.0,"turns":7.0},{"damage":3.0,"enemies":"Writhing Mass","floor":41.0,"turns":4.0},{"damage":0.0,"enemies":"Jaw Worm Horde","floor":44.0,"turns":2.0},{"damage":0.0,"enemies":"Reptomancer","floor":45.0,"turns":5.0},{"damage":0.0,"enemies":"4 Shapes","floor":46.0,"turns":1.0},{"damage":0.0,"enemies":"Sphere and 2 Shapes","floor":47.0,"turns":3.0},{"damage":0.0,"enemies":"Giant Head","floor":48.0,"turns":5.0},{"damage":14.0,"enemies":"Donu and Deca","floor":50.0,"turns":6.0},{"damage":75,"enemies":"Time Eater","floor":51,"turns":12}],"seed_played":"-8095623145965208635","potions_obtained":[{"floor":2.0,"key":"Swift Potion"},{"floor":6.0,"key":"LiquidBronze"},{"floor":7.0,"key":"Fruit Juice"},{"floor":10.0,"key":"LiquidBronze"},{"floor":14.0,"key":"Regen Potion"},{"floor":24.0,"key":"PowerPotion"}],"is_trial":false,"path_per_floor":["M","M","?","?","M","E","M","R","T","E","R","?","?","E","R","B",null,"M","?","$","M","$","R","M","E","T","R","E","?","R","E","R","B",null,"M","M","M","?","M","E","M","R","T","M","E","M","M","E","R","B","B"],"character_chosen":"THE_SILENT","items_purchased":["ClockworkSouvenir"],"campfire_rested":3,"item_purchase_floors":[20],"current_hp_per_floor":[59,59,59,59,59,42,46,46,46,25,46,46,46,35,35,32,61,50,46,46,46,46,46,23,12,12,33,43,43,43,46,46,42,64,64,64,43,71,61,42,39,39,39,39,39,39,39,39,60,46,0],"gold":49,"neow_bonus":"ONE_RARE_RELIC","is_prod":false,"is_daily":false,"chose_seed":false,"campfire_upgraded":5,"win_rate":0,"timestamp":1547637707,"path_taken":["M","M","?","?","M","E","M","R","T","E","R","?","?","E","R","BOSS","M","?","$","M","$","R","M","E","T","R","E","?","R","E","R","BOSS","M","M","M","?","M","E","?","R","T","M","E","M","M","E","R","BOSS","BOSS"],"build_version":"2019-01-10","purchased_purges":1,"victory":false,"max_hp_per_floor":[66,66,66,66,66,66,71,71,71,71,71,71,71,71,71,71,71,71,71,71,71,71,71,71,71,71,71,71,71,71,71,71,71,71,71,71,71,71,71,71,71,71,71,71,71,71,71,71,71,71,71],"card_choices":[{"not_picked":["Outmaneuver","Backflip"],"picked":"All Out Attack","floor":1.0},{"not_picked":["Deflect","Dash"],"picked":"Well Laid Plans","floor":2.0},{"not_picked":["Underhanded Strike","Acrobatics"],"picked":"Predator","floor":5.0},{"not_picked":["Well Laid Plans","Finisher"],"picked":"Venomology","floor":6.0},{"not_picked":["Sucker Punch","Flechettes"],"picked":"Caltrops","floor":7.0},{"not_picked":["Riddle With Holes","Concentrate","Accuracy"],"picked":"SKIP","floor":10.0},{"not_picked":["Blur","PiercingWail"],"picked":"Backstab","floor":14.0},{"not_picked":["Doppelganger","Glass Knife"],"picked":"Storm of Steel","floor":16.0},{"not_picked":["Finisher","Poisoned Stab"],"picked":"Cloak And Dagger","floor":18.0},{"not_picked":["Predator","Masterful Stab"],"picked":"Crippling Poison+1","floor":21.0},{"not_picked":["Slice","Choke","Sucker Punch"],"picked":"SKIP","floor":24.0},{"not_picked":["Prepared","Endless Agony"],"picked":"Malaise","floor":25.0},{"not_picked":["Reflex","Choke","Flechettes"],"picked":"SKIP","floor":28.0},{"not_picked":["Outmaneuver","Poisoned Stab"],"picked":"Backflip","floor":31.0},{"not_picked":["Unload","Glass Knife"],"picked":"Adrenaline","floor":33.0},{"not_picked":["Finisher","Prepared","Masterful Stab"],"picked":"SKIP","floor":35.0},{"not_picked":["Reflex","Heel Hook","Underhanded Strike"],"picked":"SKIP","floor":36.0},{"not_picked":["Distraction","Dash+1"],"picked":"Cloak And Dagger","floor":37.0},{"not_picked":["Outmaneuver+1","Tactician","Acrobatics"],"picked":"SKIP","floor":39.0},{"not_picked":["Expertise","Dagger Throw"],"picked":"Infinite Blades","floor":40.0},{"not_picked":["Flying Knee+1","Dagger Spray+1"],"picked":"Backflip+1","floor":41.0},{"not_picked":["Acrobatics","Distraction"],"picked":"Calculated Gamble","floor":44.0},{"not_picked":["Flying Knee","Grand Finale"],"picked":"Corpse Explosion","floor":45.0},{"not_picked":["Dagger Spray","Quick Slash+1","Finisher"],"picked":"SKIP","floor":46.0},{"not_picked":["Dash","Deflect","Predator"],"picked":"SKIP","floor":47.0},{"not_picked":["Reflex","Accuracy+1"],"picked":"Blade Dance+1","floor":48.0}],"player_experience":1890725,"relics_obtained":[{"floor":6.0,"key":"Dead Branch"},{"floor":9.0,"key":"Mercury Hourglass"},{"floor":10.0,"key":"Bronze Scales"},{"floor":14.0,"key":"Peace Pipe"},{"floor":19.0,"key":"Red Mask"},{"floor":25.0,"key":"Meat on the Bone"},{"floor":26.0,"key":"Paper Crane"},{"floor":28.0,"key":"StoneCalendar"},{"floor":31.0,"key":"Bottled Lightning"},{"floor":40.0,"key":"Ninja Scroll"},{"floor":45.0,"key":"Bag of Marbles"},{"floor":48.0,"key":"Gambling Chip"}],"event_choices":[{"damage_healed":0.0,"max_hp_gain":0.0,"max_hp_loss":0.0,"gold_gain":0.0,"event_name":"Living Wall","player_choice":"Grow","floor":3.0,"gold_loss":0.0,"damage_taken":0.0,"cards_upgraded":["Neutralize"]},{"damage_healed":0.0,"max_hp_gain":0.0,"max_hp_loss":0.0,"gold_gain":0.0,"event_name":"The Cleric","player_choice":"Leave","floor":4.0,"gold_loss":0.0,"damage_taken":0.0},{"damage_healed":0.0,"max_hp_gain":0.0,"max_hp_loss":0.0,"gold_gain":58.0,"event_name":"Golden Wing","player_choice":"Gained Gold","floor":12.0,"gold_loss":0.0,"damage_taken":0.0},{"damage_healed":0.0,"max_hp_gain":0.0,"max_hp_loss":0.0,"gold_gain":0.0,"event_name":"Accursed Blacksmith","player_choice":"Rummage","floor":13.0,"gold_loss":0.0,"damage_taken":0.0,"relics_obtained":["WarpedTongs"],"cards_obtained":["Pain"]},{"damage_healed":0.0,"max_hp_gain":0.0,"max_hp_loss":0.0,"gold_gain":0.0,"event_name":"Masked Bandits","player_choice":"Fought Bandits","floor":19.0,"gold_loss":0.0,"damage_taken":0.0},{"damage_healed":0.0,"max_hp_gain":0.0,"max_hp_loss":0.0,"gold_gain":0.0,"event_name":"Ghosts","player_choice":"Ignored","floor":29.0,"gold_loss":0.0,"damage_taken":0.0},{"cards_removed":["Predator"],"damage_healed":28.0,"max_hp_gain":0.0,"max_hp_loss":0.0,"gold_gain":0.0,"event_name":"Bonfire Elementals","player_choice":"Offered Uncommon","floor":38.0,"gold_loss":0.0,"damage_taken":0.0}],"is_beta":false,"boss_relics":[{"not_picked":["Calling Bell","Empty Cage"],"picked":"Ectoplasm"},{"not_picked":["Runic Pyramid","Velvet Choker"],"picked":"Ring of the Serpent"}],"items_purged_floors":[20],"is_endless":false,"potions_floor_spawned":[2,6,7,10,14,18,24,31,37,44,45,46,47],"killed_by":"Time Eater","ascension_level":20}