{"gold_per_floor":[209,223,239,239,239,275,225,225,279,279,14,55,85,85,85,206,206,221,245,266,290,141,141],"floor_reached":23,"playtime":1302,"items_purged":["Strike_R"],"score":199,"play_id":"d94f9a64-cb92-4427-9905-8df8cecf387c","local_time":"20181102083602","is_ascension_mode":false,"campfire_choices":[{"data":"Carnage","floor":8,"key":"SMITH"},{"data":"Bash","floor":10,"key":"SMITH"},{"floor":15,"key":"REST"}],"neow_cost":"NONE","seed_source_timestamp":2004690613879688,"circlet_count":0,"master_deck":["Strike_R","Defend_R","Defend_R","Defend_R","Defend_R","Bash+1","Clothesline","Carnage+1","Limit Break","Headbutt","Shrug It Off","Heavy Blade","Power Through","Trip","Inflame","Fiend Fire","Doom and Gloom","PiercingWail","Dagger Spray","Well Laid Plans","Coolheaded","Backflip+1","Rampage","Hologram+1","Ghostly Armor"],"relics":["Burning Blood","Golden Idol","Bag of Preparation","Orichalcum","PrismaticShard","Shuriken","Odd Mushroom","Orrery"],"potions_floor_usage":[6,12,16,23,23],"damage_taken":[{"damage":6,"enemies":"Cultist","floor":1,"turns":3},{"damage":8,"enemies":"Jaw Worm","floor":2,"turns":3},{"damage":2,"enemies":"Small Slimes","floor":3,"turns":3},{"damage":16,"enemies":"Lagavulin","floor":6,"turns":5},{"damage":12,"enemies":"3 Sentries","floor":12,"turns":7},{"damage":11,"enemies":"The Mushroom Lair","floor":13,"turns":4},{"damage":26,"enemies":"The Guardian","floor":16,"turns":10},{"damage":18,"enemies":"Spheric Guardian","floor":18,"turns":5},{"damage":16,"enemies":"2 Thieves","floor":19,"turns":4},{"damage":15,"enemies":"Chosen and Byrds","floor":20,"turns":6},{"damage":36,"enemies":"3 Cultists","floor":21,"turns":7},{"damage":25,"enemies":"Shelled Parasite and Fungi","floor":23,"turns":5}],"seed_played":"-1978619599663487313","potions_obtained":[{"floor":3,"key":"Strength Potion"},{"floor":6,"key":"Regen Potion"},{"floor":13,"key":"Fire Potion"},{"floor":18,"key":"SpeedPotion"},{"floor":21,"key":"LiquidBronze"}],"is_trial":false,"path_per_floor":["M","M","M","?","?","E","?","R","T","R","$","E","?","?","R","B",null,"M","M","M","M","$","M"],"character_chosen":"IRONCLAD","items_purchased":["PrismaticShard","Shrug It Off","Heavy Blade","Ghostly Armor"],"campfire_rested":1,"item_purchase_floors":[11,11,11,22],"current_hp_per_floor":[80,78,80,60,53,43,43,43,43,43,43,52,47,47,71,51,80,68,58,49,19,19,0],"gold":141,"neow_bonus":"HUNDRED_GOLD","is_prod":false,"is_daily":false,"chose_seed":false,"campfire_upgraded":2,"win_rate":0,"timestamp":1541162162,"path_taken":["M","?","M","?","?","E","?","R","T","R","?","E","?","?","R","BOSS","M","M","?","M","$","M"],"build_version":"2018-11-01","purchased_purges":1,"victory":false,"max_hp_per_floor":[80,80,80,80,80,80,80,80,80,80,80,80,80,80,80,80,80,80,80,80,80,80,80],"card_choices":[{"not_picked":["Sword Boomerang","Bloodletting"],"picked":"Clothesline","floor":1},{"not_picked":["Evolve","Clothesline"],"picked":"Carnage","floor":2},{"not_picked":["Pummel","Headbutt"],"picked":"Limit Break","floor":3},{"not_picked":["Combust","Sentinel"],"picked":"Headbutt","floor":6},{"not_picked":["Searing Blow","Secret Technique"],"picked":"Power Through","floor":12},{"not_picked":["Uppercut","Turbo"],"picked":"Trip","floor":13},{"not_picked":["Venomology","Transmutation"],"picked":"Fiend Fire","floor":16},{"not_picked":["Body Slam","Conserve Battery"],"picked":"Doom and Gloom","floor":17},{"not_picked":["Searing Blow","Hologram"],"picked":"PiercingWail","floor":17},{"not_picked":["Storm","Impatience"],"picked":"Dagger Spray","floor":17},{"not_picked":["Double Energy","Reinforced Body"],"picked":"Well Laid Plans","floor":17},{"not_picked":["Compile Driver","Dagger Spray"],"picked":"Coolheaded","floor":17},{"not_picked":["All Out Attack","Coolheaded"],"picked":"Backflip+1","floor":18},{"not_picked":["Infinite Blades","Dropkick"],"picked":"Rampage","floor":19},{"not_picked":["Warcry+1","Endless Agony","Eviscerate"],"picked":"SKIP","floor":20},{"not_picked":["Ball Lightning","Calculated Gamble+1"],"picked":"Hologram+1","floor":21}],"player_experience":1627153,"relics_obtained":[{"floor":6,"key":"Bag of Preparation"},{"floor":9,"key":"Orichalcum"},{"floor":12,"key":"Shuriken"},{"floor":13,"key":"Odd Mushroom"}],"event_choices":[{"damage_healed":0,"gold_gain":0,"player_choice":"Take Damage","damage_taken":20,"relics_obtained":["Golden Idol"],"max_hp_gain":0,"max_hp_loss":0,"event_name":"Golden Idol","floor":4,"gold_loss":0},{"cards_removed":["Strike_R"],"damage_healed":0,"gold_gain":0,"player_choice":"Card Removal","damage_taken":7,"max_hp_gain":0,"max_hp_loss":0,"event_name":"Golden Wing","floor":5,"gold_loss":0},{"cards_removed":["Strike_R"],"damage_healed":0,"gold_gain":0,"player_choice":"Card Removal","damage_taken":0,"max_hp_gain":0,"max_hp_loss":0,"event_name":"The Cleric","floor":7,"gold_loss":50},{"damage_healed":0,"gold_gain":0,"player_choice":"Fought Mushrooms","damage_taken":0,"max_hp_gain":0,"max_hp_loss":0,"event_name":"Mushrooms","floor":13,"gold_loss":0},{"damage_healed":0,"gold_gain":0,"cards_transformed":["Strike_R"],"player_choice":"Transformed","damage_taken":0,"max_hp_gain":0,"max_hp_loss":0,"event_name":"Transmorgrifier","floor":14,"gold_loss":0,"cards_obtained":["Inflame"]}],"is_beta":false,"boss_relics":[{"not_picked":["Ectoplasm","Philosopher\u0027s Stone"],"picked":"Orrery"}],"items_purged_floors":[22],"is_endless":false,"potions_floor_spawned":[3,6,13,18,21],"killed_by":"Shelled Parasite and Fungi","ascension_level":0}