{"path_per_floor":["M","M","M","$","M","R","M","R","T","R","M","R","?","?","R","B",null,"M","?","?","M","?","R","T","R","T","R","M","M","$","?","R","B",null,"M","?","?","M","?","R","?","R","T","M","M","M","?","$","R","B"],"character_chosen":"DEFECT","items_purchased":["Vajra"],"gold_per_floor":[111,124,139,64,77,77,96,96,96,96,114,114,89,89,89,194,194,208,208,208,225,225,225,225,225,225,225,236,254,3,3,3,104,104,117,117,117,130,130,130,130,130,157,169,181,201,201,76,76,76],"floor_reached":51,"campfire_rested":5,"playtime":2566,"item_purchase_floors":[],"current_hp_per_floor":[75,75,75,75,68,68,65,65,65,65,63,63,63,56,75,75,75,68,68,68,42,42,66,66,66,66,66,56,41,41,41,65,10,63,61,61,61,53,53,77,77,77,77,66,39,38,38,38,62,9],"items_purged":["Strike_B","Storm","Injury"],"gold":76,"score":844,"play_id":"a956b3e7-1e38-4918-8165-ad66ef4c3f7c","local_time":"20180616214139","is_prod":false,"is_daily":false,"chose_seed":false,"is_ascension_mode":true,"campfire_upgraded":4,"win_rate":0,"timestamp":1529199699,"campfire_choices":[{"data":"Gash","floor":6.0,"key":"SMITH"},{"data":"Zap","floor":8.0,"key":"SMITH"},{"data":"1","floor":10.0,"key":"LIFT"},{"data":"2","floor":12.0,"key":"LIFT"},{"floor":15.0,"key":"REST"},{"floor":23.0,"key":"REST"},{"data":"3","floor":25.0,"key":"LIFT"},{"data":"Echo Form","floor":27.0,"key":"SMITH"},{"floor":32.0,"key":"REST"},{"floor":40,"key":"REST"},{"data":"Buffer","floor":42,"key":"SMITH"},{"floor":49,"key":"REST"}],"path_taken":["M","M","M","$","M","R","M","R","T","R","M","R","?","?","R","BOSS","M","?","?","M","?","R","?","R","T","R","M","M","?","?","R","BOSS","M","?","?","?","?","R","?","R","T","M","M","M","?","$","R","BOSS"],"build_version":"2018-06-14v2","seed_source_timestamp":0,"purchased_purges":3,"victory":true,"master_deck":["Defend_B+1","Defend_B","Zap+1","Dualcast+1","Cold Snap","Cold Snap+1","Leap","Gash+1","Glacier","Ball Lightning+1","Echo Form+1","Beam Cell+1","Buffer+1","Trip","Scrape+1","Gash","Go for the Eyes+1","Doom and Gloom"],"max_hp_per_floor":[75,75,75,75,75,75,75,75,75,75,75,75,75,75,75,75,75,75,75,75,80,80,80,80,80,80,80,80,80,80,80,80,80,80,80,80,80,80,80,80,80,80,80,80,80,80,80,80,80,80],"special_seed":0,"relics":["Cracked Core","NeowsBlessing","Girya","Empty Cage","Ornamental Fan","Whetstone","Vajra","Cursed Key","War Paint","Ginger"],"card_choices":[{"not_picked":["Chaos","Conserve Battery"],"picked":"Cold Snap","floor":1.0},{"not_picked":["Compile Driver","Go for the Eyes"],"picked":"Cold Snap","floor":2.0},{"not_picked":["Lockon","Steam"],"picked":"Leap","floor":3.0},{"not_picked":["FTL","Hologram"],"picked":"Gash","floor":5.0},{"not_picked":["Streamline","BootSequence"],"picked":"Glacier","floor":7.0},{"not_picked":["Seek","Leap"],"picked":"Ball Lightning","floor":11.0},{"not_picked":["Buffer","Multi-Cast"],"picked":"Echo Form","floor":16.0},{"not_picked":["Rebound","Redo","Conserve Battery"],"picked":"SKIP","floor":18.0},{"not_picked":["Redo","Cold Snap","Ball Lightning"],"picked":"SKIP","floor":21.0},{"not_picked":["Ball Lightning","Defragment"],"picked":"Beam Cell+1","floor":28.0},{"not_picked":["Rip and Tear","Barrage","Hello World+1"],"picked":"SKIP","floor":29.0},{"not_picked":["Amplify","Electrodynamics"],"picked":"Buffer","floor":33.0},{"not_picked":["Leap","Conserve Battery+1","Stack+1"],"picked":"SKIP","floor":35},{"not_picked":["Secret Weapon","Flash of Steel"],"picked":"Trip","floor":36},{"not_picked":["Chill","Compile Driver"],"picked":"Scrape+1","floor":38},{"not_picked":["Leap","Barrage"],"picked":"Gash","floor":44},{"not_picked":["Hologram","Storm"],"picked":"Go for the Eyes+1","floor":45},{"not_picked":["Ball Lightning+1","Meteor Strike"],"picked":"Doom and Gloom","floor":46}],"player_experience":605355,"potions_floor_usage":[38,46,50],"damage_taken":[{"damage":0.0,"enemies":"Jaw Worm","floor":1.0,"turns":1.0},{"damage":0.0,"enemies":"Small Slimes","floor":2.0,"turns":1.0},{"damage":0.0,"enemies":"2 Louse","floor":3.0,"turns":1.0},{"damage":7.0,"enemies":"Looter","floor":5.0,"turns":3.0},{"damage":3.0,"enemies":"Exordium Wildlife","floor":7.0,"turns":3.0},{"damage":2.0,"enemies":"3 Louse","floor":11.0,"turns":4.0},{"damage":0.0,"enemies":"Slime Boss","floor":16.0,"turns":8.0},{"damage":7.0,"enemies":"Spheric Guardian","floor":18.0,"turns":3.0},{"damage":31.0,"enemies":"2 Thieves","floor":21.0,"turns":4.0},{"damage":10.0,"enemies":"Cultist and Chosen","floor":28.0,"turns":4.0},{"damage":15.0,"enemies":"Centurion and Healer","floor":29.0,"turns":5.0},{"damage":55.0,"enemies":"Champ","floor":33.0,"turns":9.0},{"damage":2,"enemies":"3 Shapes","floor":35,"turns":5},{"damage":8,"enemies":"Orb Walker","floor":38,"turns":4},{"damage":11,"enemies":"Sphere and 2 Shapes","floor":44,"turns":5},{"damage":27,"enemies":"4 Shapes","floor":45,"turns":6},{"damage":1,"enemies":"Maw","floor":46,"turns":6},{"damage":0,"floor":47,"turns":5},{"damage":53,"enemies":"Time Eater","floor":50,"turns":11}],"relics_obtained":[{"floor":9.0,"key":"Girya"},{"floor":24.0,"key":"Ornamental Fan"},{"floor":26.0,"key":"Whetstone"},{"floor":43,"key":"War Paint"},{"floor":47,"key":"Ginger"}],"event_choices":[{"event_name":"World of Goop","player_choice":"Left","floor":13.0,"damage_taken":0.0},{"event_name":"Golden Wing","player_choice":"Card Removal","floor":14.0,"damage_taken":0.0},{"event_name":"Vampires","player_choice":"Ignored","floor":19.0,"damage_taken":0.0},{"event_name":"The Lab","player_choice":"Got Potions","floor":20.0,"damage_taken":0.0},{"event_name":"Transmorgrifier","player_choice":"Transform","floor":22.0,"damage_taken":0.0},{"event_name":"The Mausoleum","player_choice":"No","floor":31.0,"damage_taken":0.0},{"event_name":"SensoryStone","player_choice":"Memory 1","floor":36,"damage_taken":0},{"event_name":"Transmorgrifier","player_choice":"Skipped","floor":37,"damage_taken":0},{"event_name":"Falling","player_choice":"Removed Skill","floor":39,"damage_taken":0},{"event_name":"Tomb of Lord Red Mask","player_choice":"Ignored","floor":41,"damage_taken":0},{"event_name":"MindBloom","player_choice":"Fight","floor":47,"damage_taken":0}],"boss_relics":[{"not_picked":["Philosopher\u0027s Stone","Pandora\u0027s Box"],"picked":"Empty Cage"},{"not_picked":["Fusion Hammer","Snecko Eye"],"picked":"Cursed Key"}],"items_purged_floors":[],"is_endless":false,"potions_floor_spawned":[2,11,21,28,29,33,35,45],"seed_played":"6255241597335798167","ascension_level":5,"potions_obtained":[{"floor":2.0,"key":"Swift Potion"},{"floor":11.0,"key":"Explosive Potion"},{"floor":20.0,"key":"Fruit Juice"},{"floor":20.0,"key":"LiquidBronze"},{"floor":21.0,"key":"Explosive Potion"},{"floor":28.0,"key":"PowerPotion"},{"floor":29.0,"key":"Weak Potion"},{"floor":33.0,"key":"Block Potion"},{"floor":35,"key":"Ancient Potion"},{"floor":45,"key":"Explosive Potion"}],"is_trial":false}