{"gold_per_floor":[218,293,304,334,334,359,138,138,208,225,236,253,253,269,269,368,368,379,379,397,414,513,513,533,549,549,568,568,136,29,39,39,39],"floor_reached":33,"playtime":1777,"items_purged":["Strike_R","Strike_R"],"score":276,"play_id":"4afbf420-fa46-44cf-af6e-281aa03a92df","local_time":"20181101225912","is_ascension_mode":false,"campfire_choices":[{"floor":8,"key":"REST"},{"data":"Bash","floor":13,"key":"SMITH"},{"data":"Dropkick","floor":15,"key":"SMITH"},{"data":"Shrug It Off","floor":23,"key":"SMITH"},{"data":"Metallicize","floor":28,"key":"SMITH"},{"floor":32,"key":"REST"}],"neow_cost":"NONE","seed_source_timestamp":1969612637194838,"circlet_count":0,"master_deck":["Defend_R","Defend_R","Defend_R","Defend_R","Bash+1","Dropkick+1","Thunderclap","Heavy Blade","Iron Wave+1","Heavy Blade+1","Iron Wave+1","Dropkick+1","Double Tap","Shrug It Off+1","Dropkick+1","Metallicize+1","Spot Weakness","Dropkick+1","Uppercut+1","Dropkick+1"],"relics":["Burning Blood","Tiny Chest","Strawberry","Lantern","Molten Egg 2","Empty Cage","NlothsMask","ClockworkSouvenir"],"potions_floor_usage":[3,16,24,31,33],"damage_taken":[{"damage":1,"enemies":"2 Louse","floor":1,"turns":4},{"damage":12,"enemies":"Small Slimes","floor":3,"turns":4},{"damage":54,"enemies":"Lagavulin","floor":6,"turns":8},{"damage":0,"enemies":"Cultist","floor":10,"turns":2},{"damage":7,"enemies":"Blue Slaver","floor":11,"turns":3},{"damage":1,"enemies":"Red Slaver","floor":12,"turns":2},{"damage":0,"enemies":"Large Slime","floor":14,"turns":4},{"damage":47,"enemies":"Hexaghost","floor":16,"turns":11},{"damage":11,"enemies":"Shell Parasite","floor":18,"turns":5},{"damage":22,"enemies":"3 Byrds","floor":20,"turns":6},{"damage":12,"enemies":"Snecko","floor":21,"turns":4},{"damage":0,"enemies":"Centurion and Healer","floor":24,"turns":4},{"damage":14,"enemies":"Snake Plant","floor":25,"turns":4},{"damage":15,"enemies":"Snecko","floor":27,"turns":4},{"damage":26,"enemies":"Centurion and Healer","floor":31,"turns":7},{"damage":61,"enemies":"Automaton","floor":33,"turns":8}],"seed_played":"6282944029923473298","potions_obtained":[{"floor":1,"key":"Swift Potion"},{"floor":10,"key":"Ancient Potion"},{"floor":11,"key":"SpeedPotion"},{"floor":14,"key":"Poison Potion"},{"floor":21,"key":"SteroidPotion"},{"floor":25,"key":"Dexterity Potion"},{"floor":31,"key":"Ancient Potion"}],"is_trial":false,"path_per_floor":["M","?","M","?","?","E","$","R","T","M","M","M","R","M","R","B",null,"M","?","M","M","?","R","M","M","T","M","R","$","$","M","R","B"],"character_chosen":"IRONCLAD","items_purchased":["Lantern","ClockworkSouvenir","Spot Weakness","Fruit Juice","Dropkick+1","Uppercut+1"],"campfire_rested":2,"item_purchase_floors":[7,29,29,29,30,30],"current_hp_per_floor":[80,69,63,60,60,19,19,45,45,51,50,55,55,61,61,20,87,82,82,66,60,60,60,66,58,58,49,49,49,49,34,61,0],"gold":39,"neow_bonus":"HUNDRED_GOLD","is_prod":false,"is_daily":false,"chose_seed":false,"campfire_upgraded":4,"win_rate":0,"timestamp":1541127552,"path_taken":["M","?","M","?","?","E","$","R","T","M","M","?","R","M","R","BOSS","M","?","M","?","?","R","M","M","T","M","R","?","$","?","R","BOSS"],"build_version":"2018-11-01","purchased_purges":2,"victory":false,"max_hp_per_floor":[80,80,80,80,80,87,87,87,87,87,87,87,87,87,87,87,87,87,87,87,87,87,87,87,87,87,87,87,87,87,92,92,92],"card_choices":[{"not_picked":["Hemokinesis","Dual Wield"],"picked":"Dropkick","floor":1},{"not_picked":["Armaments","Shockwave"],"picked":"Thunderclap","floor":3},{"not_picked":["Seeing Red","Havoc"],"picked":"Heavy Blade","floor":6},{"not_picked":["Headbutt+1","Pommel Strike+1"],"picked":"Iron Wave+1","floor":10},{"not_picked":["Clash+1","Ghostly Armor"],"picked":"Heavy Blade+1","floor":11},{"not_picked":["Dark Embrace","Clash+1"],"picked":"Iron Wave+1","floor":12},{"not_picked":["Uppercut+1","Pommel Strike+1"],"picked":"Dropkick+1","floor":14},{"not_picked":["Berserk","Dark Embrace"],"picked":"Double Tap","floor":16},{"not_picked":["Wild Strike+1","Flex","Combust"],"picked":"SKIP","floor":18},{"not_picked":["Searing Blow+1","Second Wind+1"],"picked":"Shrug It Off","floor":20},{"not_picked":["Entrench+1","Second Wind","Havoc"],"picked":"SKIP","floor":21},{"not_picked":["Pummel+1","Limit Break"],"picked":"Dropkick+1","floor":24},{"not_picked":["Cleave+1","Sever Soul+1","Body Slam+1"],"picked":"SKIP","floor":25},{"not_picked":["Bloodletting","Armaments"],"picked":"Metallicize","floor":27},{"not_picked":["Sentinel+1","Perfected Strike+1"],"picked":"Dropkick+1","floor":31}],"player_experience":1625376,"relics_obtained":[{"floor":6,"key":"Strawberry"},{"floor":9,"key":"Molten Egg 2"}],"event_choices":[{"damage_healed":0,"gold_gain":75,"player_choice":"Gather Gold","damage_taken":11,"max_hp_gain":0,"max_hp_loss":0,"event_name":"World of Goop","floor":2,"gold_loss":0},{"damage_healed":0,"gold_gain":0,"player_choice":"Success","damage_taken":3,"relics_obtained":["Tiny Chest"],"max_hp_gain":0,"max_hp_loss":0,"event_name":"Scrap Ooze","floor":4,"gold_loss":0},{"cards_removed":["Strike_R"],"damage_healed":0,"gold_gain":0,"player_choice":"Card Removal","damage_taken":0,"max_hp_gain":0,"max_hp_loss":0,"event_name":"Wheel of Change","floor":5,"gold_loss":0},{"damage_healed":0,"gold_gain":0,"player_choice":"Trade","damage_taken":0,"relics_obtained":["NlothsMask"],"max_hp_gain":0,"max_hp_loss":0,"event_name":"FaceTrader","floor":19,"gold_loss":0},{"damage_healed":0,"gold_gain":99,"player_choice":"Stole From Cult","damage_taken":0,"max_hp_gain":0,"max_hp_loss":0,"event_name":"Nest","floor":22,"gold_loss":0}],"is_beta":false,"boss_relics":[{"not_picked":["Lizard Tail","Calling Bell"],"picked":"Empty Cage"}],"items_purged_floors":[7,29],"is_endless":false,"potions_floor_spawned":[1,10,11,14,21,25,31],"killed_by":"Automaton","ascension_level":0}