{"gold_per_floor":[114,124,124,74,74,74,94,94,120,120,152,166,166,177,177,281,281,292,217,232,157,171,171,171,171,245,257,270,270,282,315,315,415,415,434,452,502,181,91,91,106,140,140,140,15,0,15,77,77,77],"floor_reached":51,"playtime":1231,"items_purged":["Defend_R","Defend_R","Headbutt+1"],"score":800,"play_id":"72638ae2-337a-4923-b350-1f3e1633a288","local_time":"20181105160705","is_ascension_mode":false,"campfire_choices":[{"data":"Searing Blow","floor":6,"key":"SMITH"},{"data":"Searing Blow+1","floor":8,"key":"SMITH"},{"data":"Searing Blow+2","floor":10,"key":"SMITH"},{"data":"Searing Blow+3","floor":15,"key":"SMITH"},{"data":"Searing Blow+4","floor":23,"key":"SMITH"},{"data":"Searing Blow+5","floor":25,"key":"SMITH"},{"data":"Searing Blow+6","floor":29,"key":"SMITH"},{"data":"Searing Blow+7","floor":32,"key":"SMITH"},{"data":"Searing Blow+8","floor":40,"key":"SMITH"},{"data":"Armaments","floor":44,"key":"SMITH"},{"floor":49,"key":"RECALL"}],"neow_cost":"NONE","seed_source_timestamp":825470970859857,"circlet_count":0,"master_deck":["Bash+1","Searing Blow+8","Shrug It Off","Double Tap","Warcry+1","Searing Blow+9","Armaments+1"],"relics":["Burning Blood","Ancient Tea Set","Molten Egg 2","Busted Crown","Singing Bowl","Kunai","Mark of Pain","Shovel","DollysMirror","Oddly Smooth Stone","Red Mask","Tiny Chest"],"potions_floor_usage":[11,41],"damage_taken":[{"damage":6,"enemies":"Cultist","floor":1,"turns":3},{"damage":0,"enemies":"2 Louse","floor":2,"turns":2},{"damage":0,"enemies":"Small Slimes","floor":7,"turns":4},{"damage":5,"enemies":"Lagavulin","floor":11,"turns":5},{"damage":2,"enemies":"Looter","floor":12,"turns":3},{"damage":4,"enemies":"Blue Slaver","floor":14,"turns":3},{"damage":28,"enemies":"Slime Boss","floor":16,"turns":7},{"damage":10,"enemies":"Chosen","floor":18,"turns":3},{"damage":0,"enemies":"Spheric Guardian","floor":20,"turns":2},{"damage":5,"enemies":"3 Cultists","floor":22,"turns":4},{"damage":0,"enemies":"Snake Plant","floor":27,"turns":1},{"damage":2,"enemies":"Shelled Parasite and Fungi","floor":28,"turns":2},{"damage":0,"enemies":"3 Cultists","floor":30,"turns":2},{"damage":6,"enemies":"Slavers","floor":31,"turns":3},{"damage":3,"enemies":"Champ","floor":33,"turns":4},{"damage":9,"enemies":"3 Darklings","floor":35,"turns":5},{"damage":0,"enemies":"Orb Walker","floor":36,"turns":1},{"damage":2,"enemies":"2 Orb Walkers","floor":37,"turns":3},{"damage":4,"enemies":"4 Shapes","floor":41,"turns":3},{"damage":8,"enemies":"Giant Head","floor":42,"turns":4},{"damage":0,"enemies":"Spire Growth","floor":47,"turns":1},{"damage":0,"enemies":"Nemesis","floor":48,"turns":1},{"damage":16,"enemies":"Time Eater","floor":50,"turns":4}],"seed_played":"3060271742390435149","potions_obtained":[{"floor":1,"key":"Weak Potion"},{"floor":11,"key":"SpeedPotion"},{"floor":14,"key":"FearPotion"},{"floor":16,"key":"LiquidBronze"},{"floor":36,"key":"EssenceOfSteel"},{"floor":41,"key":"Fruit Juice"},{"floor":47,"key":"FearPotion"}],"is_trial":false,"path_per_floor":["M","M","?","?","?","R","M","R","T","R","E","M","?","M","R","B",null,"M","?","M","$","M","R","?","R","T","M","M","R","M","E","R","B",null,"M","M","?","$","?","R","M","E","T","R","$","?","M","E","R","B",null],"character_chosen":"IRONCLAD","items_purchased":["DollysMirror","Armaments"],"campfire_rested":0,"item_purchase_floors":[38,38],"current_hp_per_floor":[80,80,73,73,57,57,63,63,63,63,64,68,68,70,70,48,80,76,76,80,80,80,80,80,80,80,82,84,84,86,88,88,88,88,85,90,92,92,92,92,99,99,99,99,99,99,103,105,105,95],"gold":77,"neow_bonus":"REMOVE_CARD","is_prod":false,"is_daily":false,"chose_seed":false,"campfire_upgraded":10,"win_rate":0,"timestamp":1541455625,"path_taken":["M","M","?","?","?","R","M","R","T","R","E","M","?","?","R","BOSS","M","?","M","$","M","R","?","R","T","M","M","R","M","E","R","BOSS","M","M","?","$","?","R","?","E","T","R","$","?","M","E","R","BOSS"],"build_version":"2018-11-02","purchased_purges":3,"victory":true,"max_hp_per_floor":[80,80,80,80,80,80,80,80,80,80,80,80,80,80,80,80,80,80,80,80,80,80,80,80,80,80,82,84,84,86,88,88,88,88,88,90,92,92,92,92,99,101,101,101,101,101,103,105,105,105],"card_choices":[{"not_picked":["Body Slam","Shockwave"],"picked":"Searing Blow","floor":1},{"not_picked":["Anger","Flex","Evolve"],"picked":"SKIP","floor":2},{"not_picked":["Clash","Clothesline"],"picked":"Shrug It Off","floor":7},{"not_picked":["Burning Pact","Inflame","Havoc"],"picked":"SKIP","floor":11},{"not_picked":["Wild Strike+1","Ghostly Armor"],"picked":"Headbutt+1","floor":12},{"not_picked":["Bludgeon+1","Iron Wave+1","Wild Strike+1"],"picked":"SKIP","floor":14},{"not_picked":["Body Slam+1"],"picked":"SKIP","floor":18},{"not_picked":["True Grit+1"],"picked":"SKIP","floor":20},{"not_picked":["Twin Strike+1"],"picked":"SKIP","floor":22},{"not_picked":["Carnage+1"],"picked":"Singing Bowl","floor":27},{"not_picked":["Power Through"],"picked":"Singing Bowl","floor":28},{"not_picked":["Shockwave+1"],"picked":"Singing Bowl","floor":30},{"not_picked":["Searing Blow+1"],"picked":"Singing Bowl","floor":31},{"not_picked":[],"picked":"Double Tap","floor":33},{"not_picked":[],"picked":"Warcry","floor":35},{"not_picked":["Sword Boomerang+1"],"picked":"Singing Bowl","floor":36},{"not_picked":["Headbutt+1"],"picked":"Singing Bowl","floor":37},{"not_picked":["Sword Boomerang+1"],"picked":"Singing Bowl","floor":41},{"not_picked":["Clothesline+1"],"picked":"Singing Bowl","floor":42},{"not_picked":["Shockwave"],"picked":"Singing Bowl","floor":47},{"not_picked":["Flex"],"picked":"Singing Bowl","floor":48}],"player_experience":745231,"relics_obtained":[{"floor":9,"key":"Ancient Tea Set"},{"floor":11,"key":"Molten Egg 2"},{"floor":26,"key":"Singing Bowl"},{"floor":31,"key":"Kunai"},{"floor":37,"key":"Shovel"},{"floor":42,"key":"Oddly Smooth Stone"},{"floor":48,"key":"Tiny Chest"}],"event_choices":[{"cards_removed":["Strike_R"],"damage_healed":0,"gold_gain":0,"player_choice":"Card Removal","damage_taken":7,"max_hp_gain":0,"max_hp_loss":0,"event_name":"Golden Wing","floor":3,"gold_loss":0},{"cards_removed":["Strike_R"],"damage_healed":0,"gold_gain":0,"player_choice":"Card Removal","damage_taken":0,"max_hp_gain":0,"max_hp_loss":0,"event_name":"The Cleric","floor":4,"gold_loss":50},{"damage_healed":0,"gold_gain":0,"player_choice":"Entered Light","damage_taken":16,"max_hp_gain":0,"max_hp_loss":0,"event_name":"Shining Light","floor":5,"gold_loss":0,"cards_upgraded":["Defend_R","Bash"]},{"cards_removed":["Strike_R"],"damage_healed":0,"gold_gain":0,"player_choice":"Forget","damage_taken":0,"max_hp_gain":0,"max_hp_loss":0,"event_name":"Living Wall","floor":13,"gold_loss":0},{"cards_removed":["Strike_R"],"damage_healed":0,"gold_gain":0,"player_choice":"Gave Gold","damage_taken":0,"max_hp_gain":0,"max_hp_loss":0,"event_name":"Beggar","floor":19,"gold_loss":75},{"cards_removed":["Strike_R"],"damage_healed":0,"gold_gain":0,"player_choice":"Elegance","damage_taken":0,"max_hp_gain":0,"max_hp_loss":0,"event_name":"Back to Basics","floor":24,"gold_loss":0},{"damage_healed":0,"gold_gain":0,"player_choice":"Fight","damage_taken":0,"max_hp_gain":0,"max_hp_loss":0,"event_name":"Mysterious Sphere","floor":37,"gold_loss":0},{"cards_removed":["Defend_R"],"damage_healed":0,"gold_gain":0,"player_choice":"Upgrade and Remove","damage_taken":0,"max_hp_gain":0,"max_hp_loss":0,"event_name":"Designer","floor":39,"gold_loss":90,"cards_upgraded":["Warcry"]},{"damage_healed":0,"gold_gain":0,"player_choice":"Paid","damage_taken":0,"relics_obtained":["Red Mask"],"max_hp_gain":0,"max_hp_loss":0,"event_name":"Tomb of Lord Red Mask","floor":46,"gold_loss":15}],"is_beta":true,"boss_relics":[{"not_picked":["Orrery","Black Blood"],"picked":"Busted Crown"},{"not_picked":["Fusion Hammer","Astrolabe"],"picked":"Mark of Pain"}],"items_purged_floors":[21,38,45],"is_endless":false,"potions_floor_spawned":[1,11,14,16,22,27,28,31,36,41,47,48],"ascension_level":0}