{"gold_per_floor":[115,133,133,146,161,161,173,207,207,207,225,225,237,257,257,361,361,373,392,392,392],"floor_reached":21,"playtime":1258,"items_purged":[],"score":293,"play_id":"fb06c162-557e-431c-a4b3-142a7248849d","local_time":"20180805170326","is_ascension_mode":true,"campfire_choices":[{"data":"Zap","floor":6,"key":"SMITH"},{"floor":10,"key":"REST"},{"data":"Redo","floor":12,"key":"SMITH"},{"floor":15,"key":"REST"}],"neow_cost":"NONE","seed_source_timestamp":947920521779622,"circlet_count":0,"master_deck":["Strike_B","Strike_B","Strike_B","Strike_B","Defend_B","Defend_B","Defend_B","Defend_B","Zap+1","Dualcast","AscendersBane","Defragment","Cold Snap","Hologram","Redo+1","Loop","Loop","FTL","Machine Learning","Compile Driver","FTL"],"relics":["Velvet Choker","StoneCalendar","Peace Pipe","Odd Mushroom","Sozu"],"potions_floor_usage":[16,16],"damage_taken":[{"damage":0,"enemies":"2 Louse","floor":1,"turns":3},{"damage":3,"enemies":"Jaw Worm","floor":2,"turns":4},{"damage":0,"enemies":"Cultist","floor":4,"turns":4},{"damage":11,"enemies":"3 Louse","floor":5,"turns":4},{"damage":9,"enemies":"Looter","floor":7,"turns":3},{"damage":19,"enemies":"3 Sentries","floor":8,"turns":10},{"damage":14,"enemies":"2 Fungi Beasts","floor":11,"turns":4},{"damage":10,"enemies":"Red Slaver","floor":13,"turns":3},{"damage":17,"floor":14,"turns":5},{"damage":6,"enemies":"The Guardian","floor":16,"turns":10},{"damage":15,"enemies":"Spheric Guardian","floor":18,"turns":5},{"damage":18,"enemies":"3 Byrds","floor":19,"turns":7},{"damage":39,"enemies":"3 Cultists","floor":21,"turns":4}],"seed_played":"-3574472220166443263","potions_obtained":[{"floor":1,"key":"Strength Potion"},{"floor":2,"key":"SteroidPotion"},{"floor":8,"key":"LiquidBronze"}],"is_trial":false,"path_per_floor":["M","M","?","M","M","R","M","E","T","R","M","R","M","?","R","B",null,"M","M","?"],"character_chosen":"DEFECT","items_purchased":[],"campfire_rested":2,"item_purchase_floors":[],"current_hp_per_floor":[68,65,70,70,59,59,50,31,31,55,41,41,31,14,38,32,68,53,35,35,0],"gold":392,"neow_bonus":"BOSS_RELIC","is_prod":false,"is_daily":false,"chose_seed":false,"campfire_upgraded":2,"win_rate":0,"timestamp":1533503006,"path_taken":["M","M","?","M","?","R","M","E","T","R","M","R","M","?","R","BOSS","M","M","?","M"],"build_version":"2018-08-02","purchased_purges":0,"victory":false,"max_hp_per_floor":[75,75,80,80,80,80,80,80,80,80,80,80,80,80,80,80,80,80,80,80,80],"card_choices":[{"not_picked":["Gash","Doom and Gloom"],"picked":"Defragment","floor":1},{"not_picked":["Melter","Ball Lightning"],"picked":"Cold Snap","floor":2},{"not_picked":["Turbo","Gash","Sweeping Beam"],"picked":"SKIP","floor":4},{"not_picked":["Force Field","Skim","Rebound"],"picked":"SKIP","floor":5},{"not_picked":["Ball Lightning","Conserve Battery"],"picked":"Hologram","floor":7},{"not_picked":["Multi-Cast","Chaos"],"picked":"Redo","floor":8},{"not_picked":["Heatsinks","Ball Lightning"],"picked":"Loop","floor":11},{"not_picked":["Gash","Skim"],"picked":"Loop","floor":13},{"not_picked":["Barrage","Streamline"],"picked":"FTL","floor":14},{"not_picked":["Amplify","Reboot"],"picked":"Machine Learning","floor":16},{"not_picked":["Stack","Turbo"],"picked":"Compile Driver","floor":18},{"not_picked":["Ball Lightning","Tempest"],"picked":"FTL","floor":19}],"player_experience":1436087,"relics_obtained":[{"floor":8,"key":"StoneCalendar"},{"floor":9,"key":"Peace Pipe"},{"floor":14,"key":"Odd Mushroom"}],"event_choices":[{"event_name":"Big Fish","player_choice":"Donut","floor":3,"damage_taken":0},{"event_name":"Mushrooms","player_choice":"Fought Mushrooms","floor":14,"damage_taken":0},{"event_name":"Vampires","player_choice":"Ignored","floor":20,"damage_taken":0}],"is_beta":false,"boss_relics":[{"not_picked":["Runic Pyramid","Snecko Eye"],"picked":"Sozu"}],"items_purged_floors":[],"is_endless":false,"potions_floor_spawned":[1,2,8,13],"killed_by":"3 Cultists","ascension_level":12}