{"gold_per_floor":[114,114,135,60,60,60,7,45,91,91,91,126,144,165,165,263,263,288,312,312,128,53,53,73,116,116,130,130,150,150,171,171,171],"floor_reached":33,"playtime":1526,"items_purged":["Strike_B"],"score":570,"play_id":"739ce8f2-92d1-46c4-b432-ebd80cb1a464","local_time":"20181224091824","is_ascension_mode":true,"campfire_choices":[{"data":"Doom and Gloom","floor":6,"key":"SMITH"},{"data":"Go for the Eyes","floor":11,"key":"SMITH"},{"floor":15,"key":"REST"},{"floor":23,"key":"REST"},{"floor":28,"key":"REST"},{"floor":32,"key":"REST"}],"neow_cost":"NONE","seed_source_timestamp":365760304404960,"circlet_count":0,"master_deck":["AscendersBane","Strike_B","Defend_B","Defend_B+1","Defend_B","Defend_B","Zap","Dualcast+1","Doom and Gloom+1","Leap","Go for the Eyes+1","Gash","Coolheaded","Sweeping Beam","Leap","Reboot","BootSequence","Gash","Static Discharge","Reinforced Body","Buffer","Genetic Algorithm","Steam","Redo"],"relics":["FrozenCore","NeowsBlessing","Golden Idol","Bird Faced Urn","War Paint","Mercury Hourglass","Meat on the Bone","Dead Branch","Sundial"],"potions_floor_usage":[12,12,29,33],"damage_taken":[{"damage":0,"enemies":"Small Slimes","floor":1,"turns":1},{"damage":0,"enemies":"Jaw Worm","floor":3,"turns":1},{"damage":0,"enemies":"3 Sentries","floor":8,"turns":1},{"damage":29,"enemies":"Gremlin Nob","floor":12,"turns":4},{"damage":0,"enemies":"2 Louse","floor":13,"turns":1},{"damage":12,"enemies":"Red Slaver","floor":14,"turns":3},{"damage":19,"enemies":"Hexaghost","floor":16,"turns":10},{"damage":16,"enemies":"Spheric Guardian","floor":18,"turns":10},{"damage":6,"enemies":"3 Byrds","floor":19,"turns":5},{"damage":6,"enemies":"Snake Plant","floor":24,"turns":5},{"damage":49,"enemies":"Slavers","floor":25,"turns":6},{"damage":0,"enemies":"Centurion and Healer","floor":27,"turns":11},{"damage":28,"enemies":"Sentry and Sphere","floor":29,"turns":7},{"damage":12,"enemies":"Snake Plant","floor":31,"turns":7},{"damage":83,"enemies":"Automaton","floor":33,"turns":12}],"seed_played":"8164700004416975626","potions_obtained":[{"floor":1,"key":"PowerPotion"},{"floor":8,"key":"Ancient Potion"},{"floor":25,"key":"Explosive Potion"},{"floor":27,"key":"Energy Potion"},{"floor":29,"key":"Block Potion"},{"floor":31,"key":"Ancient Potion"}],"is_trial":false,"path_per_floor":["M","?","M","?","?","R","$","E","T","T","R","E","M","M","R","B",null,"M","M","T","$","?","R","M","E","T","M","R","M","?","M","R","B"],"character_chosen":"DEFECT","items_purchased":["Go for the Eyes","Gash","Static Discharge"],"campfire_rested":4,"item_purchase_floors":[7,21,21],"current_hp_per_floor":[64,64,64,64,64,64,64,64,64,64,64,35,35,35,54,35,57,41,35,35,35,35,54,50,17,17,33,52,40,40,44,63,0],"gold":171,"neow_bonus":"THREE_ENEMY_KILL","is_prod":false,"is_daily":false,"chose_seed":false,"campfire_upgraded":2,"win_rate":0,"timestamp":1545661104,"path_taken":["M","?","M","?","?","R","?","E","T","?","R","E","M","M","R","BOSS","M","M","?","$","?","R","M","E","T","M","R","M","?","M","R","BOSS"],"build_version":"2018-12-20","purchased_purges":1,"victory":false,"max_hp_per_floor":[71,64,64,64,64,64,64,64,64,64,64,64,64,64,64,64,64,64,64,64,64,64,64,64,64,64,64,64,64,64,64,64,64],"card_choices":[{"not_picked":["Aggregate","Rebound"],"picked":"Doom and Gloom","floor":1},{"not_picked":["Redo","Rebound"],"picked":"Leap","floor":3},{"not_picked":["Hyperbeam","Rebound"],"picked":"Gash","floor":8},{"not_picked":["Darkness","Meteor Strike"],"picked":"Coolheaded","floor":12},{"not_picked":["Go for the Eyes","Undo"],"picked":"Sweeping Beam","floor":13},{"not_picked":["Ball Lightning","Steam"],"picked":"Leap","floor":14},{"not_picked":["Biased Cognition","Fission"],"picked":"Reboot","floor":16},{"not_picked":["Sweeping Beam","Barrage","Fusion"],"picked":"SKIP","floor":18},{"not_picked":["Self Repair","Storm"],"picked":"BootSequence","floor":19},{"not_picked":["Turbo+1","Lockon+1"],"picked":"Reinforced Body","floor":24},{"not_picked":["Beam Cell","Skim"],"picked":"Buffer","floor":25},{"not_picked":["Go for the Eyes","Rip and Tear"],"picked":"Genetic Algorithm","floor":27},{"not_picked":["Sweeping Beam+1","Go for the Eyes"],"picked":"Steam","floor":29},{"not_picked":["Lockon","Scrape"],"picked":"Redo","floor":31}],"player_experience":1952532,"relics_obtained":[{"floor":8,"key":"Bird Faced Urn"},{"floor":9,"key":"War Paint"},{"floor":10,"key":"Mercury Hourglass"},{"floor":12,"key":"Meat on the Bone"},{"floor":20,"key":"Dead Branch"},{"floor":25,"key":"Sundial"}],"event_choices":[{"damage_healed":0,"gold_gain":0,"player_choice":"Lose Max HP","damage_taken":0,"relics_obtained":["Golden Idol"],"max_hp_gain":0,"max_hp_loss":7,"event_name":"Golden Idol","floor":2,"gold_loss":0},{"cards_removed":["Strike_B"],"damage_healed":0,"gold_gain":0,"player_choice":"Card Removal","damage_taken":0,"max_hp_gain":0,"max_hp_loss":0,"event_name":"The Cleric","floor":4,"gold_loss":75},{"damage_healed":0,"gold_gain":0,"player_choice":"Ignored","damage_taken":0,"max_hp_gain":0,"max_hp_loss":0,"event_name":"Liars Game","floor":5,"gold_loss":0},{"cards_removed":["Strike_B"],"damage_healed":0,"gold_gain":0,"player_choice":"Gave Gold","damage_taken":0,"max_hp_gain":0,"max_hp_loss":0,"event_name":"Beggar","floor":22,"gold_loss":75},{"damage_healed":0,"gold_gain":0,"player_choice":"Ignored","damage_taken":0,"max_hp_gain":0,"max_hp_loss":0,"event_name":"Vampires","floor":30,"gold_loss":0}],"is_beta":false,"boss_relics":[{"not_picked":["Coffee Dripper","Runic Pyramid"],"picked":"FrozenCore"}],"items_purged_floors":[21],"is_endless":false,"potions_floor_spawned":[1,8,25,27,29,31],"killed_by":"Automaton","ascension_level":18}