{"gold_per_floor":[114,66,81,96,111,111,141,141,216,546,546,561,141,156,156,256,256,271,123,138,157,157,187,187,202,202,217,232,247,262,277,277,377,377,392,407,111,126,171,186,216,228,315,342,369,13,28,128,128,128],"floor_reached":51,"playtime":1812,"items_purged":[],"score":944,"play_id":"6a11703c-b7d8-4870-915a-ecc13a326f1d","local_time":"20181129121603","daily_mods":["Heirloom","Vintage","Lethality"],"is_ascension_mode":false,"campfire_choices":[{"data":"Heavy Blade","floor":6,"key":"SMITH"},{"data":"Bash","floor":8,"key":"SMITH"},{"data":"Discovery","floor":15,"key":"SMITH"},{"data":"Corruption","floor":24,"key":"SMITH"},{"data":"Twin Strike","floor":32,"key":"SMITH"},{"data":"Feed","floor":42,"key":"SMITH"},{"data":"Evolve","floor":49,"key":"SMITH"}],"neow_cost":"","seed_source_timestamp":0,"circlet_count":0,"master_deck":["Strike_R","Strike_R+1","Strike_R","Strike_R+1","Strike_R","Defend_R","Defend_R","Defend_R","Defend_R","Bash+1","Heavy Blade+1","Perfected Strike+1","Battle Trance","Twin Strike+1","Anger","Evolve+1","Discovery+1","Feed+1","Corruption+1","Discovery+1","Perfected Strike+1","Sentinel+1","Writhe","Exhume+1","Heavy Blade+1","Whirlwind+1","Clumsy","Seeing Red+1","Flame Barrier+1"],"special_seed":17864,"relics":["Burning Blood","Champion Belt","Juzu Bracelet","Art of War","Smiling Mask","PreservedInsect","Sundial","Letter Opener","Old Coin","Regal Pillow","Bronze Scales","Question Card","Cursed Key","Toxic Egg 2","Whetstone","Red Mask","Ancient Tea Set","Blood Vial","Self Forming Clay","Bag of Marbles","Centennial Puzzle","Pantograph","Happy Flower","Strawberry","Sozu","Bottled Tornado","Frozen Egg 2","Molten Egg 2","Ice Cream","Tiny Chest","Ornamental Fan","MawBank","Dodecahedron","Mercury Hourglass","Ginger","Dead Branch","Mummified Hand","Magic Flower"],"potions_floor_usage":[5,7,16,20,33,33,33,50],"damage_taken":[{"damage":0,"enemies":"Small Slimes","floor":1,"turns":2},{"damage":10,"enemies":"Jaw Worm","floor":3,"turns":2},{"damage":0,"enemies":"Cultist","floor":4,"turns":2},{"damage":21,"enemies":"Gremlin Gang","floor":5,"turns":3},{"damage":0,"enemies":"Lagavulin","floor":7,"turns":4},{"damage":0,"enemies":"Gremlin Nob","floor":10,"turns":2},{"damage":18,"enemies":"Large Slime","floor":12,"turns":5},{"damage":14,"enemies":"Lots of Slimes","floor":14,"turns":2},{"damage":19,"enemies":"Slime Boss","floor":16,"turns":4},{"damage":0,"enemies":"Spheric Guardian","floor":18,"turns":1},{"damage":13,"enemies":"2 Thieves","floor":20,"turns":2},{"damage":9,"enemies":"Masked Bandits","floor":21,"turns":3},{"damage":20,"enemies":"Book of Stabbing","floor":23,"turns":3},{"damage":2,"enemies":"Sentry and Sphere","floor":25,"turns":3},{"damage":21,"enemies":"Snake Plant","floor":27,"turns":2},{"damage":7,"enemies":"Chosen and Byrds","floor":28,"turns":4},{"damage":19,"enemies":"Centurion and Healer","floor":29,"turns":3},{"damage":6,"enemies":"3 Cultists","floor":30,"turns":3},{"damage":13,"enemies":"Sentry and Sphere","floor":31,"turns":3},{"damage":0,"enemies":"Champ","floor":33,"turns":4},{"damage":2,"enemies":"3 Shapes","floor":35,"turns":5},{"damage":4,"enemies":"Orb Walker","floor":36,"turns":2},{"damage":21,"enemies":"Maw","floor":38,"turns":5},{"damage":22,"enemies":"Writhing Mass","floor":39,"turns":2},{"damage":7,"enemies":"Sphere and 2 Shapes","floor":40,"turns":4},{"damage":13,"enemies":"Nemesis","floor":41,"turns":4},{"damage":27,"enemies":"3 Darklings","floor":44,"turns":2},{"damage":9,"enemies":"4 Shapes","floor":45,"turns":6},{"damage":0,"enemies":"Jaw Worm Horde","floor":47,"turns":2},{"damage":0,"enemies":"Mind Bloom Boss Battle","floor":48,"turns":3},{"damage":8,"enemies":"Donu and Deca","floor":50,"turns":4}],"seed_played":"-1070048214907055713","potions_obtained":[{"floor":3,"key":"Energy Potion"},{"floor":5,"key":"Energy Potion"},{"floor":12,"key":"Regen Potion"},{"floor":16,"key":"Swift Potion"},{"floor":20,"key":"Swift Potion"},{"floor":23,"key":"LiquidBronze"},{"floor":27,"key":"Strength Potion"},{"floor":30,"key":"Strength Potion"},{"floor":33,"key":"SteroidPotion"}],"is_trial":false,"path_per_floor":["M","$","M","M","M","R","E","R","T","E","?","M","$","M","R","B",null,"M","$","M","?","$","E","R","M","T","M","M","M","M","M","R","B",null,"M","M","$","M","M","M","E","R","T","M","M","$","M","?","R","B",null],"character_chosen":"IRONCLAD","items_purchased":["Heavy Blade","Twin Strike","Anger","Bronze Scales","Evolve","Explosive Potion","Discovery","Corruption","Discovery+1","Molten Egg 2","Heavy Blade+1","Dead Branch","Seeing Red+1"],"campfire_rested":0,"item_purchase_floors":[2,13,13,13,13,13,13,19,19,37,37,46,46],"current_hp_per_floor":[80,80,76,80,65,65,71,71,71,77,77,65,65,57,57,44,80,80,80,76,76,76,62,62,69,69,56,57,49,54,59,59,92,105,108,111,111,96,82,83,81,81,81,66,65,65,73,106,106,118],"gold":128,"neow_bonus":"","is_prod":false,"is_daily":true,"chose_seed":false,"campfire_upgraded":7,"win_rate":0,"timestamp":1543490163,"path_taken":["M","$","M","M","M","R","E","R","T","E","?","M","$","M","R","BOSS","M","$","M","?","$","E","R","M","T","M","M","M","M","M","R","BOSS","M","M","$","M","M","M","E","R","T","M","M","$","M","?","R","BOSS"],"build_version":"2018-11-15","purchased_purges":0,"victory":true,"max_hp_per_floor":[80,80,80,80,80,80,80,80,80,80,80,80,80,80,80,80,80,80,80,83,86,86,86,86,89,89,89,89,92,95,105,105,105,105,108,111,111,111,111,111,114,114,114,118,118,118,118,118,118,118],"card_choices":[{"not_picked":["Power Through","Blood for Blood"],"picked":"Perfected Strike","floor":7},{"not_picked":["Sever Soul","Havoc"],"picked":"Battle Trance","floor":10},{"not_picked":["Bludgeon","Fiend Fire","Reaper"],"picked":"Feed","floor":16},{"not_picked":["Second Wind+1","Burning Pact+1","Sword Boomerang"],"picked":"Perfected Strike+1","floor":21},{"not_picked":["Flame Barrier+1","Sword Boomerang","Pommel Strike"],"picked":"Sentinel+1","floor":23},{"not_picked":["Bludgeon","Berserk","Reaper"],"picked":"Exhume+1","floor":33},{"not_picked":["Burning Pact+1","Spot Weakness+1","Thunderclap+1"],"picked":"Whirlwind+1","floor":41},{"not_picked":["Wild Strike+1","Perfected Strike+1","Bloodletting+1"],"picked":"Flame Barrier+1","floor":48}],"player_experience":1753775,"relics_obtained":[{"floor":1,"key":"Juzu Bracelet"},{"floor":3,"key":"Art of War"},{"floor":4,"key":"Smiling Mask"},{"floor":5,"key":"PreservedInsect"},{"floor":7,"key":"Sundial"},{"floor":9,"key":"Letter Opener"},{"floor":10,"key":"Old Coin"},{"floor":12,"key":"Regal Pillow"},{"floor":14,"key":"Question Card"},{"floor":18,"key":"Toxic Egg 2"},{"floor":20,"key":"Whetstone"},{"floor":21,"key":"Red Mask"},{"floor":23,"key":"Ancient Tea Set"},{"floor":25,"key":"Blood Vial"},{"floor":26,"key":"Self Forming Clay"},{"floor":27,"key":"Bag of Marbles"},{"floor":28,"key":"Centennial Puzzle"},{"floor":29,"key":"Pantograph"},{"floor":30,"key":"Happy Flower"},{"floor":31,"key":"Strawberry"},{"floor":35,"key":"Bottled Tornado"},{"floor":36,"key":"Frozen Egg 2"},{"floor":38,"key":"Ice Cream"},{"floor":39,"key":"Tiny Chest"},{"floor":40,"key":"Ornamental Fan"},{"floor":41,"key":"MawBank"},{"floor":43,"key":"Dodecahedron"},{"floor":44,"key":"Mercury Hourglass"},{"floor":45,"key":"Ginger"},{"floor":47,"key":"Mummified Hand"},{"floor":48,"key":"Magic Flower"}],"event_choices":[{"damage_healed":0,"gold_gain":0,"player_choice":"Grow","damage_taken":0,"max_hp_gain":0,"max_hp_loss":0,"event_name":"Living Wall","floor":11,"gold_loss":0,"cards_upgraded":["Perfected Strike"]},{"damage_healed":0,"gold_gain":0,"player_choice":"Fought Bandits","damage_taken":0,"max_hp_gain":0,"max_hp_loss":0,"event_name":"Masked Bandits","floor":21,"gold_loss":0},{"damage_healed":0,"gold_gain":0,"player_choice":"Fight","damage_taken":0,"max_hp_gain":0,"max_hp_loss":0,"event_name":"MindBloom","floor":48,"gold_loss":0}],"is_beta":false,"boss_relics":[{"not_picked":["Runic Pyramid","Eternal Feather"],"picked":"Cursed Key"},{"not_picked":["Lizard Tail","Pandora\u0027s Box"],"picked":"Sozu"}],"items_purged_floors":[],"is_endless":false,"potions_floor_spawned":[3,5,12,16,20,23,27,30,33,35,39,40,45,47],"ascension_level":0}