{"gold_per_floor":[366,331,170,170,187,217,217,217,268,418,434,434,308,322,322,322],"floor_reached":16,"playtime":534,"items_purged":["Doubt"],"score":181,"play_id":"857a781d-a3a9-4ce1-8e0c-84ff3cdc516b","local_time":"20190204225529","is_ascension_mode":true,"campfire_choices":[{"floor":7,"key":"REST"},{"data":"True Grit","floor":15,"key":"SMITH"}],"neow_cost":"PERCENT_DAMAGE","seed_source_timestamp":117800090881341,"circlet_count":0,"master_deck":["AscendersBane","Strike_R","Strike_R","Strike_R","Strike_R","Strike_R","Defend_R+1","Defend_R","Defend_R","Defend_R+1","Bash","Feel No Pain","Thunderclap","Pommel Strike","Uppercut","True Grit+1","Spot Weakness"],"relics":["Burning Blood","Pen Nib","Red Skull","War Paint","Golden Idol"],"potions_floor_usage":[6],"damage_taken":[{"damage":6,"enemies":"2 Louse","floor":1,"turns":3},{"damage":0,"enemies":"Small Slimes","floor":5,"turns":4},{"damage":63,"enemies":"Lagavulin","floor":6,"turns":8},{"damage":8,"enemies":"Jaw Worm","floor":11,"turns":6},{"damage":0,"enemies":"2 Fungi Beasts","floor":14,"turns":2},{"damage":54,"enemies":"Hexaghost","floor":16,"turns":11}],"seed_played":"4750471012622111019","potions_obtained":[{"floor":5,"key":"Energy Potion"},{"floor":14,"key":"FearPotion"}],"is_trial":false,"path_per_floor":["M","?","$","?","M","E","R","?","T","?","M","?","$","M","R","B"],"character_chosen":"IRONCLAD","items_purchased":["Pen Nib","True Grit"],"campfire_rested":1,"item_purchase_floors":[3,13],"current_hp_per_floor":[50,68,68,73,79,22,46,46,46,46,44,44,44,50,50,0],"gold":322,"neow_bonus":"TWO_FIFTY_GOLD","is_prod":false,"is_daily":false,"chose_seed":false,"campfire_upgraded":1,"win_rate":0,"timestamp":1549338929,"path_taken":["M","?","$","?","M","E","R","?","T","?","M","?","$","M","R","BOSS"],"build_version":"2019-01-23","purchased_purges":1,"victory":false,"max_hp_per_floor":[75,75,75,80,80,80,80,80,80,80,80,72,72,72,72,72],"card_choices":[{"not_picked":["Heavy Blade","Fire Breathing"],"picked":"Feel No Pain","floor":1},{"not_picked":["Heavy Blade","Evolve"],"picked":"Thunderclap","floor":5},{"not_picked":["Armaments","Warcry"],"picked":"Pommel Strike","floor":6},{"not_picked":["Havoc","Warcry"],"picked":"Uppercut","floor":11},{"not_picked":["Flex","Sever Soul"],"picked":"Spot Weakness","floor":14}],"player_experience":2327275,"relics_obtained":[{"floor":6,"key":"Red Skull"},{"floor":9,"key":"War Paint"}],"event_choices":[{"damage_healed":18,"gold_gain":0,"player_choice":"Healed","damage_taken":0,"max_hp_gain":0,"max_hp_loss":0,"event_name":"The Cleric","floor":2,"gold_loss":35},{"damage_healed":0,"gold_gain":0,"player_choice":"Donut","damage_taken":0,"max_hp_gain":5,"max_hp_loss":0,"event_name":"Big Fish","floor":4,"gold_loss":0},{"damage_healed":0,"gold_gain":0,"player_choice":"Ignored","damage_taken":0,"max_hp_gain":0,"max_hp_loss":0,"event_name":"Shining Light","floor":8,"gold_loss":0},{"damage_healed":0,"gold_gain":150,"player_choice":"AGREE","damage_taken":0,"max_hp_gain":0,"max_hp_loss":0,"event_name":"Liars Game","floor":10,"gold_loss":0,"cards_obtained":["Doubt"]},{"damage_healed":0,"gold_gain":0,"player_choice":"Lose Max HP","damage_taken":0,"relics_obtained":["Golden Idol"],"max_hp_gain":0,"max_hp_loss":8,"event_name":"Golden Idol","floor":12,"gold_loss":0}],"is_beta":false,"boss_relics":[],"items_purged_floors":[13],"is_endless":false,"potions_floor_spawned":[5,14],"killed_by":"Hexaghost","ascension_level":17}