{"gold_per_floor":[165,90,90,90,40,40,75,86,86,86,161,161,177,191,191,191],"floor_reached":16,"playtime":655,"items_purged":[],"score":172,"play_id":"97e53b56-f24f-4dbb-8e72-69df8455dcf9","local_time":"20181022210028","is_ascension_mode":true,"campfire_choices":[{"data":"Streamline","floor":6,"key":"SMITH"},{"floor":10,"key":"REST"},{"floor":12,"key":"REST"},{"data":"Leap","floor":15,"key":"SMITH"}],"neow_cost":"NONE","seed_source_timestamp":1099753475124615,"circlet_count":0,"master_deck":["Strike_B","Strike_B","Strike_B","Defend_B","Defend_B+1","Defend_B","Defend_B","Zap","Dualcast","AscendersBane","Streamline+1","Conserve Battery","Leap+1","Leap","Self Repair"],"relics":["Tiny House","Anchor","The Courier"],"potions_floor_usage":[1,16],"damage_taken":[{"damage":2,"enemies":"2 Louse","floor":1,"turns":3},{"damage":56,"enemies":"Gremlin Nob","floor":7,"turns":6},{"damage":7,"enemies":"Small Slimes","floor":8,"turns":4},{"damage":7,"enemies":"Jaw Worm","floor":13,"turns":5},{"damage":5,"enemies":"Exordium Thugs","floor":14,"turns":5},{"damage":60,"enemies":"Hexaghost","floor":16,"turns":14}],"seed_played":"-6252969939684421402","potions_obtained":[{"floor":0,"key":"Fruit Juice"},{"floor":7,"key":"Dexterity Potion"},{"floor":13,"key":"FearPotion"}],"is_trial":false,"path_per_floor":["M","?","?","$","$","R","E","M","T","R","?","R","M","M","R"],"character_chosen":"DEFECT","items_purchased":["Leap"],"campfire_rested":2,"item_purchase_floors":[5],"current_hp_per_floor":[72,72,77,77,77,77,21,14,14,39,28,53,53,55,55,0],"gold":191,"neow_bonus":"BOSS_RELIC","is_prod":false,"is_daily":false,"chose_seed":false,"campfire_upgraded":2,"win_rate":0,"timestamp":1540256428,"path_taken":["M","?","?","?","$","R","E","M","T","R","?","R","M","M","R","BOSS"],"build_version":"2018-10-18","purchased_purges":0,"victory":false,"max_hp_per_floor":[81,81,86,86,86,86,86,86,86,86,86,86,86,86,86,86],"card_choices":[{"not_picked":["Ball Lightning","Cold Snap"],"picked":"Streamline","floor":0},{"not_picked":["Double Energy","Sweeping Beam"],"picked":"Conserve Battery","floor":1},{"not_picked":["Melter","Conserve Battery"],"picked":"Leap","floor":7},{"not_picked":["Darkness","Heatsinks"],"picked":"Self Repair","floor":8},{"not_picked":["Steam Power","Turbo","Force Field"],"picked":"SKIP","floor":13},{"not_picked":["Hologram","Rip and Tear","Conserve Battery"],"picked":"SKIP","floor":14}],"player_experience":1565318,"relics_obtained":[{"floor":7,"key":"Anchor"},{"floor":9,"key":"The Courier"}],"event_choices":[{"cards_removed":["Strike_B"],"damage_healed":0,"gold_gain":0,"player_choice":"Card Removal","damage_taken":0,"max_hp_gain":0,"max_hp_loss":0,"event_name":"The Cleric","floor":2,"gold_loss":75},{"damage_healed":0,"gold_gain":0,"player_choice":"Donut","damage_taken":0,"max_hp_gain":5,"max_hp_loss":0,"event_name":"Big Fish","floor":3,"gold_loss":0},{"damage_healed":0,"gold_gain":75,"player_choice":"Gather Gold","damage_taken":11,"max_hp_gain":0,"max_hp_loss":0,"event_name":"World of Goop","floor":11,"gold_loss":0}],"is_beta":false,"boss_relics":[],"items_purged_floors":[],"is_endless":false,"potions_floor_spawned":[7,13],"killed_by":"Hexaghost","ascension_level":15}