{"gold_per_floor":[114,129,204,219,234,8,23,38,38,68,74,74,74,93,93,218,218,237,256,275,294,254,4,4,4,4,42,61,80,80,99,99,224,224,243,262,281,614,614,614,944,944,1019,1019,719,734,749,764,764,764],"floor_reached":51,"playtime":1979,"items_purged":[],"score":980,"play_id":"c21c4341-03d5-4e0c-bfd9-8ab493f5eaf1","local_time":"20181029012410","daily_mods":["SealedDeck","Uncertain Future","Lethality"],"is_ascension_mode":false,"campfire_choices":[{"data":"Fission","floor":12.0,"key":"SMITH"},{"data":"Barrage","floor":15.0,"key":"SMITH"},{"data":"Defragment","floor":30.0,"key":"SMITH"},{"floor":32.0,"key":"REST"},{"data":"1","floor":40,"key":"LIFT"},{"data":"2","floor":42,"key":"LIFT"},{"floor":49,"key":"REST"}],"neow_cost":"","seed_source_timestamp":0,"circlet_count":0,"master_deck":["Gash","Gash","Gash","FTL","FTL","Cold Snap","Blizzard","Conserve Battery","Defragment+1","Coolheaded","Ball Lightning","Skim","Capacitor+1","Coolheaded","Fission+1","Glacier","Compile Driver","Loop","Barrage+1","Seek+1","Sweeping Beam+1","Hologram+1","FTL+1","Blizzard","Steam+1","All For One","Coolheaded","Double Energy","Turbo+1","Hologram+1","Chill"],"special_seed":17832,"relics":["Cracked Core","Bronze Scales","Juzu Bracelet","Omamori","Cursed Key","Mercury Hourglass","Girya","Bag of Marbles","Fusion Hammer","Old Coin","Bottled Tornado","Thread and Needle"],"potions_floor_usage":[33,50,50],"damage_taken":[{"damage":0.0,"enemies":"2 Louse","floor":1.0,"turns":2.0},{"damage":0.0,"enemies":"Small Slimes","floor":2.0,"turns":2.0},{"damage":0.0,"enemies":"Jaw Worm","floor":4.0,"turns":1.0},{"damage":2.0,"enemies":"Exordium Wildlife","floor":5.0,"turns":2.0},{"damage":3.0,"enemies":"3 Louse","floor":7.0,"turns":2.0},{"damage":3.0,"enemies":"Exordium Thugs","floor":8.0,"turns":3.0},{"damage":0.0,"enemies":"3 Sentries","floor":10.0,"turns":3.0},{"damage":9.0,"enemies":"3 Sentries","floor":11.0,"turns":3.0},{"damage":11.0,"enemies":"Exordium Wildlife","floor":14.0,"turns":2.0},{"damage":0.0,"enemies":"Slime Boss","floor":16.0,"turns":3.0},{"damage":7.0,"enemies":"2 Thieves","floor":18.0,"turns":3.0},{"damage":3.0,"enemies":"Chosen","floor":19.0,"turns":2.0},{"damage":21.0,"enemies":"3 Cultists","floor":20.0,"turns":4.0},{"damage":0.0,"enemies":"Snecko","floor":21.0,"turns":2.0},{"damage":0.0,"enemies":"Book of Stabbing","floor":27.0,"turns":2.0},{"damage":4.0,"enemies":"Centurion and Healer","floor":28.0,"turns":2.0},{"damage":0.0,"enemies":"3 Cultists","floor":29.0,"turns":2.0},{"damage":14.0,"enemies":"Snecko","floor":31.0,"turns":3.0},{"damage":0,"enemies":"Collector","floor":33,"turns":6},{"damage":0,"enemies":"Orb Walker","floor":35,"turns":2},{"damage":9,"enemies":"3 Shapes","floor":36,"turns":1},{"damage":0,"enemies":"Transient","floor":37,"turns":5},{"damage":21,"enemies":"Reptomancer","floor":41,"turns":4},{"damage":0,"enemies":"3 Darklings","floor":46,"turns":2},{"damage":0,"enemies":"Sphere and 2 Shapes","floor":47,"turns":4},{"damage":0,"enemies":"4 Shapes","floor":48,"turns":2},{"damage":0,"enemies":"Awakened One","floor":50,"turns":5}],"seed_played":"5963366377252793879","potions_obtained":[{"floor":1.0,"key":"Swift Potion"},{"floor":2.0,"key":"EntropicBrew"},{"floor":33,"key":"Ancient Potion"},{"floor":41,"key":"Dexterity Potion"}],"is_trial":false,"path_per_floor":["M","M","?","M","M","$","M","M","T","E","?","R","?","M","R","B",null,"M","M","M","M","?","$","?","?","T","E","M","M","R","M","R","B",null,"M","M","M","?","?","R","E","R","T","?","$","M","M","M","R","B"],"character_chosen":"DEFECT","items_purchased":["Fission","FocusPotion","Mercury Hourglass","Thread and Needle"],"campfire_rested":2,"item_purchase_floors":[6,6,23,45],"current_hp_per_floor":[75,75,64,64,62,62,59,56,56,56,47,47,47,36,36,36,69,62,59,38,38,38,38,38,38,38,38,34,34,34,20,40,40,69,69,60,60,60,60,60,39,39,39,39,39,39,39,39,59,59],"gold":764,"neow_bonus":"","is_prod":false,"is_daily":true,"chose_seed":false,"campfire_upgraded":3,"win_rate":0,"timestamp":1540772650,"path_taken":["M","M","?","M","M","$","M","M","T","E","?","R","?","M","R","BOSS","M","M","M","M","?","$","?","?","T","E","M","M","R","M","R","BOSS","M","M","M","?","?","R","E","R","T","?","$","M","M","M","R","BOSS"],"build_version":"2018-10-25v2","purchased_purges":0,"victory":true,"max_hp_per_floor":[75,75,75,75,75,75,75,75,75,75,75,75,69,69,69,69,69,69,69,69,69,69,69,69,69,69,69,69,69,69,69,69,69,69,69,69,69,69,69,69,69,69,69,69,69,69,69,69,69,69],"card_choices":[{"not_picked":["Hologram","Cold Snap"],"picked":"Ball Lightning","floor":1.0},{"not_picked":["Auto Shields","Ball Lightning"],"picked":"Skim","floor":2.0},{"not_picked":["Conserve Battery","Hello World"],"picked":"Capacitor","floor":4.0},{"not_picked":["Ball Lightning","Steam"],"picked":"Coolheaded","floor":5.0},{"not_picked":["Beam Cell","Ball Lightning"],"picked":"Glacier","floor":7.0},{"not_picked":["Hello World","Creative AI"],"picked":"Compile Driver","floor":8.0},{"not_picked":["Static Discharge","Sweeping Beam"],"picked":"Loop","floor":10.0},{"not_picked":["Leap","Conserve Battery"],"picked":"Barrage","floor":11.0},{"not_picked":["Darkness","Barrage","Beam Cell"],"picked":"SKIP","floor":14.0},{"not_picked":["Rainbow","Core Surge"],"picked":"Seek","floor":16.0},{"not_picked":["Tempest","Leap","Streamline"],"picked":"SKIP","floor":18.0},{"not_picked":["Compile Driver","Barrage+1","Hello World"],"picked":"SKIP","floor":19.0},{"not_picked":["Beam Cell","Darkness"],"picked":"Sweeping Beam+1","floor":20.0},{"not_picked":["Conserve Battery","Turbo","Genetic Algorithm"],"picked":"SKIP","floor":21.0},{"not_picked":["Conserve Battery","Turbo","Genetic Algorithm"],"picked":"SKIP","floor":21.0},{"not_picked":["Melter","Steam Power"],"picked":"Hologram+1","floor":27.0},{"not_picked":["Static Discharge","Sweeping Beam"],"picked":"FTL+1","floor":28.0},{"not_picked":["Streamline","Hello World"],"picked":"Blizzard","floor":29.0},{"not_picked":["Beam Cell","Ball Lightning+1"],"picked":"Steam+1","floor":31.0},{"not_picked":["Meteor Strike","Machine Learning"],"picked":"All For One","floor":33},{"not_picked":["Aggregate","Redo"],"picked":"Coolheaded","floor":35},{"not_picked":["Redo","Ball Lightning+1"],"picked":"Double Energy","floor":36},{"not_picked":["Melter","Beam Cell","Conserve Battery+1"],"picked":"SKIP","floor":37},{"not_picked":["Force Field","Heatsinks+1"],"picked":"Turbo+1","floor":41},{"not_picked":["Lockon","Turbo+1"],"picked":"Hologram+1","floor":46},{"not_picked":["Cold Snap","Rebound+1","Barrage+1"],"picked":"SKIP","floor":47},{"not_picked":["Reprogram","Lockon+1"],"picked":"Chill","floor":48}],"player_experience":1551759,"relics_obtained":[{"floor":9.0,"key":"Bronze Scales"},{"floor":10.0,"key":"Juzu Bracelet"},{"floor":11.0,"key":"Omamori"},{"floor":27.0,"key":"Bag of Marbles"},{"floor":41,"key":"Old Coin"},{"floor":43,"key":"Bottled Tornado"}],"event_choices":[{"damage_healed":0.0,"max_hp_gain":0.0,"max_hp_loss":0.0,"gold_gain":75.0,"event_name":"World of Goop","player_choice":"Gather Gold","floor":3.0,"gold_loss":0.0,"damage_taken":11.0},{"damage_healed":0.0,"max_hp_gain":0.0,"max_hp_loss":0.0,"gold_gain":30.0,"event_name":"Dead Adventurer","player_choice":"Searched \u00272\u0027 times","floor":11.0,"gold_loss":0.0,"damage_taken":0.0},{"damage_healed":0.0,"max_hp_gain":0.0,"max_hp_loss":6.0,"gold_gain":0.0,"event_name":"Golden Idol","player_choice":"Lose Max HP","floor":13.0,"gold_loss":0.0,"damage_taken":0.0,"relics_obtained":["Golden Idol"]},{"damage_healed":0.0,"max_hp_gain":0.0,"max_hp_loss":0.0,"gold_gain":0.0,"event_name":"Designer","player_choice":"Upgraded Two","floor":22.0,"gold_loss":40.0,"damage_taken":0.0,"cards_upgraded":["Seek","Capacitor"]},{"damage_healed":0.0,"max_hp_gain":0.0,"max_hp_loss":0.0,"gold_gain":0.0,"event_name":"Addict","player_choice":"Stole Relic","floor":24.0,"gold_loss":0.0,"damage_taken":0.0,"relics_obtained":["Girya"],"cards_obtained":["Shame"]},{"damage_healed":0.0,"max_hp_gain":0.0,"max_hp_loss":0.0,"gold_gain":0.0,"event_name":"The Lab","player_choice":"Got Potions","floor":25.0,"gold_loss":0.0,"damage_taken":0.0},{"damage_healed":0,"gold_gain":333,"player_choice":"Gave Idol","damage_taken":0,"max_hp_gain":0,"max_hp_loss":0,"event_name":"The Moai Head","floor":38,"relics_lost":["Golden Idol"],"gold_loss":0},{"damage_healed":0,"gold_gain":0,"player_choice":"Ignored","damage_taken":0,"max_hp_gain":0,"max_hp_loss":0,"event_name":"Tomb of Lord Red Mask","floor":39,"gold_loss":0},{"damage_healed":0,"gold_gain":0,"player_choice":"Memory 1","damage_taken":0,"max_hp_gain":0,"max_hp_loss":0,"event_name":"SensoryStone","floor":44,"gold_loss":0}],"is_beta":false,"boss_relics":[{"not_picked":["Ectoplasm","Lizard Tail"],"picked":"Cursed Key"},{"not_picked":["Eternal Feather","Snecko Eye"],"picked":"Fusion Hammer"}],"items_purged_floors":[],"is_endless":false,"potions_floor_spawned":[1,2,7,16,18,27,33,41,47],"ascension_level":0}