{"path_per_floor":["M","?","M","$","M","E","M","R","T","R","?","M","M","$","R","B",null,"M","?","M","M","$","E","M","R","T","M","?","M","M","?","R"],"character_chosen":"IRONCLAD","items_purchased":["Inflame","Armaments","Mind Blast","Warcry","Feed"],"gold_per_floor":[109,184,196,3,17,42,61,61,140,140,140,156,166,24,24,122,122,140,140,157,175,40,70,88,88,88,108,31,48,64,64,64,64],"floor_reached":33,"campfire_rested":4,"playtime":3614,"item_purchase_floors":[],"current_hp_per_floor":[80,69,75,75,80,44,42,66,66,66,48,49,53,53,77,46,80,69,56,36,34,34,27,11,30,30,41,41,41,52,52,65,0],"items_purged":["Strike_R"],"gold":64,"score":296,"play_id":"0db63182-da8c-44d7-8d3f-db5417a7f3fa","local_time":"20180528122154","is_prod":false,"is_daily":false,"chose_seed":false,"is_ascension_mode":false,"campfire_upgraded":1,"win_rate":0,"timestamp":1527524514,"campfire_choices":[{"floor":8.0,"key":"REST"},{"data":"Fire Breathing","floor":10.0,"key":"SMITH"},{"floor":15.0,"key":"REST"},{"floor":25,"key":"REST"},{"floor":32,"key":"REST"}],"path_taken":["M","?","M","$","M","E","M","R","T","R","?","M","M","$","R","BOSS","M","?","?","M","$","E","M","R","T","?","?","?","M","?","R","BOSS"],"build_version":"2018-05-24","seed_source_timestamp":0,"purchased_purges":1,"victory":false,"master_deck":["Defend_R","Defend_R+1","Defend_R+1","Defend_R","Bash","Clash","Blood for Blood","Inflame","Armaments","Shrug It Off","Thunderclap","Fire Breathing+1","Thunderclap","Flame Barrier","Mind Blast","Warcry","Feed","Clothesline+1","Bite","Bite","Bite","Bite","Bite","Rampage","Cleave+1","Feed","Uppercut","Intimidate","Dual Wield","J.A.X.","Headbutt+1","Pommel Strike","Writhe"],"max_hp_per_floor":[80,80,80,80,80,80,80,80,80,80,80,80,80,80,80,80,80,80,56,56,59,59,65,65,65,65,65,65,65,65,65,65,65],"relics":["Burning Blood","NeowsBlessing","Peace Pipe","Gremlin Horn","War Paint","Runic Cube","Happy Flower","Mummified Hand","Molten Egg 2"],"card_choices":[{"not_picked":["Sever Soul","True Grit"],"picked":"Clash","floor":1.0},{"not_picked":["Anger","Burning Pact"],"picked":"Blood for Blood","floor":3.0},{"not_picked":["Disarm","Warcry"],"picked":"Shrug It Off","floor":5.0},{"not_picked":["Sever Soul","Offering"],"picked":"Thunderclap","floor":6.0},{"not_picked":["Wild Strike","Twin Strike"],"picked":"Fire Breathing","floor":7.0},{"not_picked":["Armaments","Rage"],"picked":"Thunderclap","floor":12.0},{"not_picked":["Burning Pact","Armaments"],"picked":"Flame Barrier","floor":13.0},{"not_picked":["Brutality","Impervious"],"picked":"Feed","floor":16.0},{"not_picked":["Body Slam","Blood for Blood"],"picked":"Clothesline+1","floor":18.0},{"not_picked":["Burning Pact","Fire Breathing"],"picked":"Rampage","floor":20},{"not_picked":["Sword Boomerang","Shrug It Off"],"picked":"Cleave+1","floor":21},{"not_picked":["Warcry+1","Clash"],"picked":"Uppercut","floor":23},{"not_picked":["Body Slam+1","Clothesline"],"picked":"Intimidate","floor":24},{"not_picked":["Burning Pact","Bludgeon"],"picked":"Dual Wield","floor":27},{"not_picked":["Armaments","Pommel Strike"],"picked":"Headbutt+1","floor":29},{"not_picked":["Uppercut","Sentinel"],"picked":"Pommel Strike","floor":30}],"player_experience":181018,"potions_floor_usage":[23,23,23,27,33,33],"damage_taken":[{"damage":0.0,"enemies":"2 Louse","floor":1.0,"turns":1.0},{"damage":0.0,"enemies":"Cultist","floor":3.0,"turns":1.0},{"damage":0.0,"enemies":"Small Slimes","floor":5.0,"turns":1.0},{"damage":42.0,"enemies":"Gremlin Nob","floor":6.0,"turns":5.0},{"damage":8.0,"enemies":"Exordium Wildlife","floor":7.0,"turns":4.0},{"damage":5.0,"enemies":"3 Louse","floor":12.0,"turns":4.0},{"damage":2.0,"enemies":"2 Fungi Beasts","floor":13.0,"turns":4.0},{"damage":37.0,"enemies":"The Guardian","floor":16.0,"turns":13.0},{"damage":17.0,"enemies":"Shell Parasite","floor":18.0,"turns":8.0},{"damage":35,"enemies":"Spheric Guardian","floor":20,"turns":8},{"damage":20,"enemies":"Snecko","floor":21,"turns":5},{"damage":29,"enemies":"Slavers","floor":23,"turns":5},{"damage":24,"enemies":"Snake Plant","floor":24,"turns":4},{"damage":4,"enemies":"Cultist and Chosen","floor":27,"turns":5},{"damage":16,"enemies":"Snecko","floor":29,"turns":6},{"damage":3,"enemies":"Centurion and Healer","floor":30,"turns":3},{"damage":92,"enemies":"Champ","floor":33,"turns":11}],"relics_obtained":[{"floor":6.0,"key":"Peace Pipe"},{"floor":9.0,"key":"Gremlin Horn"},{"floor":23,"key":"Happy Flower"},{"floor":26,"key":"Mummified Hand"}],"event_choices":[{"event_name":"World of Goop","player_choice":"Gather Gold","floor":2.0,"damage_taken":0.0},{"event_name":"Scrap Ooze","player_choice":"success","floor":11.0,"damage_taken":18.0},{"event_name":"Vampires","player_choice":"Became a vampire","floor":19.0,"damage_taken":0.0},{"event_name":"Drug Dealer","player_choice":"Got JAXXED","floor":28,"damage_taken":0},{"event_name":"The Mausoleum","player_choice":"Yes","floor":31,"damage_taken":0}],"boss_relics":[],"items_purged_floors":[],"potions_floor_spawned":[1,5,7,16,21,23,27,29],"seed_played":"-6239099602724445244","killed_by":"Champ","ascension_level":0,"potions_obtained":[{"floor":1.0,"key":"Explosive Potion"},{"floor":5.0,"key":"Ancient Potion"},{"floor":7.0,"key":"Fire Potion"},{"floor":16.0,"key":"Dexterity Potion"},{"floor":21,"key":"Energy Potion"},{"floor":23,"key":"Explosive Potion"},{"floor":27,"key":"SpeedPotion"},{"floor":29,"key":"Block Potion"}],"is_trial":false}