{"gold_per_floor":[119,130,144,0,0,27,43,71,71,88,88,98,98,125,125,225,225,242,242,165,165,181,181,181,196,221,221,239,249,249,262,262,262],"floor_reached":33,"playtime":1994,"items_purged":["Defend_G"],"score":363,"play_id":"91656de8-a387-4850-b751-cea486ae0344","local_time":"20180702041046","is_ascension_mode":true,"campfire_choices":[{"floor":11,"key":"REST"},{"floor":13,"key":"REST"},{"data":"Cloak And Dagger","floor":15,"key":"SMITH"},{"data":"A Thousand Cuts","floor":23,"key":"SMITH"},{"data":"J.A.X.","floor":27,"key":"SMITH"},{"data":"Cloak And Dagger","floor":30,"key":"SMITH"},{"floor":32,"key":"REST"}],"neow_cost":"","seed_source_timestamp":455651249516508,"circlet_count":0,"master_deck":["Defend_G","Defend_G","Defend_G","Defend_G","Strike_G","Strike_G","Strike_G","Strike_G","Strike_G","Survivor","Neutralize+1","Infinite Blades","Sucker Punch","Caltrops","All Out Attack","Adrenaline","Cloak And Dagger+1","Sucker Punch+1","Flying Knee+1","Backstab+1","A Thousand Cuts+1","All Out Attack+1","Outmaneuver","Endless Agony+1","J.A.X.+1","Backflip","Cloak And Dagger+1","Infinite Blades","Skewer+1"],"relics":["Ring of the Snake","Ancient Tea Set","Molten Egg 2","Shovel","Odd Mushroom","Runic Dome","Pear","Enchiridion","Omamori"],"potions_floor_usage":[6,8,16,31,33,33,33],"damage_taken":[{"damage":2,"enemies":"Jaw Worm","floor":1,"turns":6},{"damage":0,"enemies":"Cultist","floor":2,"turns":4},{"damage":1,"enemies":"Small Slimes","floor":3,"turns":4},{"damage":24,"enemies":"Gremlin Nob","floor":6,"turns":4},{"damage":5,"enemies":"Blue Slaver","floor":7,"turns":4},{"damage":28,"enemies":"Lagavulin","floor":8,"turns":7},{"damage":0,"enemies":"2 Fungi Beasts","floor":10,"turns":4},{"damage":0,"enemies":"Red Slaver","floor":12,"turns":4},{"damage":6,"floor":14,"turns":3},{"damage":24,"enemies":"Slime Boss","floor":16,"turns":8},{"damage":4,"enemies":"3 Byrds","floor":18,"turns":4},{"damage":3,"enemies":"Chosen","floor":22,"turns":4},{"damage":4,"enemies":"Snake Plant","floor":25,"turns":3},{"damage":0,"enemies":"Centurion and Healer","floor":28,"turns":5},{"damage":7,"enemies":"3 Cultists","floor":29,"turns":4},{"damage":10,"enemies":"Snecko","floor":31,"turns":3},{"damage":66,"enemies":"Automaton","floor":33,"turns":6}],"seed_played":"7013769985606145617","potions_obtained":[{"floor":2,"key":"AttackPotion"},{"floor":6,"key":"SteroidPotion"},{"floor":10,"key":"FearPotion"},{"floor":12,"key":"EssenceOfSteel"},{"floor":16,"key":"FearPotion"},{"floor":25,"key":"PowerPotion"},{"floor":31,"key":"GhostInAJar"}],"is_trial":false,"path_per_floor":["M","M","M","$","?","E","M","E","T","M","R","M","R","?","R","B",null,"M","?","?","T","M","R","?","M","T","R","M","M","R","M","R"],"character_chosen":"THE_SILENT","items_purchased":["All Out Attack"],"campfire_rested":3,"item_purchase_floors":[4],"current_hp_per_floor":[61,61,60,60,60,36,31,3,3,3,24,24,45,39,39,15,56,52,52,52,62,59,59,43,39,39,39,39,32,32,22,46,0],"gold":262,"neow_bonus":"","is_prod":false,"is_daily":false,"chose_seed":false,"campfire_upgraded":4,"win_rate":0,"timestamp":1530522646,"path_taken":["M","M","M","$","?","E","?","E","T","M","R","M","R","?","R","BOSS","M","?","?","?","M","R","?","M","T","R","M","M","R","M","R","BOSS"],"build_version":"2018-06-29","purchased_purges":1,"victory":false,"max_hp_per_floor":[70,70,70,70,70,70,70,70,70,70,70,70,70,70,70,70,70,70,70,70,80,80,80,80,80,80,80,80,80,80,80,80,80],"card_choices":[{"not_picked":["Quick Slash","Caltrops"],"picked":"Infinite Blades","floor":1},{"not_picked":["Slice","Riddle With Holes"],"picked":"Sucker Punch","floor":2},{"not_picked":["Slice","Dagger Spray"],"picked":"Caltrops","floor":3},{"not_picked":["Underhanded Strike","PiercingWail"],"picked":"Adrenaline","floor":6},{"not_picked":["Poisoned Stab","Escape Plan"],"picked":"Cloak And Dagger","floor":7},{"not_picked":["Doppelganger","Dagger Spray","Dagger Throw"],"picked":"SKIP","floor":8},{"not_picked":["Deflect","Crippling Poison"],"picked":"Sucker Punch+1","floor":10},{"not_picked":["Acrobatics","Deflect"],"picked":"Flying Knee+1","floor":12},{"not_picked":["Slice+1","Sucker Punch+1"],"picked":"Backstab+1","floor":14},{"not_picked":["Phantasmal Killer","Bullet Time"],"picked":"A Thousand Cuts","floor":16},{"not_picked":["Quick Slash+1","Setup"],"picked":"All Out Attack+1","floor":18},{"not_picked":["PiercingWail","Acrobatics"],"picked":"Backflip","floor":22},{"not_picked":["Grand Finale+1","Reflex","Accuracy"],"picked":"SKIP","floor":25},{"not_picked":["Underhanded Strike+1","Bouncing Flask+1"],"picked":"Cloak And Dagger","floor":28},{"not_picked":["Dagger Throw+1","Bane+1"],"picked":"Infinite Blades","floor":29},{"not_picked":["Backstab+1","Finisher+1"],"picked":"Skewer+1","floor":31}],"player_experience":236588,"relics_obtained":[{"floor":6,"key":"Ancient Tea Set"},{"floor":8,"key":"Molten Egg 2"},{"floor":9,"key":"Shovel"},{"floor":14,"key":"Odd Mushroom"},{"floor":21,"key":"Pear"},{"floor":24,"key":"Enchiridion"},{"floor":26,"key":"Omamori"}],"event_choices":[{"event_name":"Upgrade Shrine","player_choice":"Upgraded","floor":5,"damage_taken":0},{"event_name":"Mushrooms","player_choice":"Fought Mushrooms","floor":14,"damage_taken":0},{"event_name":"Match and Keep!","player_choice":"2 cards matched","floor":19,"damage_taken":0},{"event_name":"Drug Dealer","player_choice":"Got JAXXED","floor":20,"damage_taken":0},{"event_name":"Cursed Tome","player_choice":"Obtained Book","floor":24,"damage_taken":0}],"boss_relics":[{"not_picked":["Empty Cage","White Beast Statue"],"picked":"Runic Dome"}],"items_purged_floors":[4],"is_endless":false,"potions_floor_spawned":[2,6,10,12,16,25,31],"killed_by":"Automaton","ascension_level":8}