{"gold_per_floor":[113,113,113,131,131,131,146,163,187,187,198,198,208,10,10,10],"floor_reached":16,"playtime":538,"items_purged":[],"score":124,"play_id":"0015e2fb-f9de-4abd-8636-a640a13c0a45","local_time":"20180716142902","is_ascension_mode":true,"campfire_choices":[{"data":"Rampage","floor":6,"key":"SMITH"},{"floor":10,"key":"REST"},{"data":"Disarm","floor":12,"key":"SMITH"},{"floor":15,"key":"REST"}],"neow_cost":"NONE","seed_source_timestamp":229691498092707,"circlet_count":0,"master_deck":["Strike_R","Strike_R","Strike_R","Defend_R","Defend_R","Defend_R","Defend_R","Bash","Cleave","Rampage+1","Disarm+1","Feed"],"relics":["Burning Blood","Orichalcum","Medical Kit"],"potions_floor_usage":[16,16,16],"damage_taken":[{"damage":12,"enemies":"Small Slimes","floor":1,"turns":3},{"damage":6,"enemies":"Cultist","floor":4,"turns":3},{"damage":12,"enemies":"Jaw Worm","floor":7,"turns":3},{"damage":21,"enemies":"Large Slime","floor":8,"turns":5},{"damage":7,"enemies":"3 Louse","floor":11,"turns":4},{"damage":21,"enemies":"Exordium Thugs","floor":13,"turns":5},{"damage":77,"enemies":"Slime Boss","floor":16,"turns":9}],"seed_played":"8955576078315269618","potions_obtained":[{"floor":1,"key":"EssenceOfSteel"},{"floor":4,"key":"Poison Potion"},{"floor":13,"key":"Poison Potion"}],"is_trial":false,"path_per_floor":["M","?","?","M","?","R","M","M","T","R","M","R","M","$","R"],"character_chosen":"IRONCLAD","items_purchased":["Medical Kit"],"campfire_rested":2,"item_purchase_floors":[14],"current_hp_per_floor":[66,66,71,71,64,64,58,43,43,68,67,67,52,52,77,0],"gold":10,"neow_bonus":"THREE_CARDS","is_prod":false,"is_daily":false,"chose_seed":false,"campfire_upgraded":2,"win_rate":0,"timestamp":1531765742,"path_taken":["M","?","?","?","?","R","?","M","T","R","M","R","M","$","R","BOSS"],"build_version":"2018-07-12","purchased_purges":0,"victory":false,"max_hp_per_floor":[80,80,85,85,85,85,85,85,85,85,85,85,85,85,85,85],"card_choices":[{"not_picked":["Sword Boomerang","Headbutt"],"picked":"Cleave","floor":0},{"not_picked":["Entrench","Second Wind"],"picked":"Rampage","floor":1},{"not_picked":["Sword Boomerang","Sever Soul","Power Through"],"picked":"SKIP","floor":4},{"not_picked":["Armaments","Iron Wave"],"picked":"Disarm","floor":7},{"not_picked":["Blood for Blood","Sentinel","Uppercut"],"picked":"SKIP","floor":8},{"not_picked":["Clash","Havoc","Clothesline"],"picked":"SKIP","floor":11},{"not_picked":["Twin Strike","Pommel Strike"],"picked":"Feed","floor":13}],"player_experience":1151052,"relics_obtained":[{"floor":9,"key":"Orichalcum"}],"event_choices":[{"event_name":"Wheel of Change","player_choice":"Card Removal","floor":2,"damage_taken":0},{"event_name":"Big Fish","player_choice":"Donut","floor":3,"damage_taken":0},{"event_name":"Golden Wing","player_choice":"Card Removal","floor":5,"damage_taken":0}],"boss_relics":[],"items_purged_floors":[],"is_endless":false,"potions_floor_spawned":[1,4,13],"killed_by":"Slime Boss","ascension_level":7}