{"gold_per_floor":[115,115,115,132,19,19,48,65,65,65,65,65,85,98,98,201,201,218,218,233,233,248,248,248,259,259,276,287,298,298,298,298,395,395,407,418,434,22,22,22,41,66,66,80,92,92,0,14,14,14],"floor_reached":51,"playtime":3347,"items_purged":["Defend_G"],"score":873,"play_id":"a2f2b139-baa8-4bae-968f-b3f9c2b37a25","local_time":"20190101111058","is_ascension_mode":true,"campfire_choices":[{"data":"Neutralize","floor":6,"key":"SMITH"},{"data":"Leg Sweep","floor":15,"key":"SMITH"},{"data":"Bouncing Flask","floor":23,"key":"SMITH"},{"data":"Burst","floor":30,"key":"SMITH"},{"data":"Blur","floor":32,"key":"SMITH"},{"floor":40,"key":"REST"},{"floor":49,"key":"REST"}],"neow_cost":"NONE","seed_source_timestamp":553284721933552,"circlet_count":0,"master_deck":["Defend_G+1","Defend_G+1","Strike_G+1","Strike_G+1","Strike_G+1","Strike_G+1","Strike_G+1","Survivor","Neutralize+1","Venomology+1","Blur+1","Cloak And Dagger","Blur+1","Cloak And Dagger","Dagger Throw","Flying Knee+1","Leg Sweep+1","Burst+1","Bouncing Flask+1","Bouncing Flask+1","Deadly Poison","Crippling Poison+1","Burst","Footwork","Apotheosis+1","Prepared","Footwork"],"relics":["Ring of the Snake","Whetstone","Molten Egg 2","Omamori","Cursed Key","Meat on the Bone","The Courier","Busted Crown","DollysMirror","Incense Burner","Red Mask"],"potions_floor_usage":[7,7,7,16,16,18,20,20,22,25,27,29,33,33,33,33,36,36,37,42,42,42,44,45,48,48,48,50,50,50,50,50],"damage_taken":[{"damage":1,"enemies":"Small Slimes","floor":1,"turns":4},{"damage":0,"enemies":"2 Louse","floor":4,"turns":3},{"damage":6,"enemies":"3 Sentries","floor":7,"turns":12},{"damage":0,"enemies":"Cultist","floor":8,"turns":4},{"damage":0,"enemies":"Looter","floor":13,"turns":3},{"damage":0,"enemies":"3 Louse","floor":14,"turns":3},{"damage":3,"enemies":"The Guardian","floor":16,"turns":16},{"damage":0,"enemies":"Chosen","floor":18,"turns":5},{"damage":6,"enemies":"3 Byrds","floor":20,"turns":6},{"damage":0,"enemies":"Shelled Parasite and Fungi","floor":22,"turns":7},{"damage":0,"enemies":"Snake Plant","floor":25,"turns":3},{"damage":5,"enemies":"Centurion and Healer","floor":27,"turns":6},{"damage":0,"enemies":"Cultist and Chosen","floor":28,"turns":6},{"damage":0,"enemies":"Snake Plant","floor":29,"turns":3},{"damage":15,"enemies":"Automaton","floor":33,"turns":12},{"damage":0,"enemies":"3 Shapes","floor":35,"turns":4},{"damage":11,"enemies":"3 Darklings","floor":36,"turns":5},{"damage":1,"enemies":"Sphere and 2 Shapes","floor":37,"turns":5},{"damage":5,"enemies":"Spire Growth","floor":41,"turns":6},{"damage":9,"enemies":"Reptomancer","floor":42,"turns":7},{"damage":9,"enemies":"4 Shapes","floor":44,"turns":5},{"damage":0,"enemies":"Writhing Mass","floor":45,"turns":5},{"damage":0,"enemies":"Maw","floor":48,"turns":6},{"damage":30,"enemies":"Donu and Deca","floor":50,"turns":12}],"seed_played":"-2765487384474955526","potions_obtained":[{"floor":7,"key":"PowerPotion"},{"floor":8,"key":"Poison Potion"},{"floor":13,"key":"GhostInAJar"},{"floor":16,"key":"FearPotion"},{"floor":20,"key":"Poison Potion"},{"floor":25,"key":"Dexterity Potion"},{"floor":29,"key":"SkillPotion"},{"floor":33,"key":"FearPotion"},{"floor":35,"key":"Weak Potion"},{"floor":42,"key":"SpeedPotion"},{"floor":44,"key":"AttackPotion"},{"floor":48,"key":"GhostInAJar"}],"is_trial":false,"path_per_floor":["M","?","?","M","$","R","E","M","T","?","?","?","M","M","R","B",null,"M","?","M","$","M","R","?","M","T","M","M","M","R","T","R","B",null,"M","M","M","$","?","R","M","E","T","M","M","?","?","M","R","B",null],"character_chosen":"THE_SILENT","items_purchased":["Blur","Apotheosis","Prepared","DollysMirror","GhostInAJar"],"campfire_rested":2,"item_purchase_floors":[5,38,38,38,38],"current_hp_per_floor":[62,48,48,48,48,48,42,42,42,42,42,42,42,42,42,39,62,62,62,56,56,56,56,56,56,56,51,51,51,51,51,51,36,62,62,51,50,50,50,70,65,56,56,47,47,47,47,47,66,36],"gold":14,"neow_bonus":"ONE_RANDOM_RARE_CARD","is_prod":false,"is_daily":false,"chose_seed":false,"campfire_upgraded":5,"win_rate":0,"timestamp":1546308658,"path_taken":["M","?","?","?","$","R","E","M","T","?","?","?","M","?","R","BOSS","M","?","M","$","M","R","?","?","T","M","M","M","R","?","R","BOSS","M","M","M","$","?","R","M","E","T","?","M","?","?","M","R","BOSS"],"build_version":"2018-12-20","purchased_purges":1,"victory":true,"max_hp_per_floor":[70,70,70,70,70,70,70,70,70,70,70,70,70,70,70,70,70,70,70,70,70,70,70,70,70,70,70,70,70,70,70,70,70,70,70,70,70,70,70,70,70,70,70,70,70,66,66,66,66,66],"card_choices":[{"not_picked":["Infinite Blades","Dodge and Roll"],"picked":"Blur","floor":1},{"not_picked":["Bane","Backstab"],"picked":"Cloak And Dagger","floor":4},{"not_picked":["Dodge and Roll","Expertise"],"picked":"Cloak And Dagger","floor":7},{"not_picked":["Outmaneuver","Bane"],"picked":"Dagger Throw","floor":8},{"not_picked":["Prepared","Underhanded Strike+1"],"picked":"Flying Knee+1","floor":13},{"not_picked":["Poisoned Stab+1","Accuracy"],"picked":"Leg Sweep","floor":14},{"not_picked":["Doppelganger","Corpse Explosion"],"picked":"Burst","floor":16},{"not_picked":["Deflect","Reflex","Dagger Throw+1"],"picked":"SKIP","floor":18},{"not_picked":["Bane+1","Sucker Punch+1","Dodge and Roll+1"],"picked":"SKIP","floor":20},{"not_picked":["Slice+1","Quick Slash+1"],"picked":"Bouncing Flask","floor":22},{"not_picked":["Sucker Punch+1","Outmaneuver"],"picked":"Deadly Poison","floor":25},{"not_picked":["Eviscerate+1","Slice+1","Setup"],"picked":"SKIP","floor":27},{"not_picked":["Bane+1","Outmaneuver"],"picked":"Crippling Poison+1","floor":28},{"not_picked":["Dodge and Roll","Infinite Blades","Crippling Poison+1"],"picked":"SKIP","floor":29},{"not_picked":["Night Terror","Envenom"],"picked":"Burst","floor":33},{"not_picked":[],"picked":"Footwork","floor":35},{"not_picked":["Flying Knee+1"],"picked":"SKIP","floor":36},{"not_picked":["Tactician+1"],"picked":"SKIP","floor":37},{"not_picked":["Caltrops+1"],"picked":"SKIP","floor":41},{"not_picked":["Skewer+1"],"picked":"SKIP","floor":42},{"not_picked":["Leg Sweep+1"],"picked":"SKIP","floor":44},{"not_picked":["Dash+1"],"picked":"SKIP","floor":45},{"not_picked":["Blade Dance"],"picked":"SKIP","floor":48}],"player_experience":296976,"relics_obtained":[{"floor":7,"key":"Whetstone"},{"floor":9,"key":"Molten Egg 2"},{"floor":26,"key":"Meat on the Bone"},{"floor":31,"key":"The Courier"},{"floor":42,"key":"Incense Burner"}],"event_choices":[{"damage_healed":0,"gold_gain":0,"player_choice":"Entered Light","damage_taken":14,"max_hp_gain":0,"max_hp_loss":0,"event_name":"Shining Light","floor":2,"gold_loss":0,"cards_upgraded":["Blur","Venomology"]},{"cards_removed":["Defend_G"],"damage_healed":0,"gold_gain":0,"player_choice":"Offered Basic","damage_taken":0,"max_hp_gain":0,"max_hp_loss":0,"event_name":"Bonfire Elementals","floor":3,"gold_loss":0},{"damage_healed":0,"gold_gain":0,"player_choice":"Searched \u00271\u0027 times","damage_taken":0,"relics_obtained":["Omamori"],"max_hp_gain":0,"max_hp_loss":0,"event_name":"Dead Adventurer","floor":10,"gold_loss":0},{"damage_healed":0,"gold_gain":0,"player_choice":"Ignored","damage_taken":0,"max_hp_gain":0,"max_hp_loss":0,"event_name":"Liars Game","floor":11,"gold_loss":0},{"cards_removed":["Defend_G"],"damage_healed":0,"gold_gain":0,"player_choice":"Purged","damage_taken":0,"max_hp_gain":0,"max_hp_loss":0,"event_name":"Purifier","floor":12,"gold_loss":0},{"damage_healed":0,"gold_gain":0,"player_choice":"Simplicity","damage_taken":0,"max_hp_gain":0,"max_hp_loss":0,"event_name":"Back to Basics","floor":19,"gold_loss":0,"cards_upgraded":["Defend_G","Defend_G","Strike_G","Strike_G","Strike_G"]},{"damage_healed":0,"gold_gain":0,"player_choice":"Copied","damage_taken":0,"max_hp_gain":0,"max_hp_loss":0,"event_name":"Duplicator","floor":24,"gold_loss":0,"cards_obtained":["Bouncing Flask"]},{"damage_healed":0,"gold_gain":0,"player_choice":"Upgraded","damage_taken":0,"max_hp_gain":0,"max_hp_loss":0,"event_name":"Upgrade Shrine","floor":39,"gold_loss":0,"cards_upgraded":["Apotheosis"]},{"damage_healed":0,"gold_gain":0,"player_choice":"Max HP","damage_taken":0,"max_hp_gain":0,"max_hp_loss":4,"event_name":"Winding Halls","floor":46,"gold_loss":0},{"damage_healed":0,"gold_gain":0,"player_choice":"Paid","damage_taken":0,"relics_obtained":["Red Mask"],"max_hp_gain":0,"max_hp_loss":0,"event_name":"Tomb of Lord Red Mask","floor":47,"gold_loss":92}],"is_beta":false,"boss_relics":[{"not_picked":["Ectoplasm","Coffee Dripper"],"picked":"Cursed Key"},{"not_picked":["Empty Cage","Astrolabe"],"picked":"Busted Crown"}],"items_purged_floors":[5],"is_endless":false,"potions_floor_spawned":[7,8,13,16,20,25,29,33,35,42,44,48],"ascension_level":6}