{"gold_per_floor":[213,213,232,182,182,182,216,216,216,72,93,93,113,138,138,262,262,287,287,287,287,307,307,322,343,343,343],"floor_reached":27,"playtime":1536,"items_purged":["Strike_R"],"score":298,"play_id":"7d897256-d699-444b-9bd0-0db159479772","local_time":"20180727141301","is_ascension_mode":true,"campfire_choices":[{"data":"Bash","floor":6,"key":"SMITH"},{"floor":8,"key":"REST"},{"data":"Dropkick","floor":12,"key":"SMITH"},{"data":"Power Through","floor":15,"key":"SMITH"},{"floor":23,"key":"REST"}],"neow_cost":"NONE","seed_source_timestamp":159913565634226,"circlet_count":0,"master_deck":["Strike_R","Strike_R","Defend_R","Defend_R","Defend_R","Defend_R","Bash+1","Shrug It Off","Thunderclap","Injury","Dropkick+1","Dropkick","Iron Wave","Power Through+1","Battle Trance","Offering","Evolve+1","Writhe","Disarm","Flame Barrier","Body Slam+1"],"relics":["Burning Blood","Golden Idol","Blood Vial","Gremlin Horn","Runic Cube","Ancient Tea Set","Peace Pipe"],"potions_floor_usage":[7,16,24,25],"damage_taken":[{"damage":15,"enemies":"2 Louse","floor":1,"turns":3},{"damage":0,"enemies":"Cultist","floor":3,"turns":4},{"damage":42,"enemies":"Gremlin Nob","floor":7,"turns":5},{"damage":0,"enemies":"Jaw Worm","floor":11,"turns":3},{"damage":8,"enemies":"Blue Slaver","floor":13,"turns":2},{"damage":0,"enemies":"3 Louse","floor":14,"turns":4},{"damage":59,"enemies":"Slime Boss","floor":16,"turns":16},{"damage":52,"enemies":"Chosen","floor":18,"turns":10},{"damage":12,"enemies":"Shell Parasite","floor":22,"turns":8},{"damage":22,"enemies":"Centurion and Healer","floor":24,"turns":10},{"damage":24,"enemies":"Snake Plant","floor":25,"turns":5},{"damage":32,"enemies":"Chosen and Byrds","floor":27,"turns":6}],"seed_played":"8194297123222538125","potions_obtained":[{"floor":3,"key":"EssenceOfSteel"},{"floor":13,"key":"Explosive Potion"},{"floor":18,"key":"Strength Potion"},{"floor":22,"key":"Regen Potion"}],"is_trial":false,"path_per_floor":["M","?","M","?","?","R","E","R","T","$","M","R","M","M","R","B",null,"M","?","?","?","M","R","M","M","T"],"character_chosen":"IRONCLAD","items_purchased":["Dropkick"],"campfire_rested":2,"item_purchase_floors":[10],"current_hp_per_floor":[63,63,69,69,69,69,33,57,57,57,65,65,65,73,73,22,66,22,22,22,22,18,42,43,27,27,0],"gold":343,"neow_bonus":"HUNDRED_GOLD","is_prod":false,"is_daily":false,"chose_seed":false,"campfire_upgraded":3,"win_rate":0,"timestamp":1532715181,"path_taken":["M","?","M","?","?","R","E","R","T","?","M","R","M","?","R","BOSS","M","?","?","?","M","R","M","M","T","M"],"build_version":"2018-07-26","purchased_purges":1,"victory":false,"max_hp_per_floor":[80,80,80,80,80,80,80,80,80,80,80,80,80,80,80,80,80,80,80,80,80,80,80,80,80,80,80],"card_choices":[{"not_picked":["Havoc","Armaments"],"picked":"Shrug It Off","floor":1},{"not_picked":["Anger","Twin Strike"],"picked":"Thunderclap","floor":3},{"not_picked":["Perfected Strike","Headbutt"],"picked":"Dropkick","floor":7},{"not_picked":["Fire Breathing","Infernal Blade"],"picked":"Iron Wave","floor":11},{"not_picked":["Armaments","Demon Form"],"picked":"Power Through","floor":13},{"not_picked":["Entrench","Ghostly Armor"],"picked":"Battle Trance","floor":14},{"not_picked":["Feed","Juggernaut"],"picked":"Offering","floor":16},{"not_picked":["Twin Strike","Cleave+1"],"picked":"Evolve+1","floor":18},{"not_picked":["Ghostly Armor","Intimidate"],"picked":"Disarm","floor":22},{"not_picked":["Bloodletting","Combust"],"picked":"Flame Barrier","floor":24},{"not_picked":["Reckless Charge","Sword Boomerang"],"picked":"Body Slam+1","floor":25}],"player_experience":1339391,"relics_obtained":[{"floor":7,"key":"Blood Vial"},{"floor":9,"key":"Gremlin Horn"},{"floor":26,"key":"Peace Pipe"}],"event_choices":[{"event_name":"Purifier","player_choice":"One Purge","floor":2,"damage_taken":0},{"event_name":"The Cleric","player_choice":"Card Removal","floor":4,"damage_taken":0},{"event_name":"Golden Idol","player_choice":"Take Wound","floor":5,"damage_taken":0},{"event_name":"N\u0027loth","player_choice":"Ignored","floor":19,"damage_taken":0},{"event_name":"The Mausoleum","player_choice":"Yes","floor":20,"damage_taken":0},{"event_name":"Vampires","player_choice":"Ignored","floor":21,"damage_taken":0}],"is_beta":false,"boss_relics":[{"not_picked":["Pandora\u0027s Box","Eternal Feather"],"picked":"Runic Cube"}],"items_purged_floors":[10],"is_endless":false,"potions_floor_spawned":[3,13,18,22],"killed_by":"Chosen and Byrds","ascension_level":8}