{"gold_per_floor":[118,45,120,140,158,158,186,186,186,196,214,230,180,195,195,195],"floor_reached":16,"playtime":1126,"items_purged":[],"score":156,"play_id":"c0bcbbff-f119-49cb-9049-8a4bc343cf9e","local_time":"20180812214154","is_ascension_mode":true,"campfire_choices":[{"data":"True Grit","floor":6,"key":"SMITH"},{"data":"Bash","floor":8,"key":"SMITH"},{"floor":15,"key":"REST"}],"neow_cost":"NONE","seed_source_timestamp":6799938513072,"circlet_count":0,"master_deck":["Strike_R","Strike_R","Strike_R","Defend_R","Defend_R","Defend_R","Defend_R","Bash+1","AscendersBane","Brutality","Cleave","Inflame","Burning Pact","True Grit+1","Heavy Blade","Shrug It Off","Uppercut","Dropkick","Body Slam"],"relics":["Burning Blood","Question Card","Blood Vial"],"potions_floor_usage":[7,12,16],"damage_taken":[{"damage":4,"enemies":"2 Louse","floor":1,"turns":4},{"damage":2,"enemies":"Small Slimes","floor":4,"turns":4},{"damage":1,"enemies":"Cultist","floor":5,"turns":3},{"damage":35,"enemies":"Gremlin Nob","floor":7,"turns":5},{"damage":4,"enemies":"Red Slaver","floor":10,"turns":5},{"damage":12,"enemies":"Exordium Wildlife","floor":11,"turns":5},{"damage":26,"enemies":"Exordium Thugs","floor":12,"turns":6},{"damage":0,"enemies":"3 Louse","floor":14,"turns":4},{"damage":59,"enemies":"Slime Boss","floor":16,"turns":10}],"seed_played":"6801532009335341125","potions_obtained":[{"floor":1,"key":"Swift Potion"},{"floor":5,"key":"GamblersBrew"},{"floor":10,"key":"Swift Potion"},{"floor":11,"key":"Block Potion"}],"is_trial":false,"path_per_floor":["M","$","?","M","M","R","E","R","T","M","M","M","?","M","R"],"character_chosen":"IRONCLAD","items_purchased":["Inflame"],"campfire_rested":1,"item_purchase_floors":[2],"current_hp_per_floor":[74,74,63,67,72,72,43,43,43,47,43,25,25,33,57,0],"gold":195,"neow_bonus":"TRANSFORM_CARD","is_prod":false,"is_daily":false,"chose_seed":false,"campfire_upgraded":2,"win_rate":0,"timestamp":1534124514,"path_taken":["M","$","?","?","M","R","E","R","T","M","M","M","?","M","R","BOSS"],"build_version":"2018-08-09","purchased_purges":0,"victory":false,"max_hp_per_floor":[80,80,80,80,80,80,80,80,80,80,80,80,80,80,80,80],"card_choices":[{"not_picked":["Reckless Charge","Sword Boomerang"],"picked":"Cleave","floor":1},{"not_picked":["Heavy Blade","Entrench"],"picked":"Burning Pact","floor":4},{"not_picked":["Cleave","Intimidate"],"picked":"True Grit","floor":5},{"not_picked":["Flex","Armaments"],"picked":"Heavy Blade","floor":7},{"not_picked":["Seeing Red","Pommel Strike","Bloodletting"],"picked":"Shrug It Off","floor":10},{"not_picked":["Twin Strike","Body Slam","Armaments"],"picked":"Uppercut","floor":11},{"not_picked":["Twin Strike","Wild Strike","Brutality"],"picked":"Dropkick","floor":12},{"not_picked":["Wild Strike","Flex","Burning Pact"],"picked":"Body Slam","floor":14}],"player_experience":1493461,"relics_obtained":[{"floor":7,"key":"Question Card"},{"floor":9,"key":"Blood Vial"}],"event_choices":[{"event_name":"World of Goop","player_choice":"Gather Gold","floor":3,"damage_taken":0},{"event_name":"The Cleric","player_choice":"Card Removal","floor":13,"damage_taken":0}],"is_beta":false,"boss_relics":[],"items_purged_floors":[],"is_endless":false,"potions_floor_spawned":[1,5,10,11],"killed_by":"Slime Boss","ascension_level":10}