{"gold_per_floor":[115,40,52,68,83,111,129,154,181,181,200,0,16,16,16,111,111,124,137,151,13,13,13,13,13,13,28,28,16,36,46,46,143,143,158,158,158,168,168,168,268,268,268,268,268,94,113,140,140,140,140,140,14,14],"floor_reached":54,"playtime":3324,"items_purged":["Strike_R","Second Wind+1"],"score":647,"play_id":"b0520dae-2661-4355-a7d0-6e8013ab4098","local_time":"20190109182116","is_ascension_mode":false,"campfire_choices":[{"data":"Immolate","floor":10.0,"key":"SMITH"},{"floor":15.0,"key":"REST"},{"data":"Bash","floor":23.0,"key":"SMITH"},{"data":"Flash of Steel","floor":25.0,"key":"SMITH"},{"floor":32.0,"key":"REST"},{"data":"Limit Break","floor":40.0,"key":"SMITH"},{"data":"True Grit","floor":42.0,"key":"SMITH"},{"floor":45.0,"key":"RECALL"},{"floor":49.0,"key":"REST"},{"data":"Finesse","floor":52,"key":"SMITH"}],"neow_cost":"NONE","seed_source_timestamp":50516040076436,"circlet_count":0,"master_deck":["Strike_R","Defend_R","Defend_R","Defend_R","Defend_R","Bash+1","Finesse+1","Flame Barrier","Thunderclap","Headbutt","Metallicize+1","Immolate+1","Demon Form+1","Feed","Iron Wave+1","Whirlwind+1","Ghostly Armor","Shame","Metallicize+1","True Grit+1","Limit Break+1","Heavy Blade+1","Dramatic Entrance","Mayhem+1","True Grit+1","Sword Boomerang+1","Pain","Pain","Sword Boomerang"],"special_seed":0,"relics":["Burning Blood","Frozen Egg 2","Red Skull","Oddly Smooth Stone","Membership Card","Astrolabe","ClockworkSouvenir","Bag of Preparation","Shuriken","Cursed Key","Pocketwatch","Paper Frog","Juzu Bracelet","Orichalcum"],"potions_floor_usage":[50,50,54],"damage_taken":[{"damage":6.0,"enemies":"Jaw Worm","floor":1.0,"turns":4.0},{"damage":0.0,"enemies":"2 Louse","floor":3.0,"turns":4.0},{"damage":0.0,"enemies":"Small Slimes","floor":4.0,"turns":4.0},{"damage":3.0,"enemies":"Exordium Wildlife","floor":5.0,"turns":5.0},{"damage":26.0,"enemies":"3 Sentries","floor":6.0,"turns":12.0},{"damage":0.0,"enemies":"3 Louse","floor":7.0,"turns":5.0},{"damage":22.0,"enemies":"Lagavulin","floor":8.0,"turns":5.0},{"damage":11.0,"enemies":"Gremlin Gang","floor":11.0,"turns":3.0},{"damage":13.0,"enemies":"Red Slaver","floor":13.0,"turns":4.0},{"damage":10.0,"enemies":"The Guardian","floor":16.0,"turns":10.0},{"damage":12.0,"enemies":"Shell Parasite","floor":18.0,"turns":7.0},{"damage":24.0,"enemies":"2 Thieves","floor":19.0,"turns":3.0},{"damage":9.0,"enemies":"Snake Plant","floor":20.0,"turns":5.0},{"damage":35.0,"enemies":"Cultist and Chosen","floor":27.0,"turns":5.0},{"damage":4.0,"enemies":"Shelled Parasite and Fungi","floor":30.0,"turns":5.0},{"damage":14.0,"enemies":"Centurion and Healer","floor":31.0,"turns":5.0},{"damage":29.0,"enemies":"Automaton","floor":33.0,"turns":9.0},{"damage":19.0,"enemies":"3 Darklings","floor":35.0,"turns":2.0},{"damage":15.0,"enemies":"Orb Walker","floor":38.0,"turns":4.0},{"damage":16.0,"enemies":"Mind Bloom Boss Battle","floor":41.0,"turns":7.0},{"damage":21.0,"enemies":"Spire Growth","floor":47.0,"turns":4.0},{"damage":42,"enemies":"Awakened One","floor":50,"turns":8},{"damage":94,"enemies":"Shield and Spear","floor":54,"turns":6}],"seed_played":"-1933456742443444726","potions_obtained":[{"floor":1.0,"key":"PowerPotion"},{"floor":3.0,"key":"EntropicBrew"},{"floor":4.0,"key":"Dexterity Potion"},{"floor":7.0,"key":"AttackPotion"},{"floor":16.0,"key":"Fruit Juice"},{"floor":20.0,"key":"SpeedPotion"},{"floor":30.0,"key":"Weak Potion"},{"floor":33.0,"key":"PowerPotion"},{"floor":38.0,"key":"Dexterity Potion"}],"is_trial":false,"path_per_floor":["M","$","M","M","M","E","M","E","T","R","M","$","M","?","R","B",null,"M","M","M","$","?","R","?","R","T","M","$","$","M","M","R","B",null,"M","?","?","M","?","R","?","R","T","?","R","$","M","T","R","B",null,"R","$","E"],"character_chosen":"IRONCLAD","items_purchased":["Membership Card","ClockworkSouvenir","Flash of Steel","True Grit","Paper Frog","Orichalcum","Sword Boomerang","PowerPotion"],"campfire_rested":3,"item_purchase_floors":[12,21,21,29,46,53,53,53],"current_hp_per_floor":[80,80,80,80,80,60,66,50,50,50,45,45,38,38,62,58,80,79,61,58,58,58,58,58,58,58,29,29,29,34,26,52,29,88,75,70,70,61,61,61,51,51,51,51,51,51,36,36,61,28,87,87,87,0],"gold":14,"neow_bonus":"RANDOM_COLORLESS","is_prod":false,"is_daily":false,"chose_seed":false,"campfire_upgraded":6,"win_rate":0,"timestamp":1547076076,"path_taken":["M","$","M","M","M","E","M","E","T","R","M","$","M","?","R","BOSS","M","M","M","$","?","R","?","R","T","M","?","$","?","M","R","BOSS","M","?","?","M","?","R","?","R","T","?","R","$","M","?","R","BOSS","R","$","E"],"build_version":"2019-01-03v4","purchased_purges":2,"victory":false,"max_hp_per_floor":[80,80,80,80,80,80,80,80,80,80,80,80,80,80,80,80,80,85,85,85,85,85,85,85,85,85,85,85,85,88,88,88,88,88,88,88,88,88,88,88,88,88,88,84,84,84,84,84,84,87,87,87,87,87],"card_choices":[{"not_picked":["True Grit","Shrug It Off"],"picked":"Flame Barrier","floor":1.0},{"not_picked":["Heavy Blade","Bloodletting","Fire Breathing"],"picked":"SKIP","floor":3.0},{"not_picked":["Flex","Burning Pact"],"picked":"Thunderclap","floor":4.0},{"not_picked":["Shockwave","Warcry"],"picked":"Headbutt","floor":5.0},{"not_picked":["Intimidate","Clothesline"],"picked":"Metallicize","floor":6.0},{"not_picked":["Reckless Charge","Perfected Strike"],"picked":"Immolate","floor":7.0},{"not_picked":["Thunderclap","Wild Strike"],"picked":"Demon Form+1","floor":8.0},{"not_picked":["Body Slam","Flex","Carnage"],"picked":"SKIP","floor":11.0},{"not_picked":["Thunderclap","Armaments","Twin Strike"],"picked":"SKIP","floor":13.0},{"not_picked":["Dark Embrace+1","Double Tap"],"picked":"Feed","floor":16.0},{"not_picked":["Thunderclap","Clash+1","Power Through"],"picked":"SKIP","floor":18.0},{"not_picked":["Dual Wield","Sentinel","Whirlwind"],"picked":"SKIP","floor":19.0},{"not_picked":["Burning Pact","Pommel Strike+1"],"picked":"Ghostly Armor","floor":20.0},{"not_picked":["Combust+1","Searing Blow+1"],"picked":"Metallicize+1","floor":27.0},{"not_picked":["Havoc","Feel No Pain+1","Inflame+1"],"picked":"SKIP","floor":30.0},{"not_picked":["Sword Boomerang","Flame Barrier","True Grit"],"picked":"SKIP","floor":31.0},{"not_picked":["Brutality+1","Feed"],"picked":"Limit Break","floor":33.0},{"not_picked":["Headbutt","Metallicize+1"],"picked":"Heavy Blade+1","floor":35.0},{"not_picked":["Discovery","Trip"],"picked":"Dramatic Entrance","floor":36.0},{"not_picked":["Enlightenment","Secret Technique"],"picked":"Mayhem+1","floor":36.0},{"not_picked":["Headbutt+1","Anger+1"],"picked":"True Grit+1","floor":38.0},{"not_picked":["Anger+1","Second Wind"],"picked":"Sword Boomerang+1","floor":41.0},{"not_picked":["Clothesline+1","Power Through+1","Infernal Blade+1"],"picked":"SKIP","floor":47.0}],"player_experience":2054973,"relics_obtained":[{"floor":6.0,"key":"Frozen Egg 2"},{"floor":8.0,"key":"Red Skull"},{"floor":9.0,"key":"Oddly Smooth Stone"},{"floor":26.0,"key":"Shuriken"},{"floor":41.0,"key":"Pocketwatch"},{"floor":48.0,"key":"Juzu Bracelet"}],"event_choices":[{"damage_healed":0.0,"max_hp_gain":0.0,"max_hp_loss":0.0,"gold_gain":0.0,"event_name":"Liars Game","player_choice":"Ignored","floor":14.0,"gold_loss":0.0,"damage_taken":0.0},{"damage_healed":0.0,"max_hp_gain":0.0,"max_hp_loss":0.0,"gold_gain":0.0,"event_name":"Addict","player_choice":"Stole Relic","floor":22.0,"gold_loss":0.0,"damage_taken":0.0,"relics_obtained":["Bag of Preparation"],"cards_obtained":["Shame"]},{"damage_healed":0.0,"max_hp_gain":0.0,"max_hp_loss":0.0,"gold_gain":0.0,"event_name":"Ghosts","player_choice":"Ignored","floor":24.0,"gold_loss":0.0,"damage_taken":0.0},{"damage_healed":0.0,"max_hp_gain":0.0,"max_hp_loss":0.0,"gold_gain":0.0,"event_name":"SensoryStone","player_choice":"Memory 2","floor":36.0,"gold_loss":0.0,"damage_taken":5.0},{"damage_healed":0.0,"max_hp_gain":0.0,"max_hp_loss":0.0,"gold_gain":0.0,"event_name":"Tomb of Lord Red Mask","player_choice":"Ignored","floor":37.0,"gold_loss":0.0,"damage_taken":0.0},{"cards_removed":["Flash of Steel"],"damage_healed":0.0,"max_hp_gain":0.0,"max_hp_loss":0.0,"gold_gain":0.0,"event_name":"Falling","player_choice":"Removed Attack","floor":39.0,"gold_loss":0.0,"damage_taken":0.0},{"damage_healed":0.0,"max_hp_gain":0.0,"max_hp_loss":0.0,"gold_gain":0.0,"event_name":"MindBloom","player_choice":"Fight","floor":41.0,"gold_loss":0.0,"damage_taken":0.0},{"damage_healed":0.0,"max_hp_gain":0.0,"max_hp_loss":4.0,"gold_gain":0.0,"event_name":"Winding Halls","player_choice":"Max HP","floor":44.0,"gold_loss":0.0,"damage_taken":0.0}],"is_beta":false,"boss_relics":[{"not_picked":["Ectoplasm","Black Blood"],"picked":"Astrolabe"},{"not_picked":["Runic Pyramid","Fusion Hammer"],"picked":"Cursed Key"}],"items_purged_floors":[2,46],"is_endless":false,"potions_floor_spawned":[1,3,4,7,16,20,30,33,38],"killed_by":"Shield and Spear","ascension_level":0}