{"gold_per_floor":[114,114,214,226,246,279,294,294,294,294,314,314,353,353,353,483,483,497,422,7,26,26,60,74,102,102,117,136,136,151,162,162,265,265,275,286,286,304,320,351,371,371],"floor_reached":42,"playtime":5348,"items_purged":["Anger+1"],"score":587,"play_id":"a210244e-dcf1-43f1-a786-8d8979b827bf","local_time":"20190209235709","is_ascension_mode":true,"campfire_choices":[{"data":"Armaments","floor":10,"key":"SMITH"},{"data":"Anger","floor":12,"key":"SMITH"},{"floor":15,"key":"REST"},{"floor":29,"key":"RECALL"},{"data":"Bash","floor":32,"key":"SMITH"}],"neow_cost":"NONE","seed_source_timestamp":981897899774867,"circlet_count":0,"master_deck":["Strike_R","Strike_R","Strike_R","Strike_R","Strike_R","Defend_R","Defend_R","Defend_R","Defend_R","Bash+1","Cleave","Headbutt","Armaments+1","Corruption","Shrug It Off","Limit Break","Reaper","Havoc+1","Dark Shackles","Warcry+1","Armaments","Shrug It Off","Sentinel","Limit Break","Barricade","Apotheosis"],"relics":["Burning Blood","Turnip","Matryoshka","Bloody Idol","Omamori","Dead Branch","Gremlin Horn","Vajra","Dream Catcher","White Beast Statue","Bag of Marbles","Ornamental Fan","Blue Candle","Mark of Pain","Anchor"],"potions_floor_usage":[6,6,7,16,16,16,21,23,23,31,33,33,38,38],"damage_taken":[{"damage":0,"enemies":"2 Louse","floor":1,"turns":2},{"damage":8,"enemies":"Jaw Worm","floor":4,"turns":3},{"damage":8,"enemies":"Cultist","floor":5,"turns":3},{"damage":51,"enemies":"3 Sentries","floor":6,"turns":8},{"damage":6,"enemies":"Large Slime","floor":7,"turns":6},{"damage":8,"enemies":"Blue Slaver","floor":11,"turns":4},{"damage":18,"enemies":"Lagavulin","floor":13,"turns":5},{"damage":25,"enemies":"The Guardian","floor":16,"turns":8},{"damage":14,"enemies":"Spheric Guardian","floor":18,"turns":4},{"damage":5,"enemies":"Chosen","floor":21,"turns":4},{"damage":2,"enemies":"Gremlin Leader","floor":23,"turns":5},{"damage":8,"enemies":"Centurion and Healer","floor":24,"turns":5},{"damage":1,"enemies":"Slavers","floor":25,"turns":4},{"damage":5,"enemies":"Snake Plant","floor":27,"turns":4},{"damage":4,"enemies":"Snecko","floor":28,"turns":5},{"damage":3,"enemies":"Chosen and Byrds","floor":30,"turns":4},{"damage":8,"enemies":"Cultist and Chosen","floor":31,"turns":4},{"damage":2,"enemies":"Collector","floor":33,"turns":6},{"damage":5,"enemies":"Orb Walker","floor":35,"turns":5},{"damage":11,"enemies":"3 Shapes","floor":36,"turns":3},{"damage":28,"enemies":"Transient","floor":38,"turns":5},{"damage":5,"enemies":"Sphere and 2 Shapes","floor":39,"turns":3},{"damage":0,"enemies":"Reptomancer","floor":40,"turns":1},{"damage":7,"enemies":"Writhing Mass","floor":41,"turns":3},{"damage":105,"enemies":"Giant Head","floor":42,"turns":8}],"seed_played":"-4578990337976077202","potions_obtained":[{"floor":0,"key":"SneckoOil"},{"floor":0,"key":"Ancient Potion"},{"floor":0,"key":"Fruit Juice"},{"floor":6,"key":"Poison Potion"},{"floor":7,"key":"Poison Potion"},{"floor":13,"key":"EssenceOfSteel"},{"floor":18,"key":"GamblersBrew"},{"floor":21,"key":"Energy Potion"},{"floor":23,"key":"Fire Potion"},{"floor":24,"key":"Block Potion"},{"floor":25,"key":"PowerPotion"},{"floor":31,"key":"Strength Potion"},{"floor":33,"key":"Strength Potion"},{"floor":35,"key":"Weak Potion"},{"floor":36,"key":"Energy Potion"},{"floor":38,"key":"FearPotion"},{"floor":39,"key":"Explosive Potion"}],"is_trial":false,"path_per_floor":["M","?","?","M","M","E","M","?","T","R","M","R","E","T","R","B",null,"M","?","$","M","?","E","M","E","T","M","M","R","M","M","R","B",null,"M","M","?","M","M","E","M","E"],"character_chosen":"IRONCLAD","items_purchased":["Bag of Marbles","Dark Shackles","SkillPotion","Energy Potion"],"campfire_rested":1,"item_purchase_floors":[20,20,20,20],"current_hp_per_floor":[80,80,80,78,76,36,36,36,36,36,34,34,22,22,45,26,79,71,71,71,79,79,79,79,79,79,79,79,79,79,79,79,79,79,79,79,79,62,68,79,79,0],"gold":371,"neow_bonus":"THREE_SMALL_POTIONS","is_prod":false,"is_daily":false,"chose_seed":false,"campfire_upgraded":3,"win_rate":0,"timestamp":1549785429,"path_taken":["M","?","?","?","M","E","M","?","T","R","M","R","E","?","R","BOSS","M","?","$","M","?","E","M","E","T","M","M","R","M","M","R","BOSS","M","M","?","M","M","E","M","E"],"build_version":"2019-01-23","purchased_purges":1,"victory":false,"max_hp_per_floor":[80,80,80,80,80,85,85,79,79,79,79,79,79,79,79,79,79,79,79,79,79,79,79,79,79,79,79,79,79,79,79,79,79,79,79,79,79,79,79,79,79,79],"card_choices":[{"not_picked":["Dropkick","Sever Soul"],"picked":"Anger","floor":1},{"not_picked":["Feel No Pain","Carnage","Entrench"],"picked":"SKIP","floor":4},{"not_picked":["Clothesline","Corruption"],"picked":"Cleave","floor":5},{"not_picked":["Immolate","Bloodletting"],"picked":"Headbutt","floor":6},{"not_picked":["Clash","Rampage"],"picked":"Armaments","floor":7},{"not_picked":["Thunderclap","Body Slam"],"picked":"Corruption","floor":11},{"not_picked":["Evolve","Sword Boomerang"],"picked":"Shrug It Off","floor":13},{"not_picked":["Warcry","Heavy Blade"],"picked":"Limit Break","floor":15},{"not_picked":["Bludgeon","Demon Form"],"picked":"Reaper","floor":16},{"not_picked":["Rage","Sever Soul+1"],"picked":"Havoc+1","floor":18},{"not_picked":["Iron Wave","Whirlwind"],"picked":"Warcry+1","floor":21},{"not_picked":["Body Slam","Corruption","Entrench+1"],"picked":"SKIP","floor":23},{"not_picked":["Carnage","Wild Strike"],"picked":"Armaments","floor":24},{"not_picked":["Twin Strike+1","Clothesline"],"picked":"Shrug It Off","floor":25},{"not_picked":["Blood for Blood","Dual Wield+1"],"picked":"Sentinel","floor":27},{"not_picked":["Rage","Combust+1","Headbutt"],"picked":"SKIP","floor":28},{"not_picked":["Rage","Combust+1","Headbutt"],"picked":"SKIP","floor":28},{"not_picked":["Perfected Strike","Battle Trance","Twin Strike"],"picked":"SKIP","floor":30},{"not_picked":["Perfected Strike","Clash"],"picked":"Limit Break","floor":31},{"not_picked":["Limit Break","Offering"],"picked":"Barricade","floor":33},{"not_picked":["True Grit","Body Slam","Headbutt"],"picked":"SKIP","floor":35},{"not_picked":["Wild Strike+1","Pummel+1","Warcry+1"],"picked":"SKIP","floor":36},{"not_picked":["Jack Of All Trades","Magnetism"],"picked":"Apotheosis","floor":37},{"not_picked":["Cleave","Sword Boomerang","Fire Breathing"],"picked":"SKIP","floor":38},{"not_picked":["Pommel Strike","Spot Weakness+1","Clothesline+1"],"picked":"SKIP","floor":39},{"not_picked":["Cleave","Dual Wield","Sword Boomerang+1"],"picked":"SKIP","floor":40},{"not_picked":["Perfected Strike","Thunderclap","Combust+1"],"picked":"SKIP","floor":41}],"player_experience":199675,"relics_obtained":[{"floor":6,"key":"Matryoshka"},{"floor":9,"key":"Omamori"},{"floor":9,"key":"Dead Branch"},{"floor":13,"key":"Gremlin Horn"},{"floor":14,"key":"Vajra"},{"floor":14,"key":"Dream Catcher"},{"floor":23,"key":"Ornamental Fan"},{"floor":25,"key":"Blue Candle"},{"floor":40,"key":"Anchor"}],"event_choices":[{"damage_healed":0,"gold_gain":0,"player_choice":"Box","damage_taken":0,"relics_obtained":["Turnip"],"max_hp_gain":0,"max_hp_loss":0,"event_name":"Big Fish","floor":2,"gold_loss":0,"cards_obtained":["Regret"]},{"damage_healed":0,"gold_gain":100,"player_choice":"Pray","damage_taken":0,"max_hp_gain":0,"max_hp_loss":0,"event_name":"Golden Shrine","floor":3,"gold_loss":0},{"damage_healed":0,"gold_gain":0,"player_choice":"Lose Max HP","damage_taken":0,"relics_obtained":["Golden Idol"],"max_hp_gain":0,"max_hp_loss":6,"event_name":"Golden Idol","floor":8,"gold_loss":0},{"cards_removed":["Regret"],"damage_healed":0,"gold_gain":0,"player_choice":"Gave Gold","damage_taken":0,"max_hp_gain":0,"max_hp_loss":0,"event_name":"Beggar","floor":19,"gold_loss":75},{"damage_healed":0,"gold_gain":0,"player_choice":"Gave Idol","damage_taken":0,"relics_obtained":["Bloody Idol"],"max_hp_gain":0,"max_hp_loss":0,"event_name":"Forgotten Altar","floor":22,"relics_lost":["Golden Idol"],"gold_loss":0},{"damage_healed":0,"gold_gain":0,"player_choice":"Memory 1","damage_taken":0,"max_hp_gain":0,"max_hp_loss":0,"event_name":"SensoryStone","floor":37,"gold_loss":0}],"is_beta":false,"boss_relics":[{"not_picked":["Cursed Key","Ectoplasm"],"picked":"White Beast Statue"},{"not_picked":["Lizard Tail","Sozu"],"picked":"Mark of Pain"}],"items_purged_floors":[20],"is_endless":false,"potions_floor_spawned":[1,6,7,13,18,21,23,24,25,27,28,30,31,33,35,36,38,39,40,41],"killed_by":"Giant Head","ascension_level":1}