{"gold_per_floor":[114,131,81,92,110,110,110,110,159,159,171,26,36,36,36,140,140,155,115,15,15,15,15,15,15,69,69,87,106,106,126,126,226,226,240,43,58,35,35,35,48,48],"floor_reached":42,"playtime":2766,"items_purged":["Defend_G","Strike_G"],"score":386,"play_id":"a256e30c-2161-40f5-b5fb-902e4e3c5fd4","local_time":"20180824214859","is_ascension_mode":false,"campfire_choices":[{"data":"Neutralize","floor":6,"key":"SMITH"},{"data":"Outmaneuver","floor":8,"key":"SMITH"},{"data":"Backflip","floor":15,"key":"SMITH"},{"data":"Backflip","floor":23,"key":"SMITH"},{"data":"After Image","floor":27,"key":"SMITH"},{"data":"Footwork","floor":30,"key":"SMITH"},{"data":"Outmaneuver","floor":32,"key":"SMITH"},{"data":"Metamorphosis","floor":40,"key":"SMITH"}],"neow_cost":"","seed_source_timestamp":299701011210592,"circlet_count":0,"master_deck":["Defend_G","Strike_G","Strike_G","Survivor","Neutralize+1","Dagger Spray","Backflip+1","Backflip+1","Outmaneuver+1","Cloak And Dagger","Caltrops","After Image+1","Cloak And Dagger+1","Bane","Blade Dance+1","Prepared+1","Outmaneuver+1","Footwork+1","Poisoned Stab","Outmaneuver+1","Die Die Die","Dodge and Roll+1","Metamorphosis+1","Prepared+1","Poisoned Stab","Deflect+1"],"relics":["Ring of the Snake"],"potions_floor_usage":[16,18,33,33,41],"damage_taken":[{"damage":0,"enemies":"Cultist","floor":1,"turns":4},{"damage":2,"enemies":"Jaw Worm","floor":2,"turns":4},{"damage":0,"enemies":"Small Slimes","floor":4,"turns":3},{"damage":4,"enemies":"Blue Slaver","floor":5,"turns":6},{"damage":4,"enemies":"Exordium Thugs","floor":11,"turns":5},{"damage":7,"enemies":"Large Slime","floor":13,"turns":8},{"damage":20,"enemies":"The Guardian","floor":16,"turns":13},{"damage":19,"enemies":"2 Thieves","floor":18,"turns":5},{"damage":6,"enemies":"Spheric Guardian","floor":28,"turns":7},{"damage":7,"enemies":"Snake Plant","floor":29,"turns":6},{"damage":0,"enemies":"3 Cultists","floor":31,"turns":6},{"damage":10,"enemies":"Collector","floor":33,"turns":12},{"damage":11,"enemies":"3 Shapes","floor":35,"turns":5},{"damage":29,"enemies":"3 Darklings","floor":37,"turns":13},{"damage":29,"enemies":"Flame Bruiser 2 Orb","floor":41,"turns":11},{"damage":8,"enemies":"Maw","floor":42,"turns":7}],"seed_played":"-57640366528040064","potions_obtained":[{"floor":4,"key":"Swift Potion"},{"floor":5,"key":"Strength Potion"},{"floor":13,"key":"Energy Potion"},{"floor":18,"key":"GhostInAJar"},{"floor":31,"key":"Strength Potion"}],"is_trial":false,"path_per_floor":["M","M","?","M","M","R","?","R","T","T","M","$","M","?","R","B",null,"M","?","$","?","?","R","$","?","T","R","M","M","R","M","R","B",null,"M","$","M","$","?","R","M"],"character_chosen":"THE_SILENT","items_purchased":["Caltrops","Metamorphosis","Poisoned Stab"],"campfire_rested":0,"item_purchase_floors":[12,36,38],"current_hp_per_floor":[70,68,68,68,64,64,69,69,69,69,65,65,58,51,51,31,75,56,56,56,56,56,56,56,56,56,56,50,43,43,43,43,33,75,64,64,35,35,35,35,6,0],"gold":48,"neow_bonus":"","is_prod":false,"is_daily":false,"chose_seed":false,"campfire_upgraded":8,"win_rate":0,"timestamp":1535113139,"path_taken":["M","?","?","?","M","R","?","R","T","?","?","$","M","?","R","BOSS","M","?","$","?","?","R","$","?","T","R","M","M","R","M","R","BOSS","M","?","M","$","?","R","M","?"],"build_version":"2018-08-23v2","purchased_purges":2,"victory":false,"max_hp_per_floor":[70,70,70,70,70,70,75,75,75,75,75,75,75,75,75,75,75,75,75,75,75,75,75,75,75,75,75,75,75,75,75,75,75,75,75,75,75,75,75,75,75,75],"card_choices":[{"not_picked":["Sucker Punch","PiercingWail"],"picked":"Dagger Spray","floor":1},{"not_picked":["Prepared","Deadly Poison"],"picked":"Backflip","floor":2},{"not_picked":["Slice","Masterful Stab"],"picked":"Backflip","floor":4},{"not_picked":["Prepared","Sucker Punch"],"picked":"Outmaneuver","floor":5},{"not_picked":["Blade Dance","Dagger Spray"],"picked":"Cloak And Dagger","floor":11},{"not_picked":["Doppelganger","Dash"],"picked":"Poisoned Stab","floor":13},{"not_picked":["Die Die Die","A Thousand Cuts"],"picked":"After Image","floor":16},{"not_picked":["Prepared","Reflex"],"picked":"Cloak And Dagger+1","floor":18},{"not_picked":["Blade Dance","Underhanded Strike+1"],"picked":"Footwork","floor":28},{"not_picked":["Backflip","Distraction+1"],"picked":"Poisoned Stab","floor":29},{"not_picked":["Wraith Form v2","Flying Knee+1"],"picked":"Outmaneuver","floor":31},{"not_picked":["Unload","Grand Finale"],"picked":"Die Die Die","floor":33},{"not_picked":["Riddle With Holes","Deflect"],"picked":"Dodge and Roll+1","floor":35},{"not_picked":["Acrobatics","Dagger Spray"],"picked":"Prepared+1","floor":37},{"not_picked":["Prepared","Dodge and Roll+1"],"picked":"Deflect+1","floor":41}],"player_experience":372183,"relics_obtained":[],"event_choices":[{"event_name":"The Cleric","player_choice":"Card Removal","floor":3,"damage_taken":0},{"event_name":"Big Fish","player_choice":"Donut","floor":7,"damage_taken":0},{"event_name":"Golden Wing","player_choice":"Card Removal","floor":14,"damage_taken":0},{"event_name":"Designer","player_choice":"Upgrade 2 Random Cards","floor":19,"damage_taken":0},{"event_name":"Vampires","player_choice":"Ignored","floor":21,"damage_taken":0},{"event_name":"Match and Keep!","player_choice":"1 cards matched","floor":22,"damage_taken":0},{"event_name":"Drug Dealer","player_choice":"Became Test Subject","floor":25,"damage_taken":0},{"event_name":"Wheel of Change","player_choice":"Card Removal","floor":39,"damage_taken":0}],"is_beta":false,"boss_relics":[{"not_picked":["Empty Cage","Coffee Dripper","Orrery"]},{"not_picked":["Sozu","Tiny House","Snecko Eye"]}],"items_purged_floors":[12,20],"is_endless":false,"potions_floor_spawned":[4,5,13,18,31],"killed_by":"Maw","ascension_level":0}