{"gold_per_floor":[17,36,56,6,20,20,37,37,37,37,54,54,54,65,65,161,161,181,181,181,381,225,225,46,46,46,78,94,120,137,150,150,245,245,258,258,278,295,295,295,5,22,22,68,85,97,97,114,114,114],"floor_reached":51,"playtime":7643,"items_purged":["Strike_G","Strike_G"],"score":1178,"play_id":"f79bab4b-49d7-4d17-be6c-2bfb459c040d","local_time":"20180630195641","is_ascension_mode":true,"campfire_choices":[{"data":"Neutralize","floor":6,"key":"SMITH"},{"data":"Noxious Fumes","floor":8,"key":"SMITH"},{"data":"Caltrops","floor":13,"key":"SMITH"},{"data":"Backflip","floor":15,"key":"SMITH"},{"data":"Footwork","floor":23,"key":"SMITH"},{"data":"Malaise","floor":25,"key":"SMITH"},{"data":"Terror","floor":32,"key":"SMITH"},{"data":"Blade Dance","floor":40,"key":"SMITH"},{"data":"Burst","floor":49,"key":"SMITH"}],"neow_cost":"NO_GOLD","seed_source_timestamp":333927704524639,"circlet_count":0,"master_deck":["Defend_G","Defend_G","Defend_G+1","Survivor","Neutralize+1","Caltrops+1","All Out Attack","Cloak And Dagger+1","Backflip+1","Infinite Blades","Noxious Fumes+1","Adrenaline","Footwork+1","Malaise+1","Terror+1","Burst+1","Blade Dance+1","Heel Hook+1","Malaise+1","Expertise+1","After Image"],"relics":["Ring of the Snake","The Specimen","Coffee Dripper","Dream Catcher","Kunai","Ginger","Lizard Tail","Gambling Chip","Ornamental Fan","Blood Vial","Unceasing Top"],"potions_floor_usage":[16,18,27,30,30,37,42,50,50],"damage_taken":[{"damage":0,"enemies":"Jaw Worm","floor":1,"turns":3},{"damage":0,"enemies":"Small Slimes","floor":2,"turns":2},{"damage":0,"enemies":"2 Louse","floor":3,"turns":2},{"damage":1,"enemies":"Blue Slaver","floor":5,"turns":5},{"damage":5,"enemies":"2 Fungi Beasts","floor":7,"turns":3},{"damage":2,"enemies":"3 Louse","floor":11,"turns":3},{"damage":1,"enemies":"Blue Slaver","floor":14,"turns":3},{"damage":10,"enemies":"Hexaghost","floor":16,"turns":9},{"damage":1,"enemies":"Spheric Guardian","floor":18,"turns":4},{"damage":3,"enemies":"Gremlin Leader","floor":27,"turns":6},{"damage":10,"enemies":"Chosen","floor":28,"turns":7},{"damage":0,"enemies":"Book of Stabbing","floor":29,"turns":5},{"damage":0,"enemies":"3 Cultists","floor":30,"turns":4},{"damage":11,"enemies":"Sentry and Sphere","floor":31,"turns":5},{"damage":4,"enemies":"Champ","floor":33,"turns":18},{"damage":0,"enemies":"Flame Bruiser 1 Orb","floor":35,"turns":6},{"damage":0,"floor":36,"turns":8},{"damage":1,"enemies":"3 Darklings","floor":37,"turns":4},{"damage":0,"enemies":"Maw","floor":38,"turns":7},{"damage":1,"enemies":"Flame Bruiser 2 Orb","floor":42,"turns":5},{"damage":0,"floor":44,"turns":5},{"damage":56,"enemies":"4 Shapes","floor":45,"turns":7},{"damage":0,"enemies":"Transient","floor":46,"turns":5},{"damage":0,"enemies":"Spire Growth","floor":48,"turns":5},{"damage":9,"enemies":"Awakened One","floor":50,"turns":16}],"seed_played":"-3087775323846376609","potions_obtained":[{"floor":2,"key":"Weak Potion"},{"floor":3,"key":"Dexterity Potion"},{"floor":11,"key":"EssenceOfSteel"},{"floor":18,"key":"Fire Potion"},{"floor":27,"key":"Weak Potion"},{"floor":35,"key":"Swift Potion"},{"floor":37,"key":"SpeedPotion"},{"floor":42,"key":"Dexterity Potion"},{"floor":46,"key":"Dexterity Potion"},{"floor":48,"key":"GhostInAJar"}],"is_trial":false,"path_per_floor":["M","M","M","?","M","R","M","R","T","?","M","?","R","M","R","B",null,"M","?","?","?","$","R","$","R","T","E","M","E","M","M","R","B",null,"M","?","M","M","?","R","$","M","T","?","M","M","?","M","R","B"],"character_chosen":"THE_SILENT","items_purchased":["Footwork","Malaise","Ornamental Fan","AttackPotion"],"campfire_rested":0,"item_purchase_floors":[22,24,41,41],"current_hp_per_floor":[63,63,63,63,62,62,57,57,57,43,41,41,41,40,40,30,60,59,59,59,59,59,59,59,59,59,56,46,46,46,35,35,31,60,60,60,59,59,59,59,59,58,58,60,6,8,61,61,61,52],"gold":114,"neow_bonus":"TRANSFORM_TWO_CARDS","is_prod":false,"is_daily":false,"chose_seed":false,"campfire_upgraded":9,"win_rate":0,"timestamp":1530406601,"path_taken":["M","M","M","?","M","R","M","R","T","?","M","?","R","M","R","BOSS","M","?","?","?","?","R","$","R","T","E","M","E","M","M","R","BOSS","M","?","M","M","?","R","$","M","T","?","M","M","?","?","R","BOSS"],"build_version":"2018-06-29","purchased_purges":2,"victory":true,"max_hp_per_floor":[70,70,70,70,70,70,70,70,70,70,70,70,70,70,70,70,70,70,70,70,70,70,70,70,70,70,70,70,70,70,70,70,70,70,70,70,70,70,70,70,70,70,70,70,70,70,61,61,61,61],"card_choices":[{"not_picked":["Sucker Punch","Blade Dance"],"picked":"Cloak And Dagger","floor":1},{"not_picked":["Poisoned Stab","Flying Knee"],"picked":"Backflip","floor":2},{"not_picked":["Finisher","Dodge and Roll","Sucker Punch"],"picked":"SKIP","floor":3},{"not_picked":["Underhanded Strike","Poisoned Stab"],"picked":"Infinite Blades","floor":5},{"not_picked":["Bane","Blur"],"picked":"Noxious Fumes","floor":7},{"not_picked":["Deflect","Blade Dance","Dagger Throw"],"picked":"SKIP","floor":11},{"not_picked":["Doppelganger","Quick Slash","Deflect"],"picked":"SKIP","floor":14},{"not_picked":["Burst","Night Terror"],"picked":"Adrenaline","floor":16},{"not_picked":["Eviscerate+1","Dodge and Roll+1","Outmaneuver+1"],"picked":"SKIP","floor":18},{"not_picked":["Dodge and Roll+1","Choke"],"picked":"Terror","floor":27},{"not_picked":["Prepared","Quick Slash","Acrobatics"],"picked":"SKIP","floor":28},{"not_picked":["Predator","Flying Knee","Wraith Form v2"],"picked":"SKIP","floor":29},{"not_picked":["Riddle With Holes","Slice","Quick Slash"],"picked":"SKIP","floor":30},{"not_picked":["Deadly Poison+1","Outmaneuver","Backflip"],"picked":"SKIP","floor":31},{"not_picked":["Grand Finale","Unload"],"picked":"Burst","floor":33},{"not_picked":["Underhanded Strike+1","Dagger Spray+1","Riddle With Holes"],"picked":"SKIP","floor":35},{"not_picked":["Deadly Poison","Flying Knee+1"],"picked":"Blade Dance","floor":36},{"not_picked":["Flying Knee+1","PiercingWail"],"picked":"Heel Hook+1","floor":37},{"not_picked":["PiercingWail+1","Poisoned Stab+1","Underhanded Strike"],"picked":"SKIP","floor":38},{"not_picked":["Cloak And Dagger+1","Predator+1","Dodge and Roll"],"picked":"SKIP","floor":42},{"not_picked":["Infinite Blades","Setup+1"],"picked":"Malaise+1","floor":44},{"not_picked":["Outmaneuver","Flying Knee+1","Endless Agony+1"],"picked":"SKIP","floor":45},{"not_picked":["Prepared","Slice+1"],"picked":"Expertise+1","floor":46},{"not_picked":["Deadly Poison","Cloak And Dagger"],"picked":"After Image","floor":48}],"player_experience":218719,"relics_obtained":[{"floor":9,"key":"The Specimen"},{"floor":26,"key":"Dream Catcher"},{"floor":27,"key":"Kunai"},{"floor":29,"key":"Ginger"},{"floor":36,"key":"Gambling Chip"},{"floor":43,"key":"Blood Vial"},{"floor":44,"key":"Unceasing Top"}],"event_choices":[{"event_name":"The Cleric","player_choice":"Card Removal","floor":4,"damage_taken":0},{"event_name":"Shining Light","player_choice":"Entered Light","floor":10,"damage_taken":0},{"event_name":"Living Wall","player_choice":"Forget","floor":12,"damage_taken":0},{"event_name":"Ghosts","player_choice":"Ignored","floor":19,"damage_taken":0},{"event_name":"Back to Basics","player_choice":"Elegance","floor":20,"damage_taken":0},{"event_name":"The Joust","player_choice":"Bet on Owner","floor":21,"damage_taken":0},{"event_name":"MindBloom","player_choice":"Fight","floor":36,"damage_taken":0},{"event_name":"Tomb of Lord Red Mask","player_choice":"Ignored","floor":39,"damage_taken":0},{"event_name":"Mysterious Sphere","player_choice":"Fight","floor":44,"damage_taken":0},{"event_name":"The Moai Head","player_choice":"Heal","floor":47,"damage_taken":0}],"boss_relics":[{"not_picked":["Tiny House","Pandora\u0027s Box"],"picked":"Coffee Dripper"},{"not_picked":["Eternal Feather","Cursed Key"],"picked":"Lizard Tail"}],"items_purged_floors":[22,24],"is_endless":false,"potions_floor_spawned":[2,3,11,18,27,35,37,42,46,48],"ascension_level":6}