{"path_per_floor":["M","?","?","?","M","E","$","E","T","$","R","M","M","?","R","B",null,"M","?","?","$","M","R"],"character_chosen":"IRONCLAD","items_purchased":["Armaments","Feel No Pain","Shrug It Off","Body Slam","Panacea"],"gold_per_floor":[119,119,119,119,137,169,39,64,91,41,41,53,67,67,67,167,167,187,187,187,60,80,80,80],"floor_reached":24,"campfire_rested":2,"playtime":1200,"item_purchase_floors":[7,7,10,21,21],"current_hp_per_floor":[80,68,61,45,51,57,57,10,10,10,34,37,45,45,69,41,82,84,84,84,84,65,65,0],"items_purged":[],"gold":80,"score":261,"play_id":"0a782db9-8e84-4a77-a6b3-0e97c479c658","local_time":"20180612185946","is_prod":false,"is_daily":false,"chose_seed":false,"is_ascension_mode":true,"campfire_upgraded":1,"win_rate":0,"timestamp":1528844386,"campfire_choices":[{"floor":11,"key":"REST"},{"floor":15,"key":"REST"},{"data":"Juggernaut","floor":23,"key":"SMITH"}],"path_taken":["M","?","?","?","M","E","$","E","T","$","R","?","M","?","R","BOSS","M","?","?","?","M","R","E"],"build_version":"2018-06-07v3","seed_source_timestamp":517506387706491,"purchased_purges":0,"victory":false,"master_deck":["Strike_R","Strike_R","Strike_R","Strike_R","Defend_R+1","Defend_R","Defend_R","Defend_R","Bash+1","Armaments","Heavy Blade","Juggernaut+1","Armaments","Feel No Pain","Rage","Shrug It Off","Whirlwind","Demon Form","Body Slam","Panacea","Ghostly Armor"],"max_hp_per_floor":[80,80,80,80,80,80,80,80,80,80,80,80,82,82,82,82,82,84,84,84,84,84,84,84],"relics":["Burning Blood","NeowsBlessing","Singing Bowl","Potion Belt","Bottled Lightning","Bronze Scales","Velvet Choker","Centennial Puzzle"],"card_choices":[{"not_picked":["Spot Weakness","Twin Strike"],"picked":"Armaments","floor":1},{"not_picked":["Perfected Strike","Clash"],"picked":"Heavy Blade","floor":5},{"not_picked":["Perfected Strike","Warcry"],"picked":"Juggernaut","floor":6},{"not_picked":["Sentinel","Havoc"],"picked":"Rage","floor":8},{"not_picked":["Rampage","Infernal Blade"],"picked":"Whirlwind","floor":12},{"not_picked":["Clash","Perfected Strike","Sword Boomerang"],"picked":"Singing Bowl","floor":13},{"not_picked":["Feed","Exhume"],"picked":"Demon Form","floor":16},{"not_picked":["Pommel Strike+1","Spot Weakness","Hemokinesis"],"picked":"Singing Bowl","floor":18},{"not_picked":["Havoc","Wild Strike"],"picked":"Ghostly Armor","floor":22}],"player_experience":505787,"potions_floor_usage":[8,16,24],"damage_taken":[{"damage":0,"enemies":"Jaw Worm","floor":1,"turns":1},{"damage":0,"enemies":"2 Louse","floor":5,"turns":1},{"damage":0,"enemies":"Gremlin Nob","floor":6,"turns":1},{"damage":53,"enemies":"Lagavulin","floor":8,"turns":8},{"damage":3,"enemies":"Small Slimes","floor":12,"turns":4},{"damage":0,"enemies":"2 Fungi Beasts","floor":13,"turns":4},{"damage":34,"enemies":"The Guardian","floor":16,"turns":15},{"damage":0,"enemies":"3 Byrds","floor":18,"turns":5},{"damage":25,"enemies":"Chosen","floor":22,"turns":5},{"damage":67,"enemies":"Gremlin Leader","floor":24,"turns":9}],"relics_obtained":[{"floor":6,"key":"Potion Belt"},{"floor":8,"key":"Bottled Lightning"},{"floor":9,"key":"Bronze Scales"}],"event_choices":[{"event_name":"Scrap Ooze","player_choice":"success","floor":2,"damage_taken":12},{"event_name":"Golden Wing","player_choice":"Card Removal","floor":3,"damage_taken":0},{"event_name":"Shining Light","player_choice":"Entered Light","floor":4,"damage_taken":0},{"event_name":"Liars Game","player_choice":"disagreed","floor":14,"damage_taken":0},{"event_name":"Wheel of Change","player_choice":"Relic","floor":19,"damage_taken":0},{"event_name":"Vampires","player_choice":"Ignored","floor":20,"damage_taken":0}],"boss_relics":[{"not_picked":["White Beast Statue","Busted Crown"],"picked":"Velvet Choker"}],"items_purged_floors":[],"potions_floor_spawned":[6,13,16,22],"seed_played":"-400942885142532957","killed_by":"Gremlin Leader","ascension_level":3,"potions_obtained":[{"floor":6,"key":"Weak Potion"},{"floor":13,"key":"Strength Potion"},{"floor":16,"key":"AttackPotion"},{"floor":22,"key":"Dexterity Potion"}],"is_trial":false}