{"gold_per_floor":[212,235,11,21,32,32,32,32,111,131,145,178,178,194,194,291,291,305,305,338,338],"floor_reached":21,"playtime":937,"items_purged":[],"score":242,"play_id":"93bfd8ad-059e-40bb-a79c-1405816621f1","local_time":"20180720111124","is_ascension_mode":true,"campfire_choices":[{"data":"Apotheosis","floor":6.0,"key":"SMITH"},{"data":"Spot Weakness","floor":8.0,"key":"SMITH"},{"floor":13.0,"key":"REST"},{"floor":15.0,"key":"DIG"}],"neow_cost":"NONE","seed_source_timestamp":562916043019462,"circlet_count":0,"master_deck":["Strike_R","Strike_R","Strike_R","Strike_R","Defend_R","Defend_R","Defend_R","Defend_R","Bash","Spot Weakness+1","Apotheosis+1","True Grit","Shrug It Off","Burning Pact","Heavy Blade+1","Immolate+1","Evolve","Headbutt+1","Heavy Blade+1","Limit Break","Spot Weakness","Heavy Blade+1","Thunderclap+1"],"special_seed":0,"relics":["Black Blood","Dream Catcher","Molten Egg 2","Shovel","Prayer Wheel","Red Mask"],"potions_floor_usage":[20,20],"damage_taken":[{"damage":6.0,"enemies":"Cultist","floor":1.0,"turns":4.0},{"damage":1.0,"enemies":"2 Louse","floor":4.0,"turns":4.0},{"damage":4.0,"enemies":"Jaw Worm","floor":5.0,"turns":4.0},{"damage":18.0,"enemies":"Lots of Slimes","floor":10.0,"turns":3.0},{"damage":12.0,"enemies":"Gremlin Gang","floor":11.0,"turns":6.0},{"damage":39.0,"enemies":"Lagavulin","floor":12.0,"turns":8.0},{"damage":0.0,"enemies":"3 Louse","floor":14.0,"turns":3.0},{"damage":40.0,"enemies":"Hexaghost","floor":16.0,"turns":8.0},{"damage":36.0,"enemies":"2 Thieves","floor":18.0,"turns":3.0},{"damage":11,"floor":20,"turns":3},{"damage":50,"enemies":"Chosen","floor":21,"turns":6}],"seed_played":"-1657438608125826057","potions_obtained":[{"floor":4.0,"key":"EntropicBrew"},{"floor":5.0,"key":"GamblersBrew"},{"floor":10.0,"key":"Block Potion"},{"floor":11.0,"key":"Swift Potion"},{"floor":18.0,"key":"SteroidPotion"}],"is_trial":false,"path_per_floor":["M","T","$","M","M","R","?","R","T","M","M","E","R","M","R","B",null,"M","?","?"],"character_chosen":"IRONCLAD","items_purchased":["Apotheosis","True Grit"],"campfire_rested":1,"item_purchase_floors":[3,3],"current_hp_per_floor":[72,72,72,77,79,79,79,79,79,67,61,28,52,58,58,24,66,40,40,39,0],"gold":338,"neow_bonus":"HUNDRED_GOLD","is_prod":false,"is_daily":false,"chose_seed":false,"campfire_upgraded":2,"win_rate":0,"timestamp":1532099484,"path_taken":["M","?","$","M","?","R","?","R","T","M","M","E","R","M","R","BOSS","M","?","?","M"],"build_version":"2018-07-12","purchased_purges":0,"victory":false,"max_hp_per_floor":[80,80,80,80,80,80,80,80,80,80,80,80,80,80,80,80,80,80,80,80,80],"card_choices":[{"not_picked":["Iron Wave","Burning Pact"],"picked":"Spot Weakness","floor":1.0},{"not_picked":["Anger","Rupture"],"picked":"Shrug It Off","floor":4.0},{"not_picked":["Anger","Ghostly Armor"],"picked":"Burning Pact","floor":5.0},{"not_picked":["Fire Breathing","Flame Barrier"],"picked":"Heavy Blade+1","floor":10.0},{"not_picked":["Perfected Strike+1","Havoc"],"picked":"Immolate+1","floor":11.0},{"not_picked":["Clash+1","Sword Boomerang+1"],"picked":"Evolve","floor":12.0},{"not_picked":["True Grit","Thunderclap+1"],"picked":"Headbutt+1","floor":13.0},{"not_picked":["Body Slam+1","Carnage+1"],"picked":"Heavy Blade+1","floor":14.0},{"not_picked":["Barricade","Reaper+1"],"picked":"Limit Break","floor":16.0},{"not_picked":["Wild Strike+1","Evolve"],"picked":"Spot Weakness","floor":18.0},{"not_picked":["Rampage+1","Entrench+1","Warcry"],"picked":"SKIP","floor":18.0},{"not_picked":["Body Slam+1","Perfected Strike+1"],"picked":"Thunderclap+1","floor":20}],"player_experience":1185257,"relics_obtained":[{"floor":2.0,"key":"Dream Catcher"},{"floor":9.0,"key":"Molten Egg 2"},{"floor":12.0,"key":"Shovel"},{"floor":15.0,"key":"Prayer Wheel"},{"floor":20,"key":"Red Mask"}],"event_choices":[{"event_name":"Purifier","player_choice":"One Purge","floor":7.0,"damage_taken":0.0},{"event_name":"Duplicator","player_choice":"One dupe","floor":19.0,"damage_taken":0.0},{"event_name":"Masked Bandits","player_choice":"Fought over 305 gold","floor":20,"damage_taken":0}],"boss_relics":[{"not_picked":["Tiny House","Eternal Feather"],"picked":"Black Blood"}],"items_purged_floors":[],"is_endless":false,"potions_floor_spawned":[4,5,10,11,18],"killed_by":"Chosen","ascension_level":7}