{"gold_per_floor":[116,191,13,23,43,57,57,73,73,73,103,114,130,130,130,231,231,249,267,267,283,298,298,310,310,337,337,337,337,54,73,73,176,176,190,190,207,26,26,26,39,39,39,54,54,65,76,92,92,92],"floor_reached":50,"playtime":2367,"items_purged":[],"score":450,"play_id":"ef8c8787-1c77-40da-8c8d-0b10b3edc2ae","local_time":"20190107135746","is_ascension_mode":false,"campfire_choices":[{"data":"True Grit","floor":7.0,"key":"SMITH"},{"floor":15.0,"key":"REST"},{"data":"Uppercut","floor":25.0,"key":"SMITH"},{"data":"Juggernaut","floor":27.0,"key":"SMITH"},{"floor":29.0,"key":"REST"},{"floor":32.0,"key":"REST"},{"floor":40.0,"key":"RECALL"},{"data":"Mayhem","floor":42.0,"key":"SMITH"},{"floor":45.0,"key":"REST"},{"floor":49.0,"key":"REST"}],"neow_cost":"NONE","seed_source_timestamp":283097912539823,"circlet_count":0,"master_deck":["Bash+1","True Grit+1","Mayhem+1","Disarm","Feel No Pain","Bludgeon+1","Metallicize","Pommel Strike","Battle Trance","Demon Form","Dual Wield","Pommel Strike","Blood for Blood","Second Wind","Brutality","Immolate","Reaper","Burning Pact","Uppercut+1","Feel No Pain","Disarm","Juggernaut+1","Shrug It Off","Juggernaut","Rage+1","Mayhem+1","Shrug It Off+1","Parasite","Shrug It Off"],"special_seed":0,"relics":["Burning Blood","Meat on the Bone","Gremlin Horn","Pandora\u0027s Box","Anchor","Bottled Lightning","Sozu"],"potions_floor_usage":[50],"damage_taken":[{"damage":8.0,"enemies":"Jaw Worm","floor":1.0,"turns":3.0},{"damage":0.0,"enemies":"2 Louse","floor":4.0,"turns":3.0},{"damage":1.0,"enemies":"Small Slimes","floor":5.0,"turns":4.0},{"damage":21.0,"enemies":"2 Fungi Beasts","floor":6.0,"turns":5.0},{"damage":15.0,"enemies":"Blue Slaver","floor":8.0,"turns":3.0},{"damage":7.0,"enemies":"3 Sentries","floor":11.0,"turns":6.0},{"damage":0.0,"enemies":"Large Slime","floor":12.0,"turns":6.0},{"damage":6.0,"enemies":"3 Louse","floor":13.0,"turns":5.0},{"damage":24.0,"enemies":"Slime Boss","floor":16.0,"turns":6.0},{"damage":15.0,"enemies":"Chosen","floor":18.0,"turns":7.0},{"damage":10.0,"enemies":"Spheric Guardian","floor":19.0,"turns":3.0},{"damage":40.0,"enemies":"Shelled Parasite and Fungi","floor":21.0,"turns":4.0},{"damage":14.0,"enemies":"Cultist and Chosen","floor":22.0,"turns":6.0},{"damage":18.0,"enemies":"Snecko","floor":24.0,"turns":4.0},{"damage":66.0,"enemies":"3 Cultists","floor":31.0,"turns":5.0},{"damage":47.0,"enemies":"Champ","floor":33.0,"turns":13.0},{"damage":31.0,"enemies":"3 Darklings","floor":35.0,"turns":5.0},{"damage":0.0,"enemies":"3 Shapes","floor":37.0,"turns":4.0},{"damage":18.0,"enemies":"Jaw Worm Horde","floor":41.0,"turns":5.0},{"damage":19.0,"enemies":"Sphere and 2 Shapes","floor":44.0,"turns":5.0},{"damage":26.0,"enemies":"Writhing Mass","floor":46.0,"turns":6.0},{"damage":34.0,"enemies":"4 Shapes","floor":47.0,"turns":5.0},{"damage":27.0,"enemies":"Spire Growth","floor":48.0,"turns":5.0},{"damage":73,"enemies":"Time Eater","floor":50,"turns":9}],"seed_played":"-7560725380375101029","potions_obtained":[{"floor":4.0,"key":"PowerPotion"},{"floor":5.0,"key":"Dexterity Potion"},{"floor":6.0,"key":"Fire Potion"},{"floor":13.0,"key":"Dexterity Potion"},{"floor":18.0,"key":"GamblersBrew"},{"floor":19.0,"key":"Ancient Potion"},{"floor":24.0,"key":"Swift Potion"}],"is_trial":false,"path_per_floor":["M","?","$","M","M","M","R","M","T","?","E","M","M","?","R","B",null,"M","M","?","M","M","?","M","R","T","R","?","R","$","M","R","B",null,"M","?","M","$","?","R","M","R","T","M","R","M","M","M","R","B"],"character_chosen":"IRONCLAD","items_purchased":["Mayhem","Bottled Lightning","Shrug It Off","Mayhem"],"campfire_rested":5,"item_purchase_floors":[3,30,30,38],"current_hp_per_floor":[78,67,67,73,78,63,63,54,54,54,53,59,59,43,67,49,80,71,67,67,45,53,53,53,53,53,53,38,63,63,27,52,27,85,60,60,66,66,66,66,63,63,63,50,75,59,43,38,63,0],"gold":92,"neow_bonus":"UPGRADE_CARD","is_prod":false,"is_daily":false,"chose_seed":false,"campfire_upgraded":4,"win_rate":0,"timestamp":1546887466,"path_taken":["M","?","$","M","M","M","R","M","T","?","E","M","M","?","R","BOSS","M","M","?","M","M","?","M","R","T","R","?","R","?","M","R","BOSS","M","?","M","$","?","R","M","R","T","M","R","M","M","M","R","BOSS"],"build_version":"2019-01-03v4","purchased_purges":0,"victory":false,"max_hp_per_floor":[80,80,80,80,80,80,80,80,80,80,80,80,80,80,80,80,80,80,80,80,80,80,80,80,80,80,80,85,85,85,85,85,85,85,85,85,85,85,85,85,85,85,85,85,85,85,85,85,85,85],"card_choices":[{"not_picked":["Perfected Strike","Fire Breathing"],"picked":"True Grit","floor":1.0},{"not_picked":["Warcry","Sword Boomerang"],"picked":"Disarm","floor":4.0},{"not_picked":["Clothesline","Cleave"],"picked":"Feel No Pain","floor":5.0},{"not_picked":["Sword Boomerang","Bloodletting"],"picked":"Bludgeon","floor":6.0},{"not_picked":["Rupture","Sword Boomerang"],"picked":"Metallicize","floor":8.0},{"not_picked":["Anger","Clash"],"picked":"Pommel Strike","floor":11.0},{"not_picked":["Anger","Blood for Blood"],"picked":"Battle Trance","floor":12.0},{"not_picked":["Reckless Charge","Body Slam"],"picked":"Demon Form","floor":13.0},{"not_picked":["Dark Embrace","Limit Break"],"picked":"Barricade","floor":16.0},{"not_picked":["Pommel Strike","Cleave"],"picked":"Uppercut","floor":18.0},{"not_picked":["Sever Soul","Clothesline+1"],"picked":"Feel No Pain","floor":19.0},{"not_picked":["Heavy Blade","Battle Trance+1"],"picked":"Disarm","floor":21.0},{"not_picked":["Clothesline","Pommel Strike","Iron Wave"],"picked":"SKIP","floor":22.0},{"not_picked":["Havoc+1","Flex"],"picked":"Juggernaut","floor":24.0},{"not_picked":["Clash","Warcry","Headbutt"],"picked":"SKIP","floor":31.0},{"not_picked":["Immolate","Berserk"],"picked":"Juggernaut","floor":33.0},{"not_picked":["Flex+1","Clothesline","Combust+1"],"picked":"SKIP","floor":35.0},{"not_picked":["Battle Trance","True Grit"],"picked":"Rage+1","floor":37.0},{"not_picked":["Wild Strike+1","Anger"],"picked":"Shrug It Off+1","floor":41.0},{"not_picked":["Thunderclap","True Grit","Havoc"],"picked":"SKIP","floor":44.0},{"not_picked":["Thunderclap","Cleave+1"],"picked":"Shrug It Off","floor":46.0},{"not_picked":["Twin Strike","Reckless Charge","Iron Wave"],"picked":"SKIP","floor":47.0},{"not_picked":["Power Through+1","Infernal Blade","Limit Break"],"picked":"SKIP","floor":48.0}],"player_experience":2035360,"relics_obtained":[{"floor":9.0,"key":"Meat on the Bone"},{"floor":11.0,"key":"Gremlin Horn"},{"floor":26.0,"key":"Anchor"}],"event_choices":[{"damage_healed":0.0,"max_hp_gain":0.0,"max_hp_loss":0.0,"gold_gain":75.0,"event_name":"World of Goop","player_choice":"Gather Gold","floor":2.0,"gold_loss":0.0,"damage_taken":11.0},{"damage_healed":0.0,"max_hp_gain":0.0,"max_hp_loss":0.0,"gold_gain":0.0,"event_name":"Living Wall","player_choice":"Grow","floor":10.0,"gold_loss":0.0,"damage_taken":0.0,"cards_upgraded":["Bludgeon"]},{"damage_healed":0.0,"max_hp_gain":0.0,"max_hp_loss":0.0,"gold_gain":0.0,"event_name":"Shining Light","player_choice":"Entered Light","floor":14.0,"gold_loss":0.0,"damage_taken":16.0,"cards_upgraded":["Mayhem","Strike_R"]},{"cards_removed":["Dual Wield"],"damage_healed":0.0,"max_hp_gain":0.0,"max_hp_loss":0.0,"gold_gain":0.0,"event_name":"Back to Basics","player_choice":"Elegance","floor":20.0,"gold_loss":0.0,"damage_taken":0.0},{"damage_healed":0.0,"max_hp_gain":0.0,"max_hp_loss":0.0,"gold_gain":0.0,"event_name":"Ghosts","player_choice":"Ignored","floor":23.0,"gold_loss":0.0,"damage_taken":0.0},{"damage_healed":0.0,"max_hp_gain":5.0,"max_hp_loss":0.0,"gold_gain":0.0,"event_name":"Forgotten Altar","player_choice":"Shed Blood","floor":28.0,"gold_loss":0.0,"damage_taken":20.0},{"damage_healed":0.0,"max_hp_gain":0.0,"max_hp_loss":0.0,"gold_gain":0.0,"event_name":"Tomb of Lord Red Mask","player_choice":"Ignored","floor":36.0,"gold_loss":0.0,"damage_taken":0.0},{"cards_removed":["Barricade"],"damage_healed":0.0,"max_hp_gain":0.0,"max_hp_loss":0.0,"gold_gain":0.0,"event_name":"Falling","player_choice":"Removed Power","floor":39.0,"gold_loss":0.0,"damage_taken":0.0}],"is_beta":false,"boss_relics":[{"not_picked":["Snecko Eye","Tiny House"],"picked":"Pandora\u0027s Box"},{"not_picked":["Velvet Choker","Astrolabe"],"picked":"Sozu"}],"items_purged_floors":[],"is_endless":false,"potions_floor_spawned":[4,5,6,13,18,19,24,44,46,47],"killed_by":"Time Eater","ascension_level":0}