{"path_per_floor":["M","?","?","M","?","R","E","M","T","M","R","M","$","?","R","B",null,"M","M","T","M","$","R","M","R","T"],"character_chosen":"DEFECT","items_purchased":["Letter Opener","Stack","Leap+1"],"gold_per_floor":[117,117,192,202,202,202,228,239,266,283,283,302,9,9,9,112,112,129,114,114,125,26,26,42,42,42,42],"floor_reached":27,"campfire_rested":5,"playtime":1654,"item_purchase_floors":[13,13,22],"current_hp_per_floor":[68,73,62,62,62,80,46,40,40,23,47,47,47,47,71,69,80,51,28,28,3,3,27,5,29,29,0],"items_purged":["Strike_B"],"gold":42,"score":245,"play_id":"45a62ad8-f4c0-47d7-ab8d-99a76880b989","local_time":"20180608110445","is_prod":false,"is_daily":false,"chose_seed":false,"is_ascension_mode":true,"campfire_upgraded":0,"win_rate":0,"timestamp":1528470285,"campfire_choices":[{"floor":6,"key":"REST"},{"floor":11,"key":"REST"},{"floor":15,"key":"REST"},{"floor":23,"key":"REST"},{"floor":25,"key":"REST"}],"path_taken":["M","?","?","M","?","R","E","M","T","M","R","?","$","?","R","BOSS","M","M","?","?","$","R","M","R","T","E"],"build_version":"2018-06-07","seed_source_timestamp":143011149289934,"purchased_purges":1,"victory":false,"master_deck":["Strike_B","Strike_B","Defend_B","Defend_B","Defend_B","Defend_B","Zap","Dualcast","Seek","Leap","Coolheaded","Blizzard","Madness","Hello World","Gash","Aggregate","Glacier","Stack","Melter","Machine Learning","Loop","Reinforced Body","Coolheaded+1","Leap+1","Redo+1"],"max_hp_per_floor":[75,80,80,80,80,80,80,80,80,80,80,80,80,80,80,80,80,80,80,80,80,80,80,80,80,80,80],"relics":["Cracked Core","Pen Nib","Anchor","Letter Opener","Lizard Tail","Toxic Egg 2","Dead Branch"],"card_choices":[{"not_picked":["Hologram","Barrage"],"picked":"Leap","floor":1},{"not_picked":["Go for the Eyes","Leap"],"picked":"Coolheaded","floor":4},{"not_picked":["BootSequence","Beam Cell"],"picked":"Hello World","floor":7},{"not_picked":["Stack","Steam"],"picked":"Gash","floor":8},{"not_picked":["Barrage","Streamline"],"picked":"Aggregate","floor":10},{"not_picked":["Consume","Steam"],"picked":"Glacier","floor":12},{"not_picked":["Rainbow","All For One"],"picked":"Machine Learning","floor":16},{"not_picked":["Barrage","Steam+1"],"picked":"Loop","floor":18},{"not_picked":["Hologram","White Noise"],"picked":"Reinforced Body","floor":19},{"not_picked":["Streamline","Beam Cell"],"picked":"Coolheaded+1","floor":21},{"not_picked":["Turbo+1","Hologram+1"],"picked":"Redo+1","floor":24}],"player_experience":412929,"potions_floor_usage":[7],"damage_taken":[{"damage":7,"enemies":"2 Louse","floor":1,"turns":3},{"damage":0,"enemies":"Jaw Worm","floor":4,"turns":4},{"damage":34,"enemies":"Gremlin Nob","floor":7,"turns":5},{"damage":6,"enemies":"Small Slimes","floor":8,"turns":4},{"damage":17,"enemies":"Exordium Thugs","floor":10,"turns":5},{"damage":0,"enemies":"3 Louse","floor":12,"turns":3},{"damage":2,"enemies":"Slime Boss","floor":16,"turns":9},{"damage":29,"enemies":"Chosen","floor":18,"turns":7},{"damage":23,"enemies":"2 Thieves","floor":19,"turns":4},{"damage":25,"enemies":"Sentry and Sphere","floor":21,"turns":5},{"damage":22,"enemies":"Snecko","floor":24,"turns":8},{"damage":79,"enemies":"Book of Stabbing","floor":27,"turns":10}],"relics_obtained":[{"floor":7,"key":"Pen Nib"},{"floor":9,"key":"Anchor"},{"floor":20,"key":"Toxic Egg 2"},{"floor":26,"key":"Dead Branch"}],"event_choices":[{"event_name":"Big Fish","player_choice":"Donut","floor":2,"damage_taken":0},{"event_name":"World of Goop","player_choice":"Gather Gold","floor":3,"damage_taken":0},{"event_name":"Match and Keep!","player_choice":"2 cards matched","floor":5,"damage_taken":0},{"event_name":"Transmorgrifier","player_choice":"Transform","floor":14,"damage_taken":0}],"boss_relics":[{"not_picked":["Eternal Feather","Tiny House"],"picked":"Lizard Tail"}],"items_purged_floors":[22],"potions_floor_spawned":[4,12,21],"seed_played":"7752093407740086922","killed_by":"Book of Stabbing","ascension_level":3,"potions_obtained":[{"floor":4,"key":"EssenceOfSteel"},{"floor":12,"key":"GamblersBrew"},{"floor":21,"key":"Ancient Potion"}],"is_trial":false}