{"gold_per_floor":[111,111,111,124,140,140,72,72,72,84,9,19,34,34,34,136,136,152,52,67,166,181,181,196,286,362,375,394,10,25,100,100,197,197,217,217,197,197],"floor_reached":38,"playtime":881,"items_purged":["Defend_R","Strike_R","Strike_R"],"score":368,"play_id":"599a3d89-412a-44fa-9235-99af07d81750","local_time":"20180704193113","is_ascension_mode":false,"campfire_choices":[{"data":"Bash","floor":6,"key":"SMITH"},{"data":"Whirlwind","floor":8,"key":"SMITH"},{"data":"Seeing Red","floor":15,"key":"SMITH"},{"floor":23,"key":"REST"},{"floor":32,"key":"REST"}],"neow_cost":"FIFTY_PERCENT_DAMAGE","seed_source_timestamp":169909656027046,"circlet_count":0,"master_deck":["Strike_R","Strike_R","Defend_R","Defend_R","Defend_R","Bash+1","Cleave+1","Whirlwind+1","Seeing Red+1","Offering","Flex","Thunderclap","Double Tap"],"relics":["Burning Blood","Magic Flower","Pear","Lizard Tail","The Courier","Boot","Empty Cage"],"potions_floor_usage":[12,16,22,24,27,33,33,35,38],"damage_taken":[{"damage":0,"enemies":"Small Slimes","floor":1,"turns":3},{"damage":1,"enemies":"Cultist","floor":4,"turns":3},{"damage":8,"enemies":"Jaw Worm","floor":5,"turns":3},{"damage":0,"enemies":"3 Louse","floor":10,"turns":1},{"damage":9,"enemies":"Blue Slaver","floor":12,"turns":3},{"damage":0,"enemies":"Lots of Slimes","floor":13,"turns":1},{"damage":60,"enemies":"Hexaghost","floor":16,"turns":7},{"damage":0,"enemies":"3 Byrds","floor":18,"turns":3},{"damage":34,"enemies":"Spheric Guardian","floor":20,"turns":4},{"damage":25,"enemies":"Snake Plant","floor":22,"turns":3},{"damage":27,"enemies":"Snecko","floor":24,"turns":5},{"damage":24,"enemies":"Slaver and Parasite","floor":27,"turns":3},{"damage":6,"enemies":"Centurion and Healer","floor":28,"turns":3},{"damage":4,"enemies":"3 Cultists","floor":30,"turns":1},{"damage":118,"enemies":"Automaton","floor":33,"turns":9},{"damage":12,"enemies":"3 Shapes","floor":35,"turns":3},{"damage":39,"enemies":"3 Darklings","floor":38,"turns":3}],"seed_played":"-7886118764310041630","potions_obtained":[{"floor":5,"key":"BloodPotion"},{"floor":13,"key":"Strength Potion"},{"floor":20,"key":"Poison Potion"},{"floor":22,"key":"PowerPotion"},{"floor":27,"key":"SpeedPotion"},{"floor":33,"key":"Poison Potion"},{"floor":35,"key":"SkillPotion"},{"floor":37,"key":"SteroidPotion"}],"is_trial":false,"path_per_floor":["M","?","?","M","M","R","$","R","T","M","$","M","M","$","R","B",null,"M","$","M","?","M","R","M","?","T","M","M","$","M","?","R","B",null,"M","?","?"],"character_chosen":"IRONCLAD","items_purchased":["Whirlwind","BloodPotion","Regen Potion","Thunderclap","Boot"],"campfire_rested":2,"item_purchase_floors":[7,29,29,29,29],"current_hp_per_floor":[49,49,49,57,58,58,58,58,68,77,77,90,90,90,90,39,90,90,90,65,65,49,76,58,31,31,16,19,19,24,15,42,53,90,87,87,87,48],"gold":197,"neow_bonus":"ONE_RARE_RELIC","is_prod":false,"is_daily":false,"chose_seed":false,"campfire_upgraded":3,"win_rate":0,"timestamp":1530750673,"path_taken":["M","?","?","M","M","R","$","R","T","M","?","?","M","$","R","BOSS","M","$","M","?","?","R","M","?","T","M","M","?","M","?","R","BOSS","M","?","?","M"],"build_version":"2018-07-03","purchased_purges":3,"victory":false,"max_hp_per_floor":[80,80,80,80,80,80,80,80,90,90,90,90,90,90,90,90,90,90,90,90,90,90,90,90,90,90,90,90,90,90,90,90,90,90,90,90,90,90],"card_choices":[{"not_picked":["Clothesline","Twin Strike"],"picked":"Cleave","floor":1},{"not_picked":["Wild Strike","Clash"],"picked":"Spot Weakness","floor":4},{"not_picked":["Anger","Iron Wave","Pommel Strike"],"picked":"SKIP","floor":5},{"not_picked":["Sentinel","Wild Strike","Blood for Blood"],"picked":"SKIP","floor":10},{"not_picked":["Blood for Blood","Rage"],"picked":"Seeing Red","floor":12},{"not_picked":["Iron Wave","Havoc","Dual Wield"],"picked":"SKIP","floor":13},{"not_picked":["Brutality","Barricade"],"picked":"Offering","floor":16},{"not_picked":["Cleave","Anger"],"picked":"Flex","floor":18},{"not_picked":["Disarm","Cleave","Headbutt"],"picked":"SKIP","floor":20},{"not_picked":["Feel No Pain","Sever Soul","Inflame"],"picked":"SKIP","floor":22},{"not_picked":["True Grit","Perfected Strike","Uppercut+1"],"picked":"SKIP","floor":24},{"not_picked":["Warcry","Wild Strike","Pummel"],"picked":"SKIP","floor":27},{"not_picked":["Immolate","Dual Wield","Spot Weakness"],"picked":"SKIP","floor":28},{"not_picked":["Infernal Blade","True Grit+1","Rampage"],"picked":"SKIP","floor":30},{"not_picked":["Exhume","Immolate"],"picked":"Double Tap","floor":33},{"not_picked":["Heavy Blade+1","Pommel Strike+1","Thunderclap+1"],"picked":"SKIP","floor":35}],"player_experience":314215,"relics_obtained":[{"floor":9,"key":"Pear"},{"floor":26,"key":"The Courier"}],"event_choices":[{"event_name":"Accursed Blacksmith","player_choice":"Forge","floor":2,"damage_taken":0},{"event_name":"Living Wall","player_choice":"Forget","floor":3,"damage_taken":0},{"event_name":"Nest","player_choice":"Stole From Cult","floor":21,"damage_taken":0},{"event_name":"Knowing Skull","player_choice":"POTION GOLD ","floor":25,"damage_taken":0},{"event_name":"FaceTrader","player_choice":"Touch","floor":31,"damage_taken":0},{"event_name":"Mysterious Sphere","player_choice":"Ignore","floor":36,"damage_taken":0},{"event_name":"The Woman in Blue","player_choice":"Bought 1 Potion","floor":37,"damage_taken":0}],"boss_relics":[{"not_picked":["White Beast Statue","Snecko Eye"],"picked":"Lizard Tail"},{"not_picked":["Coffee Dripper","Philosopher\u0027s Stone"],"picked":"Empty Cage"}],"items_purged_floors":[11,19,29],"is_endless":false,"potions_floor_spawned":[5,13,20,22,27,33,35],"killed_by":"3 Darklings","ascension_level":0}