{"gold_per_floor":[113,125,138,188,188,188,153,5,29,56,56,91,91,102,102,175,175,186,186,186,236,248,248,248],"floor_reached":24,"playtime":742,"items_purged":[],"score":354,"play_id":"1a884a5f-74a6-4d95-8e24-a30cec4a9eb2","local_time":"20180731124105","is_ascension_mode":true,"campfire_choices":[{"data":"Neutralize","floor":6.0,"key":"SMITH"},{"data":"Footwork","floor":11.0,"key":"SMITH"},{"data":"Cloak And Dagger","floor":13.0,"key":"SMITH"},{"data":"Infinite Blades","floor":15.0,"key":"SMITH"},{"floor":23.0,"key":"REST"}],"neow_cost":"NONE","seed_source_timestamp":0,"circlet_count":0,"master_deck":["Defend_G+1","Defend_G","Defend_G","Defend_G","Defend_G","Strike_G","Strike_G","Strike_G","Strike_G","Strike_G","Survivor","Neutralize+1","AscendersBane","Quick Slash+1","Infinite Blades+1","Cloak And Dagger+1","Footwork+1","Backstab","PiercingWail","Backflip","Wraith Form v2+1","Acrobatics","Writhe","Expertise"],"special_seed":0,"relics":["Ring of the Snake","NeowsBlessing","Happy Flower","Frozen Egg 2","The Specimen","Philosopher\u0027s Stone","Lantern"],"potions_floor_usage":[24,24],"damage_taken":[{"damage":0.0,"enemies":"Jaw Worm","floor":1.0,"turns":1.0},{"damage":0.0,"enemies":"Cultist","floor":2.0,"turns":1.0},{"damage":0.0,"enemies":"2 Louse","floor":3.0,"turns":1.0},{"damage":12.0,"enemies":"3 Sentries","floor":10.0,"turns":9.0},{"damage":7.0,"enemies":"Lagavulin","floor":12.0,"turns":9.0},{"damage":0.0,"enemies":"Blue Slaver","floor":14.0,"turns":4.0},{"damage":4.0,"enemies":"Hexaghost","floor":16.0,"turns":11.0},{"damage":0.0,"enemies":"Chosen","floor":18.0,"turns":6.0},{"damage":10.0,"enemies":"Spheric Guardian","floor":22.0,"turns":4.0},{"damage":55,"enemies":"Book of Stabbing","floor":24,"turns":8}],"seed_played":"1314330107530171455","potions_obtained":[{"floor":10.0,"key":"LiquidBronze"},{"floor":12.0,"key":"Explosive Potion"},{"floor":18.0,"key":"SkillPotion"},{"floor":22.0,"key":"AttackPotion"}],"is_trial":false,"path_per_floor":["M","M","M","?","?","R","?","$","T","E","R","E","R","M","R","B",null,"M","?","?","?","M","R"],"character_chosen":"THE_SILENT","items_purchased":["Footwork","Backstab"],"campfire_rested":1,"item_purchase_floors":[8,8],"current_hp_per_floor":[59,59,59,59,39,39,55,55,55,43,43,36,36,36,36,32,58,58,58,40,40,30,51,0],"gold":248,"neow_bonus":"THREE_ENEMY_KILL","is_prod":false,"is_daily":false,"chose_seed":false,"campfire_upgraded":4,"win_rate":0,"timestamp":1533033665,"path_taken":["M","M","M","?","?","R","?","?","T","E","R","E","R","?","R","BOSS","M","?","?","?","M","R","E"],"build_version":"2018-07-26","purchased_purges":0,"victory":false,"max_hp_per_floor":[66,66,66,66,66,66,66,66,66,66,66,66,66,66,66,66,66,66,66,71,71,71,71,71],"card_choices":[{"not_picked":["Underhanded Strike","Blade Dance"],"picked":"Quick Slash","floor":1.0},{"not_picked":["Deflect","Underhanded Strike"],"picked":"Infinite Blades","floor":2.0},{"not_picked":["Outmaneuver","All Out Attack"],"picked":"Cloak And Dagger","floor":3.0},{"not_picked":["Dagger Throw","Bouncing Flask"],"picked":"PiercingWail","floor":10.0},{"not_picked":["Flechettes","Quick Slash"],"picked":"Backflip","floor":12.0},{"not_picked":["Backflip","Masterful Stab","PiercingWail"],"picked":"SKIP","floor":14.0},{"not_picked":["Burst","Die Die Die"],"picked":"Wraith Form v2+1","floor":16.0},{"not_picked":["Dagger Throw","Setup"],"picked":"Acrobatics","floor":18.0},{"not_picked":["Flying Knee","Heel Hook"],"picked":"Expertise","floor":22.0}],"player_experience":1205374,"relics_obtained":[{"floor":9.0,"key":"Happy Flower"},{"floor":10.0,"key":"Frozen Egg 2"},{"floor":12.0,"key":"The Specimen"}],"event_choices":[{"event_name":"Golden Shrine","player_choice":"Pray","floor":4.0,"damage_taken":0.0},{"event_name":"Shining Light","player_choice":"Entered Light","floor":5.0,"damage_taken":0.0},{"event_name":"The Cleric","player_choice":"Healed","floor":7.0,"damage_taken":0.0},{"event_name":"The Mausoleum","player_choice":"Yes","floor":19.0,"damage_taken":0.0},{"event_name":"Forgotten Altar","player_choice":"Shed Blood","floor":20.0,"damage_taken":0.0},{"event_name":"Nest","player_choice":"Stole From Cult","floor":21.0,"damage_taken":0.0}],"is_beta":false,"boss_relics":[{"not_picked":["Runic Pyramid","Pandora\u0027s Box"],"picked":"Philosopher\u0027s Stone"}],"items_purged_floors":[],"is_endless":false,"potions_floor_spawned":[10,12,18,22],"killed_by":"Book of Stabbing","ascension_level":15}