{"path_per_floor":["M","M","?","M","$","E","M","R","T","M","?","M","E","M","R","B",null,"M","?","?","M","M","$","R","$","T","M","?","E"],"character_chosen":"THE_SILENT","items_purchased":["Noxious Fumes","Apotheosis","Regal Pillow","Terror"],"gold_per_floor":[114,131,81,98,24,54,64,64,364,375,375,391,423,435,435,535,535,546,471,471,445,463,23,23,23,50,70,70,101,101],"floor_reached":30,"campfire_rested":2,"playtime":3250,"item_purchase_floors":[5,23,23,23],"current_hp_per_floor":[70,70,70,70,70,56,49,70,70,58,70,64,50,49,49,8,70,61,61,61,42,6,6,52,52,52,42,42,28,0],"items_purged":["Strike_G"],"gold":101,"score":262,"play_id":"c9692503-aed8-4646-a5bf-60c792d36cc7","local_time":"20180605192222","is_prod":false,"is_daily":false,"chose_seed":false,"is_ascension_mode":false,"campfire_upgraded":1,"win_rate":0,"timestamp":1528240942,"campfire_choices":[{"floor":8,"key":"REST"},{"data":"Noxious Fumes","floor":15,"key":"SMITH"},{"floor":24,"key":"REST"}],"path_taken":["M","M","?","M","$","E","?","R","T","M","?","?","E","M","R","BOSS","M","?","?","?","M","?","R","$","T","M","?","E","M"],"build_version":"2018-05-31","seed_source_timestamp":433777241013299,"purchased_purges":1,"victory":false,"master_deck":["Defend_G","Defend_G","Defend_G","Defend_G","Defend_G","Strike_G","Strike_G","Survivor","Neutralize","Dagger Throw+1","Underhanded Strike","Predator","Noxious Fumes+1","Acrobatics","Crippling Poison","Burst","Dagger Throw+1","PiercingWail","All Out Attack","Wraith Form v2","PiercingWail","Underhanded Strike","Backflip","Acrobatics+1","Apotheosis","Terror","After Image","Caltrops+1"],"max_hp_per_floor":[70,70,70,70,70,70,70,70,70,70,70,70,70,70,70,70,70,70,70,70,70,70,70,70,70,70,70,70,70,70],"relics":["Ring of the Snake","Pantograph","Old Coin","Dead Branch","Eternal Feather","Regal Pillow","Dream Catcher","Whetstone"],"card_choices":[{"not_picked":["Bane","Flechettes"],"picked":"Dagger Throw","floor":1},{"not_picked":["Bane","Backflip"],"picked":"Underhanded Strike","floor":2},{"not_picked":["Well Laid Plans","Outmaneuver"],"picked":"Predator","floor":4},{"not_picked":["Endless Agony","Escape Plan"],"picked":"Acrobatics","floor":6},{"not_picked":["Endless Agony","Concentrate"],"picked":"Crippling Poison","floor":7},{"not_picked":["Dagger Spray","Terror"],"picked":"Burst","floor":10},{"not_picked":["Flying Knee","Outmaneuver"],"picked":"Dagger Throw","floor":12},{"not_picked":["Poisoned Stab","Finisher"],"picked":"PiercingWail","floor":13},{"not_picked":["Deflect","Dagger Throw"],"picked":"All Out Attack","floor":14},{"not_picked":["Phantasmal Killer","Corpse Explosion"],"picked":"Wraith Form v2","floor":16},{"not_picked":["Acrobatics","Cloak And Dagger"],"picked":"PiercingWail","floor":18},{"not_picked":["Quick Slash","Bane"],"picked":"Backflip","floor":21},{"not_picked":["Dodge and Roll","Prepared"],"picked":"Acrobatics+1","floor":22},{"not_picked":["Backflip","Dagger Throw"],"picked":"After Image","floor":27},{"not_picked":["Bane","Cloak And Dagger"],"picked":"Caltrops+1","floor":29}],"player_experience":361908,"potions_floor_usage":[6,6,10,13,16,22,27,29],"damage_taken":[{"damage":0,"enemies":"Small Slimes","floor":1,"turns":5},{"damage":0,"enemies":"Jaw Worm","floor":2,"turns":3},{"damage":0,"enemies":"Cultist","floor":4,"turns":3},{"damage":14,"enemies":"3 Sentries","floor":6,"turns":5},{"damage":7,"enemies":"Blue Slaver","floor":7,"turns":3},{"damage":12,"enemies":"Exordium Wildlife","floor":10,"turns":4},{"damage":6,"enemies":"Exordium Thugs","floor":12,"turns":4},{"damage":14,"enemies":"Gremlin Nob","floor":13,"turns":4},{"damage":1,"enemies":"Red Slaver","floor":14,"turns":3},{"damage":62,"enemies":"Hexaghost","floor":16,"turns":10},{"damage":9,"enemies":"Shell Parasite","floor":18,"turns":7},{"damage":19,"enemies":"2 Thieves","floor":21,"turns":5},{"damage":36,"enemies":"Snake Plant","floor":22,"turns":6},{"damage":10,"enemies":"Snecko","floor":27,"turns":4},{"damage":14,"enemies":"Book of Stabbing","floor":29,"turns":7},{"damage":39,"enemies":"3 Cultists","floor":30,"turns":4}],"relics_obtained":[{"floor":6,"key":"Pantograph"},{"floor":9,"key":"Old Coin"},{"floor":13,"key":"Dead Branch"},{"floor":26,"key":"Dream Catcher"},{"floor":29,"key":"Whetstone"}],"event_choices":[{"event_name":"The Cleric","player_choice":"Card Removal","floor":3,"damage_taken":0},{"event_name":"Big Fish","player_choice":"Banana","floor":11,"damage_taken":0},{"event_name":"Beggar","player_choice":"Gave Gold","floor":19,"damage_taken":0},{"event_name":"The Library","player_choice":"Read","floor":20,"damage_taken":0},{"event_name":"Ghosts","player_choice":"Ignored","floor":28,"damage_taken":0}],"boss_relics":[{"not_picked":["Velvet Choker","Runic Pyramid"],"picked":"Eternal Feather"}],"items_purged_floors":[23],"potions_floor_spawned":[1,4,7,10,16,21,27,29],"seed_played":"-869376226594678966","killed_by":"3 Cultists","ascension_level":0,"potions_obtained":[{"floor":1,"key":"Strength Potion"},{"floor":4,"key":"Fire Potion"},{"floor":7,"key":"SkillPotion"},{"floor":10,"key":"Dexterity Potion"},{"floor":16,"key":"Dexterity Potion"},{"floor":21,"key":"Fire Potion"},{"floor":27,"key":"LiquidBronze"},{"floor":29,"key":"FearPotion"}],"is_trial":false}