{"path_per_floor":["M","M","M","?","?","E","M","M","T","R","E","M","R","$","R","B",null,"M","M","M","$","M","R","M","E","T","E","?","$","R","?","R","B",null,"M","M","?","?","M","E","M","E","T","R","M","E","?","M","R","B"],"character_chosen":"DEFECT","items_purchased":["Barrage","Apotheosis"],"gold_per_floor":[111,130,144,94,94,120,139,151,151,151,176,188,188,111,111,213,213,227,243,255,20,34,34,45,76,103,136,61,11,11,11,11,106,106,121,134,134,0,10,44,60,92,117,117,135,162,162,179,179,179],"floor_reached":51,"campfire_rested":0,"playtime":4678,"item_purchase_floors":[],"current_hp_per_floor":[70,67,67,67,67,41,41,33,33,33,44,42,42,42,42,30,75,57,56,50,50,46,46,46,34,41,33,33,33,33,33,33,28,41,41,41,15,15,21,31,38,41,41,41,41,41,55,55,55,55],"items_purged":["Strike_B","Strike_B","Strike_B"],"gold":179,"score":1141,"play_id":"08976525-ad7d-4506-b349-acef9b841b0b","local_time":"20180606051121","is_prod":false,"is_daily":false,"chose_seed":false,"is_ascension_mode":true,"campfire_upgraded":8,"win_rate":0,"timestamp":1528254681,"campfire_choices":[{"data":"Genetic Algorithm","floor":10.0,"key":"SMITH"},{"data":"Defragment","floor":13.0,"key":"SMITH"},{"data":"Capacitor","floor":15.0,"key":"SMITH"},{"data":"Apotheosis","floor":23.0,"key":"SMITH"},{"data":"Double Energy","floor":30.0,"key":"SMITH"},{"data":"Creative AI","floor":32.0,"key":"SMITH"},{"data":"Buffer","floor":44,"key":"SMITH"},{"data":"Defragment","floor":49,"key":"SMITH"}],"path_taken":["M","M","M","?","?","E","M","M","T","R","E","M","R","$","R","BOSS","M","M","M","$","M","R","M","E","T","E","?","$","R","?","R","BOSS","M","M","?","?","M","E","M","E","T","R","M","E","?","M","R","BOSS"],"build_version":"2018-06-04v2","seed_source_timestamp":363859692217624,"purchased_purges":3,"victory":true,"master_deck":["Defend_B","Defend_B","Zap+1","Dualcast","Streamline","Genetic Algorithm+1","Glacier","Go for the Eyes","Defragment+1","Cold Snap","Capacitor+1","Barrage","Creative AI+1","Double Energy+1","Leap+1","Barrage+1","Apotheosis+1","Consume","Go for the Eyes","Defragment+1","Cold Snap","Ghostly","Ghostly","Ghostly","Ghostly","Ghostly","Buffer+1","Self Repair","Blizzard+1","Madness","Madness","Glacier+1","Ball Lightning+1","Self Repair","Aggregate+1","Redo+1","Redo+1"],"max_hp_per_floor":[75,75,75,75,75,75,75,75,75,75,75,75,75,75,75,75,75,75,75,75,75,75,75,75,75,82,82,82,82,82,41,41,41,41,41,41,41,41,41,41,41,41,41,41,41,41,55,55,55,55],"relics":["Cracked Core","Letter Opener","Smiling Mask","Question Card","Black Star","Mercury Hourglass","Centennial Puzzle","Strawberry","Juzu Bracelet","Bag of Marbles","Lizard Tail","Red Mask","Potion Belt","Orichalcum","Dodecahedron","Ornamental Fan","Bag of Preparation","Darkstone Periapt","Matryoshka","Mango"],"card_choices":[{"not_picked":["Steam","Stack","Sweeping Beam"],"picked":"SKIP","floor":1.0},{"not_picked":["Aggregate","Sweeping Beam"],"picked":"Streamline","floor":2.0},{"not_picked":["Rebound","Cold Snap"],"picked":"Genetic Algorithm","floor":3.0},{"not_picked":["Doom and Gloom","Chaos"],"picked":"Glacier","floor":6.0},{"not_picked":["Cold Snap","Redo"],"picked":"Go for the Eyes","floor":7.0},{"not_picked":["Stack","Scrape"],"picked":"Defragment","floor":8.0},{"not_picked":["Darkness","Amplify"],"picked":"Cold Snap","floor":11.0},{"not_picked":["Barrage","Go for the Eyes","Stack"],"picked":"Capacitor","floor":12.0},{"not_picked":["Rainbow","Thunder Strike","All For One"],"picked":"Creative AI","floor":16.0},{"not_picked":["Sweeping Beam","Undo","Hologram"],"picked":"Double Energy","floor":18.0},{"not_picked":["Self Repair","Skim","Coolheaded"],"picked":"Leap+1","floor":19.0},{"not_picked":["Compile Driver","Streamline+1","Steam"],"picked":"Barrage+1","floor":20.0},{"not_picked":["Tempest","Coolheaded","Double Energy"],"picked":"Consume","floor":22.0},{"not_picked":["Steam","Rip and Tear","Consume+1"],"picked":"Go for the Eyes","floor":24.0},{"not_picked":["Rip and Tear","Consume","Loop"],"picked":"Defragment","floor":25.0},{"not_picked":["Sweeping Beam+1","Creative AI","Leap"],"picked":"Cold Snap","floor":27.0},{"not_picked":["Multi-Cast","Thunder Strike","Amplify"],"picked":"Buffer","floor":33.0},{"not_picked":["Genetic Algorithm+1","Barrage","Undo+1"],"picked":"Self Repair","floor":35.0},{"not_picked":["Redo","Streamline+1","Go for the Eyes+1"],"picked":"Blizzard+1","floor":36.0},{"not_picked":["Compile Driver+1","Go for the Eyes+1","Stack"],"picked":"Glacier+1","floor":39.0},{"not_picked":["Gash+1","Rebound","Cold Snap"],"picked":"Ball Lightning+1","floor":40.0},{"not_picked":["Streamline+1","Cold Snap","Scrape+1"],"picked":"Self Repair","floor":41},{"not_picked":["Gash+1","Sweeping Beam+1","Steam+1","Tempest"],"picked":"SKIP","floor":42},{"not_picked":["Fission","Streamline+1","Consume"],"picked":"Aggregate+1","floor":45},{"not_picked":["Hologram+1","Leap","Rebound+1"],"picked":"Redo+1","floor":46},{"not_picked":["Biased Cognition","Stack+1","Undo+1"],"picked":"Redo+1","floor":48}],"player_experience":43928,"potions_floor_usage":[45,50,50,50,50],"damage_taken":[{"damage":5.0,"enemies":"Small Slimes","floor":1.0,"turns":4.0},{"damage":3.0,"enemies":"Jaw Worm","floor":2.0,"turns":3.0},{"damage":0.0,"enemies":"2 Louse","floor":3.0,"turns":2.0},{"damage":26.0,"enemies":"Lagavulin","floor":6.0,"turns":5.0},{"damage":0.0,"enemies":"Large Slime","floor":7.0,"turns":4.0},{"damage":8.0,"enemies":"Red Slaver","floor":8.0,"turns":2.0},{"damage":3.0,"enemies":"Gremlin Nob","floor":11.0,"turns":5.0},{"damage":2.0,"enemies":"Blue Slaver","floor":12.0,"turns":4.0},{"damage":12.0,"enemies":"The Guardian","floor":16.0,"turns":8.0},{"damage":18.0,"enemies":"3 Byrds","floor":18.0,"turns":5.0},{"damage":1.0,"enemies":"Spheric Guardian","floor":19.0,"turns":6.0},{"damage":6.0,"enemies":"Snake Plant","floor":20.0,"turns":6.0},{"damage":4.0,"enemies":"Snecko","floor":22.0,"turns":9.0},{"damage":0.0,"enemies":"3 Cultists","floor":24.0,"turns":6.0},{"damage":12.0,"enemies":"Gremlin Leader","floor":25.0,"turns":9.0},{"damage":8.0,"enemies":"Book of Stabbing","floor":27.0,"turns":6.0},{"damage":5.0,"enemies":"Champ","floor":33.0,"turns":11.0},{"damage":0.0,"enemies":"3 Shapes","floor":35.0,"turns":7.0},{"damage":0.0,"enemies":"3 Darklings","floor":36.0,"turns":8.0},{"damage":28.0,"floor":37.0,"turns":7.0},{"damage":1.0,"enemies":"Spire Growth","floor":39.0,"turns":7.0},{"damage":0.0,"enemies":"Nemesis","floor":40.0,"turns":11.0},{"damage":0,"enemies":"Transient","floor":41,"turns":5},{"damage":1,"enemies":"2 Orb Walkers","floor":42,"turns":8},{"damage":0,"enemies":"3 Darklings","floor":45,"turns":8},{"damage":0,"enemies":"Giant Head","floor":46,"turns":13},{"damage":0,"floor":47,"turns":7},{"damage":0,"enemies":"Sphere and 2 Shapes","floor":48,"turns":4},{"damage":12,"enemies":"Time Eater","floor":50,"turns":15}],"relics_obtained":[{"floor":6.0,"key":"Letter Opener"},{"floor":9.0,"key":"Smiling Mask"},{"floor":11.0,"key":"Question Card"},{"floor":25.0,"key":"Mercury Hourglass"},{"floor":25.0,"key":"Centennial Puzzle"},{"floor":26.0,"key":"Strawberry"},{"floor":27.0,"key":"Juzu Bracelet"},{"floor":27.0,"key":"Bag of Marbles"},{"floor":40.0,"key":"Potion Belt"},{"floor":40.0,"key":"Orichalcum"},{"floor":42,"key":"Dodecahedron"},{"floor":42,"key":"Ornamental Fan"},{"floor":43,"key":"Bag of Preparation"},{"floor":46,"key":"Darkstone Periapt"},{"floor":46,"key":"Matryoshka"},{"floor":47,"key":"Mango"}],"event_choices":[{"event_name":"The Cleric","player_choice":"Card Removal","floor":4.0,"damage_taken":0.0},{"event_name":"Living Wall","player_choice":"Forget","floor":5.0,"damage_taken":0.0},{"event_name":"Beggar","player_choice":"Gave Gold","floor":28.0,"damage_taken":0.0},{"event_name":"Ghosts","player_choice":"Became a Ghost","floor":31.0,"damage_taken":0.0},{"event_name":"Mysterious Sphere","player_choice":"Fight","floor":37.0,"damage_taken":0.0},{"event_name":"Winding Halls","player_choice":"Embrace Madness","floor":37.0,"damage_taken":0.0},{"event_name":"Tomb of Lord Red Mask","player_choice":"Paid","floor":38.0,"damage_taken":0.0},{"event_name":"MindBloom","player_choice":"Fight","floor":47,"damage_taken":0}],"boss_relics":[{"not_picked":["Philosopher\u0027s Stone","Tiny House"],"picked":"Black Star"},{"not_picked":["Cursed Key","Astrolabe"],"picked":"Lizard Tail"}],"items_purged_floors":[],"potions_floor_spawned":[6,7,12,16,20,24,25,27,36,37,40,46,48],"seed_played":"-5425913501556909528","ascension_level":1,"potions_obtained":[{"floor":6.0,"key":"Regen Potion"},{"floor":7.0,"key":"PowerPotion"},{"floor":12.0,"key":"EntropicBrew"},{"floor":16.0,"key":"LiquidBronze"},{"floor":20.0,"key":"EssenceOfSteel"},{"floor":24.0,"key":"Fire Potion"},{"floor":25.0,"key":"Ancient Potion"},{"floor":27.0,"key":"FocusPotion"},{"floor":36.0,"key":"FocusPotion"},{"floor":40.0,"key":"Block Potion"},{"floor":46,"key":"EssenceOfSteel"},{"floor":48,"key":"Strength Potion"}],"is_trial":false}