{"gold_per_floor":[111,111,111,36,48,77,77,102,127,127,139,139,158,56,56,131,131,131,131,131,131,131,131,52,52,52,52,52,52,52,52,52,52],"floor_reached":33,"playtime":1123,"items_purged":[],"score":581,"play_id":"7703f332-efa7-47c1-845a-aae1ecec44ef","local_time":"20190204100032","is_ascension_mode":true,"campfire_choices":[{"data":"Zap","floor":7,"key":"SMITH"},{"floor":10,"key":"REST"},{"data":"Sunder","floor":15,"key":"SMITH"},{"data":"Go for the Eyes","floor":23,"key":"SMITH"},{"data":"Reinforced Body","floor":27,"key":"SMITH"},{"data":"Chaos","floor":29,"key":"SMITH"},{"data":"Defragment","floor":32,"key":"SMITH"}],"neow_cost":"NONE","seed_source_timestamp":1037288720117038,"circlet_count":0,"master_deck":["AscendersBane","Strike_B","Defend_B","Defend_B+1","Defend_B","Zap+1","Dualcast","Reinforced Body+1","Glacier+1","Doom and Gloom","Core Surge+1","Leap","FTL","Sunder+1","Hologram","Fission+1","Go for the Eyes+1","Ball Lightning+1","Defragment+1","Tempest","Auto Shields","Chaos+1"],"relics":["Cracked Core","NeowsBlessing","Bag of Preparation","Dream Catcher","Strawberry","Ectoplasm","War Paint","Anchor","Whetstone"],"potions_floor_usage":[28,28],"damage_taken":[{"damage":0,"enemies":"Small Slimes","floor":1,"turns":1},{"damage":0,"enemies":"Jaw Worm","floor":5,"turns":1},{"damage":0,"enemies":"3 Sentries","floor":6,"turns":2},{"damage":24,"enemies":"Lagavulin","floor":8,"turns":7},{"damage":0,"enemies":"2 Louse","floor":11,"turns":2},{"damage":10,"enemies":"Lots of Slimes","floor":13,"turns":2},{"damage":6,"enemies":"The Guardian","floor":16,"turns":12},{"damage":0,"enemies":"Spheric Guardian","floor":18,"turns":3},{"damage":6,"enemies":"Shell Parasite","floor":19,"turns":5},{"damage":5,"enemies":"3 Cultists","floor":21,"turns":5},{"damage":0,"enemies":"Slavers","floor":28,"turns":4},{"damage":0,"enemies":"Chosen and Byrds","floor":30,"turns":4},{"damage":0,"enemies":"Snecko","floor":31,"turns":4},{"damage":81,"enemies":"Champ","floor":33,"turns":12}],"seed_played":"-4755880057607915531","potions_obtained":[{"floor":1,"key":"PowerPotion"},{"floor":6,"key":"Block Potion"},{"floor":13,"key":"Regen Potion"}],"is_trial":false,"path_per_floor":["M","?","?","?","M","E","R","E","T","R","M","?","M","$","R","B",null,"M","M","?","M","T","R","$","?","T","R","E","R","M","M","R","B"],"character_chosen":"DEFECT","items_purchased":["Sunder","Hologram","Defragment"],"campfire_rested":1,"item_purchase_floors":[14,14,24],"current_hp_per_floor":[64,57,62,62,62,62,62,38,45,69,69,69,59,59,59,53,76,76,70,70,65,65,65,65,65,65,65,77,77,77,77,77,0],"gold":52,"neow_bonus":"THREE_ENEMY_KILL","is_prod":false,"is_daily":false,"chose_seed":false,"campfire_upgraded":6,"win_rate":0,"timestamp":1549242032,"path_taken":["M","?","?","?","?","E","R","E","T","R","M","?","M","$","R","BOSS","M","?","?","?","?","R","$","?","T","R","E","R","M","M","R","BOSS"],"build_version":"2019-01-23","purchased_purges":0,"victory":false,"max_hp_per_floor":[71,71,76,76,76,76,76,76,83,83,83,83,83,83,83,83,83,83,83,83,83,83,83,83,83,83,83,83,83,83,83,83,83],"card_choices":[{"not_picked":["Chaos","Streamline"],"picked":"Reinforced Body","floor":1},{"not_picked":["Melter","Aggregate"],"picked":"Glacier","floor":5},{"not_picked":["Aggregate","Compile Driver"],"picked":"Doom and Gloom","floor":6},{"not_picked":["Genetic Algorithm","Reprogram"],"picked":"Core Surge","floor":8},{"not_picked":["Steam","Beam Cell"],"picked":"Leap","floor":10},{"not_picked":["Doom and Gloom","Leap"],"picked":"FTL","floor":11},{"not_picked":["Lockon","Steam Power","Steam"],"picked":"SKIP","floor":13},{"not_picked":["Reboot","Meteor Strike"],"picked":"Fission","floor":16},{"not_picked":["Aggregate","Gash","Darkness"],"picked":"SKIP","floor":18},{"not_picked":["Hologram","Sweeping Beam"],"picked":"Go for the Eyes","floor":19},{"not_picked":["Hello World","Redo"],"picked":"Ball Lightning","floor":21},{"not_picked":["Turbo","Melter"],"picked":"Chaos","floor":28},{"not_picked":["Undo","Sweeping Beam","Stack"],"picked":"SKIP","floor":30},{"not_picked":["Melter","Go for the Eyes+1","Gash"],"picked":"SKIP","floor":31}],"player_experience":461777,"relics_obtained":[{"floor":6,"key":"Bag of Preparation"},{"floor":8,"key":"Dream Catcher"},{"floor":9,"key":"Strawberry"},{"floor":22,"key":"War Paint"},{"floor":26,"key":"Anchor"},{"floor":28,"key":"Whetstone"}],"event_choices":[{"cards_removed":["Defend_B"],"damage_healed":0,"gold_gain":0,"player_choice":"Card Removal","damage_taken":7,"max_hp_gain":0,"max_hp_loss":0,"event_name":"Golden Wing","floor":2,"gold_loss":0},{"damage_healed":0,"gold_gain":0,"player_choice":"Donut","damage_taken":0,"max_hp_gain":5,"max_hp_loss":0,"event_name":"Big Fish","floor":3,"gold_loss":0},{"cards_removed":["Strike_B"],"damage_healed":0,"gold_gain":0,"player_choice":"Card Removal","damage_taken":0,"max_hp_gain":0,"max_hp_loss":0,"event_name":"The Cleric","floor":4,"gold_loss":75},{"damage_healed":0,"gold_gain":0,"player_choice":"Upgraded","damage_taken":0,"max_hp_gain":0,"max_hp_loss":0,"event_name":"Upgrade Shrine","floor":12,"gold_loss":0,"cards_upgraded":["Glacier"]},{"damage_healed":0,"gold_gain":0,"player_choice":"0 cards matched","damage_taken":0,"max_hp_gain":0,"max_hp_loss":0,"event_name":"Match and Keep!","floor":20,"gold_loss":0,"cards_obtained":[]},{"damage_healed":0,"gold_gain":0,"cards_transformed":["Strike_B","Strike_B"],"player_choice":"Became Test Subject","damage_taken":0,"max_hp_gain":0,"max_hp_loss":0,"event_name":"Drug Dealer","floor":25,"gold_loss":0,"cards_obtained":["Tempest","Auto Shields"]}],"is_beta":false,"boss_relics":[{"not_picked":["Runic Pyramid","Fusion Hammer"],"picked":"Ectoplasm"}],"items_purged_floors":[],"is_endless":false,"potions_floor_spawned":[1,6,8,13,18,19],"killed_by":"Champ","ascension_level":16}