{"gold_per_floor":[142,92,105,105,119,194,194,119,119,119,119,131,160,56,56,161,161,174,124,124,139,139,149,149],"floor_reached":24,"playtime":1695,"items_purged":["Strike_G"],"score":233,"play_id":"990e7e5f-8037-4c6b-946f-968da995e260","local_time":"20180626083759","is_ascension_mode":true,"campfire_choices":[{"data":"Dash","floor":7,"key":"SMITH"},{"floor":11,"key":"REST"},{"data":"1","floor":15,"key":"LIFT"}],"neow_cost":"NONE","seed_source_timestamp":132077577506468,"circlet_count":0,"master_deck":["Defend_G+1","Defend_G+1","Defend_G+1","Defend_G+1","Defend_G+1","Strike_G+1","Strike_G+1","Survivor","Neutralize","Dash+1","Dodge and Roll","Poisoned Stab","Backflip","Wraith Form v2","Poisoned Stab","Infinite Blades","Poisoned Stab","Cloak And Dagger","Backstab","A Thousand Cuts","Flying Knee","Blade Dance","Acrobatics","Predator","Adrenaline","Backflip","Bouncing Flask"],"relics":["Tiny House","Girya","Singing Bowl","Orrery"],"potions_floor_usage":[13,13,13,23],"damage_taken":[{"damage":0,"enemies":"Small Slimes","floor":1,"turns":4},{"damage":2,"enemies":"Jaw Worm","floor":3,"turns":6},{"damage":2,"enemies":"2 Louse","floor":5,"turns":3},{"damage":1,"enemies":"Red Slaver","floor":12,"turns":4},{"damage":3,"enemies":"Lagavulin","floor":13,"turns":7},{"damage":29,"enemies":"Slime Boss","floor":16,"turns":9},{"damage":21,"enemies":"2 Thieves","floor":18,"turns":4},{"damage":30,"enemies":"3 Byrds","floor":21,"turns":4},{"damage":18,"enemies":"Snake Plant","floor":23,"turns":5},{"damage":14,"enemies":"Snecko","floor":24,"turns":3}],"seed_played":"1874640013262116285","potions_obtained":[{"floor":0,"key":"Ancient Potion"},{"floor":1,"key":"Block Potion"},{"floor":12,"key":"EssenceOfSteel"},{"floor":13,"key":"Block Potion"},{"floor":23,"key":"SkillPotion"}],"is_trial":false,"path_per_floor":["M","?","M","?","M","?","R","$","T","?","R","M","E","$","R","B",null,"M","?","?","M","?","M"],"character_chosen":"THE_SILENT","items_purchased":["Cloak And Dagger","Backstab"],"campfire_rested":1,"item_purchase_floors":[14,14],"current_hp_per_floor":[75,75,73,78,76,65,65,65,65,65,80,79,76,76,76,47,80,59,59,59,31,31,13,0],"gold":149,"neow_bonus":"BOSS_RELIC","is_prod":false,"is_daily":false,"chose_seed":false,"campfire_upgraded":1,"win_rate":0,"timestamp":1530016679,"path_taken":["M","?","?","?","M","?","R","$","T","?","R","M","E","$","R","BOSS","M","?","?","M","?","M","M"],"build_version":"2018-06-21v2","purchased_purges":1,"victory":false,"max_hp_per_floor":[75,75,75,80,80,80,80,80,80,80,80,80,80,80,80,80,80,80,80,80,82,82,82,82],"card_choices":[{"not_picked":["Underhanded Strike","Deadly Poison"],"picked":"Dash","floor":0},{"not_picked":["Prepared","Endless Agony"],"picked":"Dodge and Roll","floor":1},{"not_picked":["Distraction","Dodge and Roll"],"picked":"Poisoned Stab","floor":3},{"not_picked":["Prepared","Tactician"],"picked":"Backflip","floor":5},{"not_picked":["Masterful Stab","Sucker Punch"],"picked":"Infinite Blades","floor":12},{"not_picked":["Dagger Throw","Acrobatics"],"picked":"Poisoned Stab","floor":13},{"not_picked":["Unload","Glass Knife"],"picked":"A Thousand Cuts","floor":16},{"not_picked":["Underhanded Strike","Dodge and Roll"],"picked":"Flying Knee","floor":17},{"not_picked":["Cloak And Dagger","Reflex"],"picked":"Blade Dance","floor":17},{"not_picked":["Prepared","Catalyst"],"picked":"Acrobatics","floor":17},{"not_picked":["Slice","Dagger Throw"],"picked":"Predator","floor":17},{"not_picked":["Slice","Dagger Spray"],"picked":"Adrenaline","floor":17},{"not_picked":["Dagger Throw","Sucker Punch"],"picked":"Backflip","floor":18},{"not_picked":["Dagger Spray","Slice+1","Sucker Punch"],"picked":"Singing Bowl","floor":21},{"not_picked":["Corpse Explosion","Poisoned Stab"],"picked":"Bouncing Flask","floor":23}],"player_experience":776950,"relics_obtained":[{"floor":9,"key":"Girya"},{"floor":13,"key":"Singing Bowl"}],"event_choices":[{"event_name":"The Cleric","player_choice":"Card Removal","floor":2,"damage_taken":0},{"event_name":"Big Fish","player_choice":"Donut","floor":4,"damage_taken":0},{"event_name":"World of Goop","player_choice":"Gather Gold","floor":6,"damage_taken":0},{"event_name":"Match and Keep!","player_choice":"2 cards matched","floor":10,"damage_taken":0},{"event_name":"The Joust","player_choice":"Bet on Murderer","floor":19,"damage_taken":0},{"event_name":"Back to Basics","player_choice":"Simplicity","floor":20,"damage_taken":0},{"event_name":"Purifier","player_choice":"One Purge","floor":22,"damage_taken":0}],"boss_relics":[{"not_picked":["Velvet Choker","Pandora\u0027s Box"],"picked":"Orrery"}],"items_purged_floors":[8],"is_endless":false,"potions_floor_spawned":[1,12,13,23],"killed_by":"Snecko","ascension_level":4}