{"gold_per_floor":[115,115,133,133,208,235,247,247,270,270,282,295,326,326,326,404,404,424,424,424],"floor_reached":20,"playtime":618,"items_purged":[],"score":393,"play_id":"48fe6245-01a0-465b-8aea-bd33b9ff1b6d","local_time":"20181222213653","is_ascension_mode":true,"campfire_choices":[{"floor":8.0,"key":"REST"},{"floor":15,"key":"REST"}],"neow_cost":"NONE","seed_source_timestamp":238185191161796,"circlet_count":0,"master_deck":["AscendersBane","Strike_B","Strike_B","Defend_B","Defend_B","Defend_B","Defend_B","Zap","Dualcast","FTL","Darkness","Fusion","Storm+1","Streamline","Sunder","Storm","Steam","Machine Learning","Melter"],"special_seed":0,"relics":["Cracked Core","NeowsBlessing","Smiling Mask","Bag of Preparation","StoneCalendar","Emotion Chip","Matryoshka","Black Star"],"potions_floor_usage":[18],"damage_taken":[{"damage":0.0,"enemies":"Small Slimes","floor":1.0,"turns":1.0},{"damage":0.0,"enemies":"2 Louse","floor":3.0,"turns":1.0},{"damage":0.0,"enemies":"Lagavulin","floor":6.0,"turns":1.0},{"damage":7.0,"enemies":"Cultist","floor":7.0,"turns":4.0},{"damage":17.0,"enemies":"Lots of Slimes","floor":11.0,"turns":4.0},{"damage":9.0,"enemies":"2 Fungi Beasts","floor":12.0,"turns":4.0},{"damage":31,"enemies":"Gremlin Nob","floor":13,"turns":4},{"damage":15,"enemies":"Hexaghost","floor":16,"turns":7},{"damage":51,"enemies":"2 Thieves","floor":18,"turns":4},{"damage":7,"enemies":"3 Byrds","floor":20,"turns":1}],"seed_played":"-7163164643896379639","potions_obtained":[{"floor":1.0,"key":"Weak Potion"},{"floor":7.0,"key":"EntropicBrew"},{"floor":16,"key":"Energy Potion"}],"is_trial":false,"path_per_floor":["M","?","M","?","?","E","M","R","T","T","M","M","E","?","R","B",null,"M","?","M"],"character_chosen":"DEFECT","items_purchased":[],"campfire_rested":2,"item_purchase_floors":[],"current_hp_per_floor":[64,57,57,57,46,46,39,60,60,60,43,43,12,12,33,18,58,7,7,0],"gold":424,"neow_bonus":"THREE_ENEMY_KILL","is_prod":false,"is_daily":false,"chose_seed":false,"campfire_upgraded":0,"win_rate":0,"timestamp":1545532613,"path_taken":["M","?","M","?","?","E","M","R","T","?","M","M","E","?","R","BOSS","M","?","?"],"build_version":"2018-12-20","purchased_purges":0,"victory":false,"max_hp_per_floor":[71,71,71,71,71,71,71,71,71,71,71,71,71,71,71,71,71,71,71,71],"card_choices":[{"not_picked":["Barrage","Compile Driver"],"picked":"FTL","floor":1.0},{"not_picked":["Hello World","Stack"],"picked":"Darkness","floor":3.0},{"not_picked":["Meteor Strike","Coolheaded"],"picked":"Storm","floor":6.0},{"not_picked":["Turbo","Reprogram"],"picked":"Streamline","floor":7.0},{"not_picked":["Gash","Rebound"],"picked":"Sunder","floor":11.0},{"not_picked":["Compile Driver","Streamline"],"picked":"Storm","floor":12.0},{"not_picked":["Blizzard","Barrage"],"picked":"Steam","floor":13},{"not_picked":["Hyperbeam","Meteor Strike"],"picked":"Machine Learning","floor":16},{"not_picked":["Sweeping Beam","Barrage"],"picked":"Melter","floor":18}],"player_experience":1938719,"relics_obtained":[{"floor":6.0,"key":"Smiling Mask"},{"floor":9.0,"key":"Bag of Preparation"},{"floor":10.0,"key":"StoneCalendar"},{"floor":13,"key":"Emotion Chip"}],"event_choices":[{"cards_removed":["Strike_B"],"damage_healed":0.0,"max_hp_gain":0.0,"max_hp_loss":0.0,"gold_gain":0.0,"event_name":"Golden Wing","player_choice":"Card Removal","floor":2.0,"gold_loss":0.0,"damage_taken":7.0},{"damage_healed":0.0,"max_hp_gain":0.0,"max_hp_loss":0.0,"gold_gain":0.0,"cards_transformed":["Strike_B"],"event_name":"Living Wall","player_choice":"Change","floor":4.0,"gold_loss":0.0,"damage_taken":0.0,"cards_obtained":["Fusion"]},{"damage_healed":0.0,"max_hp_gain":0.0,"max_hp_loss":0.0,"gold_gain":75.0,"event_name":"World of Goop","player_choice":"Gather Gold","floor":5.0,"gold_loss":0.0,"damage_taken":11.0},{"damage_healed":0,"gold_gain":0,"player_choice":"Searched \u00271\u0027 times","damage_taken":0,"relics_obtained":["Matryoshka"],"max_hp_gain":0,"max_hp_loss":0,"event_name":"Dead Adventurer","floor":14,"gold_loss":0},{"damage_healed":0,"gold_gain":0,"player_choice":"Upgraded","damage_taken":0,"max_hp_gain":0,"max_hp_loss":0,"event_name":"Upgrade Shrine","floor":19,"gold_loss":0,"cards_upgraded":["Storm"]}],"is_beta":false,"boss_relics":[{"not_picked":["Coffee Dripper","Ectoplasm"],"picked":"Black Star"}],"items_purged_floors":[],"is_endless":false,"potions_floor_spawned":[1,7,16],"killed_by":"3 Byrds","ascension_level":18}