{"gold_per_floor":[214,229,6,6,19,19,50,50,50,50,73,73,89,110,110,241,241,262,362,381,406,426,33,33,58,126,126,126,26,44,44,44,174,174,193,209,232,179,197,241,253,306,318,330,366,378,390,402],"floor_reached":48,"playtime":1916,"items_purged":["Strike_G","Writhe"],"score":594,"play_id":"df483a04-5aea-4635-894e-3f84faabca32","local_time":"20180801195148","is_ascension_mode":false,"campfire_choices":[{"data":"Neutralize","floor":6.0,"key":"SMITH"},{"data":"Deadly Poison","floor":8.0,"key":"SMITH"},{"data":"Dagger Spray","floor":10.0,"key":"SMITH"},{"data":"Cloak And Dagger","floor":15.0,"key":"SMITH"},{"data":"Cloak And Dagger","floor":24.0,"key":"SMITH"},{"data":"Cloak And Dagger","floor":27.0,"key":"SMITH"},{"floor":32.0,"key":"REST"},{"data":"Malaise","floor":41.0,"key":"SMITH"}],"neow_cost":"NONE","seed_source_timestamp":0,"circlet_count":0,"master_deck":["Defend_G+1","Defend_G+1","Defend_G+1","Defend_G+1","Defend_G+1","Strike_G+1","Strike_G+1","Strike_G+1","Strike_G+1","Survivor","Neutralize+1","Deflect","Dagger Throw","Cloak And Dagger+1","Dagger Spray+1","Endless Agony","Deadly Poison+1","Blur","Leg Sweep","Cloak And Dagger+1","Envenom","Infinite Blades","Skewer+1","PiercingWail","Accuracy","Well Laid Plans","Cloak And Dagger+1","Decay","Blur+1","A Thousand Cuts","Footwork","Cloak And Dagger","Noxious Fumes+1","Malaise+1","Adrenaline","Clumsy","Cloak And Dagger+1"],"special_seed":0,"relics":["Ring of the Snake","Golden Idol","Singing Bowl","Vajra","Cursed Key","Kunai","Question Card","Mummified Hand","Black Star","MawBank","Boot","Frozen Egg 2","Bottled Lightning","Ice Cream"],"potions_floor_usage":[48,48],"damage_taken":[{"damage":0.0,"enemies":"Small Slimes","floor":1.0,"turns":5.0},{"damage":0.0,"enemies":"2 Louse","floor":2.0,"turns":6.0},{"damage":0.0,"enemies":"Jaw Worm","floor":5.0,"turns":6.0},{"damage":6.0,"enemies":"3 Sentries","floor":7.0,"turns":8.0},{"damage":3.0,"enemies":"Large Slime","floor":11.0,"turns":3.0},{"damage":0.0,"enemies":"2 Fungi Beasts","floor":13.0,"turns":2.0},{"damage":4.0,"enemies":"Gremlin Gang","floor":14.0,"turns":3.0},{"damage":4.0,"enemies":"Hexaghost","floor":16.0,"turns":10.0},{"damage":8.0,"enemies":"Shell Parasite","floor":18.0,"turns":5.0},{"damage":5.0,"enemies":"2 Thieves","floor":20.0,"turns":5.0},{"damage":3.0,"enemies":"Centurion and Healer","floor":21.0,"turns":3.0},{"damage":15.0,"enemies":"Chosen and Byrds","floor":22.0,"turns":6.0},{"damage":0.0,"enemies":"Snecko","floor":25.0,"turns":5.0},{"damage":17.0,"enemies":"Snake Plant","floor":30.0,"turns":5.0},{"damage":13.0,"enemies":"Automaton","floor":33.0,"turns":10.0},{"damage":9.0,"enemies":"3 Shapes","floor":35.0,"turns":5.0},{"damage":0.0,"enemies":"Flame Bruiser 1 Orb","floor":36.0,"turns":8.0},{"damage":0.0,"enemies":"4 Shapes","floor":37.0,"turns":3.0},{"damage":3.0,"enemies":"Sphere and 2 Shapes","floor":39.0,"turns":4.0},{"damage":39.0,"enemies":"Giant Head","floor":40.0,"turns":9.0},{"damage":0.0,"enemies":"Nemesis","floor":42.0,"turns":7.0},{"damage":35.0,"enemies":"Spire Growth","floor":45.0,"turns":5.0},{"damage":10,"enemies":"Maw","floor":48,"turns":4}],"seed_played":"-3412832105056478957","potions_obtained":[{"floor":2.0,"key":"Strength Potion"},{"floor":11.0,"key":"SpeedPotion"},{"floor":14.0,"key":"PowerPotion"},{"floor":21.0,"key":"Regen Potion"},{"floor":22.0,"key":"GhostInAJar"},{"floor":33.0,"key":"Regen Potion"},{"floor":35.0,"key":"PowerPotion"},{"floor":40.0,"key":"SpeedPotion"},{"floor":42.0,"key":"AttackPotion"}],"is_trial":false,"path_per_floor":["M","M","$","?","M","R","E","R","T","R","M","?","M","M","R","B",null,"M","?","M","M","M","$","R","M","T","R","?","$","M","?","R","B",null,"M","M","M","$","M","E","R","E","T","?","M","?","?"],"character_chosen":"THE_SILENT","items_purchased":["Cloak And Dagger","Dagger Spray","Weak Potion","Kunai","Well Laid Plans","Cloak And Dagger","Cloak And Dagger"],"campfire_rested":1,"item_purchase_floors":[3,3,3,23,23,23,38],"current_hp_per_floor":[70,70,70,53,53,53,47,47,47,47,44,49,49,45,45,41,75,67,67,62,59,53,53,53,55,55,55,55,55,38,38,61,48,77,70,72,72,72,69,42,42,42,42,42,7,7,7,0],"gold":402,"neow_bonus":"HUNDRED_GOLD","is_prod":false,"is_daily":false,"chose_seed":false,"campfire_upgraded":7,"win_rate":0,"timestamp":1533145908,"path_taken":["M","M","$","?","M","R","E","R","T","R","M","?","M","M","R","BOSS","M","?","M","M","M","$","R","M","T","R","?","$","M","?","R","BOSS","M","M","?","$","M","E","R","E","T","?","M","?","?","?"],"build_version":"2018-07-26","purchased_purges":2,"victory":false,"max_hp_per_floor":[70,70,70,70,70,70,70,70,70,70,70,75,75,75,75,75,75,75,75,75,75,75,75,75,77,77,77,77,77,77,77,77,77,77,79,81,81,81,81,81,81,81,81,81,81,81,81,81],"card_choices":[{"not_picked":["Dodge and Roll","Catalyst"],"picked":"Deflect","floor":1.0},{"not_picked":["Flying Knee","Quick Slash"],"picked":"Dagger Throw","floor":2.0},{"not_picked":["Deflect","Escape Plan"],"picked":"Endless Agony","floor":5.0},{"not_picked":["Deflect","Slice"],"picked":"Deadly Poison","floor":7.0},{"not_picked":["Underhanded Strike","Riddle With Holes"],"picked":"Blur","floor":11.0},{"not_picked":["Sucker Punch","Prepared"],"picked":"Leg Sweep","floor":13.0},{"not_picked":["Dagger Throw","Blade Dance"],"picked":"Cloak And Dagger","floor":14.0},{"not_picked":["Phantasmal Killer","Grand Finale"],"picked":"Envenom","floor":16.0},{"not_picked":["PiercingWail+1","Quick Slash"],"picked":"Infinite Blades","floor":18.0},{"not_picked":["Dodge and Roll+1","All Out Attack"],"picked":"Skewer+1","floor":20.0},{"not_picked":["Skewer","Poisoned Stab+1"],"picked":"PiercingWail","floor":21.0},{"not_picked":["Dagger Throw","Backflip+1"],"picked":"Accuracy","floor":22.0},{"not_picked":["Bouncing Flask","Acrobatics+1","Dagger Spray"],"picked":"Singing Bowl","floor":25.0},{"not_picked":["Flying Knee","Bane+1","Concentrate"],"picked":"Blur+1","floor":30.0},{"not_picked":["Malaise","Unload","Tools of the Trade"],"picked":"A Thousand Cuts","floor":33.0},{"not_picked":["Deadly Poison+1","Deflect","Underhanded Strike+1","Tactician+1"],"picked":"Singing Bowl","floor":35.0},{"not_picked":["Prepared","Riddle With Holes+1","Poisoned Stab","Sucker Punch+1"],"picked":"Singing Bowl","floor":36.0},{"not_picked":["Caltrops","Escape Plan","PiercingWail+1"],"picked":"Footwork","floor":37.0},{"not_picked":["Dagger Spray+1","Deadly Poison","Slice+1"],"picked":"Noxious Fumes+1","floor":39.0},{"not_picked":["Expertise+1","Sucker Punch","Slice"],"picked":"Malaise","floor":40.0},{"not_picked":["Infinite Blades","Tactician+1","Poisoned Stab"],"picked":"Adrenaline","floor":42.0},{"not_picked":["Riddle With Holes","Flying Knee+1","Choke"],"picked":"Cloak And Dagger+1","floor":45.0}],"player_experience":1217698,"relics_obtained":[{"floor":7.0,"key":"Singing Bowl"},{"floor":9.0,"key":"Vajra"},{"floor":26.0,"key":"Question Card"},{"floor":40.0,"key":"MawBank"},{"floor":40.0,"key":"Boot"},{"floor":42.0,"key":"Frozen Egg 2"},{"floor":42.0,"key":"Bottled Lightning"},{"floor":43.0,"key":"Ice Cream"}],"event_choices":[{"event_name":"Golden Idol","player_choice":"Take Damage","floor":4.0,"damage_taken":0.0},{"event_name":"Big Fish","player_choice":"Donut","floor":12.0,"damage_taken":0.0},{"event_name":"Golden Shrine","player_choice":"Pray","floor":19.0,"damage_taken":0.0},{"event_name":"The Mausoleum","player_choice":"Yes","floor":28.0,"damage_taken":0.0},{"event_name":"Back to Basics","player_choice":"Simplicity","floor":31.0,"damage_taken":0.0},{"event_name":"Tomb of Lord Red Mask","player_choice":"Ignored","floor":44.0,"damage_taken":0.0},{"event_name":"Match and Keep!","player_choice":"1 cards matched","floor":46.0,"damage_taken":0.0},{"event_name":"Falling","player_choice":"Removed Attack","floor":47.0,"damage_taken":0.0}],"is_beta":false,"boss_relics":[{"not_picked":["Calling Bell","Orrery"],"picked":"Cursed Key"},{"not_picked":["Velvet Choker","Lizard Tail"],"picked":"Black Star"}],"items_purged_floors":[3,29],"is_endless":false,"potions_floor_spawned":[2,11,14,21,22,30,33,35,37,40,42,45],"killed_by":"Maw","ascension_level":0}