{"gold_per_floor":[110,90,103,118,138,138,163,175,175,186,186,60,78,88,88,88],"floor_reached":16,"playtime":828,"items_purged":["Strike_R"],"score":196,"play_id":"cd67cb8a-5438-41e3-8e9e-72d16f2e58a0","local_time":"20190212201353","is_ascension_mode":true,"campfire_choices":[{"data":"Rampage","floor":6,"key":"SMITH"},{"data":"Armaments","floor":11,"key":"SMITH"},{"floor":15,"key":"REST"}],"neow_cost":"NONE","seed_source_timestamp":798944397294542,"circlet_count":0,"master_deck":["AscendersBane","Strike_R","Strike_R","Strike_R","Strike_R","Defend_R","Defend_R","Defend_R","Defend_R","Bash","Rampage+1","Ghostly Armor","Armaments+1","Corruption","True Grit","Dropkick+1","Disarm","Feel No Pain","Disarm","Sentinel"],"relics":["Burning Blood","NeowsBlessing","Molten Egg 2","The Courier"],"potions_floor_usage":[8,8,16,16],"damage_taken":[{"damage":0,"enemies":"2 Louse","floor":1,"turns":1},{"damage":0,"enemies":"Cultist","floor":3,"turns":1},{"damage":0,"enemies":"Jaw Worm","floor":4,"turns":1},{"damage":12,"enemies":"Looter","floor":5,"turns":4},{"damage":40,"enemies":"Gremlin Nob","floor":7,"turns":5},{"damage":15,"enemies":"Large Slime","floor":8,"turns":6},{"damage":1,"enemies":"Blue Slaver","floor":10,"turns":4},{"damage":17,"enemies":"Exordium Wildlife","floor":13,"turns":8},{"damage":9,"enemies":"Large Slime","floor":14,"turns":6},{"damage":68,"enemies":"Slime Boss","floor":16,"turns":12}],"seed_played":"9162433554474498111","potions_obtained":[{"floor":1,"key":"Regen Potion"},{"floor":2,"key":"FearPotion"},{"floor":4,"key":"LiquidBronze"},{"floor":8,"key":"Fruit Juice"},{"floor":13,"key":"GamblersBrew"}],"is_trial":false,"path_per_floor":["M","?","M","M","M","R","E","M","T","M","R","$","M","M","R","B"],"character_chosen":"IRONCLAD","items_purchased":["Feel No Pain"],"campfire_rested":1,"item_purchase_floors":[12],"current_hp_per_floor":[74,74,75,75,69,69,35,45,45,50,50,50,39,36,60,0],"gold":88,"neow_bonus":"THREE_ENEMY_KILL","is_prod":false,"is_daily":false,"chose_seed":false,"campfire_upgraded":2,"win_rate":0,"timestamp":1550020433,"path_taken":["M","?","M","M","M","R","E","M","T","M","R","?","M","M","R","BOSS"],"build_version":"2019-01-23","purchased_purges":1,"victory":false,"max_hp_per_floor":[75,75,75,75,75,75,75,80,80,80,80,80,80,80,80,80],"card_choices":[{"not_picked":["Infernal Blade","Havoc"],"picked":"Rampage","floor":1},{"not_picked":["Inflame","Burning Pact"],"picked":"Ghostly Armor","floor":3},{"not_picked":["Wild Strike","Clash"],"picked":"Armaments","floor":4},{"not_picked":["Clash","Entrench"],"picked":"Corruption","floor":5},{"not_picked":["Perfected Strike","Offering"],"picked":"True Grit","floor":7},{"not_picked":["Flex","Heavy Blade+1"],"picked":"Dropkick+1","floor":8},{"not_picked":["Inflame","Cleave+1"],"picked":"Disarm","floor":10},{"not_picked":["Anger+1","Infernal Blade"],"picked":"Disarm","floor":13},{"not_picked":["Perfected Strike+1","True Grit"],"picked":"Sentinel","floor":14}],"player_experience":2420143,"relics_obtained":[{"floor":7,"key":"Molten Egg 2"},{"floor":9,"key":"The Courier"}],"event_choices":[{"damage_healed":0,"gold_gain":0,"player_choice":"Bought 1 Potion","damage_taken":0,"max_hp_gain":0,"max_hp_loss":0,"event_name":"The Woman in Blue","floor":2,"gold_loss":0}],"is_beta":false,"boss_relics":[],"items_purged_floors":[12],"is_endless":false,"potions_floor_spawned":[1,4,7,8,13],"killed_by":"Slime Boss","ascension_level":17}