{"path_per_floor":["M","?","?","$","M","E","R","$","T","E","M"],"character_chosen":"DEFECT","items_purchased":["Echo Form","Doom and Gloom"],"gold_per_floor":[119,194,194,46,56,88,88,16,70,105,116,116],"floor_reached":12,"campfire_rested":0,"playtime":277,"item_purchase_floors":[4,8],"current_hp_per_floor":[68,57,50,50,50,50,50,50,50,17,5,0],"items_purged":[],"gold":116,"score":144,"play_id":"58744839-9755-4cf9-a1c6-e885b5795ff5","local_time":"20180617163612","is_prod":false,"is_daily":false,"chose_seed":false,"is_ascension_mode":true,"campfire_upgraded":1,"win_rate":0,"timestamp":1529267772,"campfire_choices":[{"data":"Echo Form","floor":7,"key":"SMITH"}],"path_taken":["M","?","?","$","M","E","R","?","T","E","M","M"],"build_version":"2018-06-14v2","seed_source_timestamp":306821943295089,"purchased_purges":0,"victory":false,"master_deck":["Strike_B","Strike_B","Strike_B","Defend_B","Defend_B","Defend_B","Defend_B","Zap","Dualcast","Cold Snap","Echo Form+1","Gash","Hyperbeam","Doom and Gloom","Chaos","BootSequence"],"max_hp_per_floor":[75,75,75,75,75,75,75,75,75,75,75,75],"relics":["Cracked Core","NeowsBlessing","Blue Candle","Regal Pillow","Smiling Mask"],"card_choices":[{"not_picked":["Double Energy","Undo"],"picked":"Cold Snap","floor":1},{"not_picked":["Steam","Ball Lightning"],"picked":"Gash","floor":5},{"not_picked":["Loop","Chaos"],"picked":"Hyperbeam","floor":6},{"not_picked":["Hologram","Reinforced Body"],"picked":"Chaos","floor":10},{"not_picked":["Hologram","Streamline"],"picked":"BootSequence","floor":11}],"player_experience":621582,"potions_floor_usage":[10,10],"damage_taken":[{"damage":0,"enemies":"Cultist","floor":1,"turns":1},{"damage":0,"enemies":"Small Slimes","floor":5,"turns":1},{"damage":0,"enemies":"3 Sentries","floor":6,"turns":1},{"damage":33,"enemies":"Lagavulin","floor":10,"turns":4},{"damage":12,"enemies":"Jaw Worm","floor":11,"turns":2},{"damage":6,"enemies":"Large Slime","floor":12,"turns":2}],"relics_obtained":[{"floor":6,"key":"Blue Candle"},{"floor":9,"key":"Regal Pillow"},{"floor":10,"key":"Smiling Mask"}],"event_choices":[{"event_name":"World of Goop","player_choice":"Gather Gold","floor":2,"damage_taken":0},{"event_name":"Golden Wing","player_choice":"Card Removal","floor":3,"damage_taken":0}],"boss_relics":[],"items_purged_floors":[],"is_endless":false,"potions_floor_spawned":[1,6,10],"seed_played":"-1657392360654549377","killed_by":"Large Slime","ascension_level":6,"potions_obtained":[{"floor":1,"key":"EssenceOfSteel"},{"floor":6,"key":"Explosive Potion"},{"floor":10,"key":"Strength Potion"}],"is_trial":false}