{"gold_per_floor":[119,132,132,144,144,174,174,199,222,222,222,238,313,12,12,117,117,105,105,117,117,131,131],"floor_reached":23,"playtime":3238,"items_purged":[],"score":224,"play_id":"12ff6838-3d1a-4892-95c1-bc470fb2794a","local_time":"20190126194333","is_ascension_mode":false,"campfire_choices":[{"floor":7,"key":"REST"},{"floor":10,"key":"REST"},{"floor":15,"key":"REST"}],"neow_cost":"NONE","seed_source_timestamp":1231680131918315,"circlet_count":0,"master_deck":["Defend_G","Defend_G","Defend_G","Defend_G","Strike_G","Strike_G","Strike_G","Strike_G","Survivor","Neutralize","Quick Slash","Acrobatics+1","Backflip","Infinite Blades","Escape Plan","Dodge and Roll","Well Laid Plans","Enlightenment","Predator","Violence","After Image","Finisher","Infinite Blades","Endless Agony","Backstab+1"],"relics":["Ring of the Snake","Strawberry","Smiling Mask","Boot","HoveringKite"],"potions_floor_usage":[16,16,16],"damage_taken":[{"damage":0,"enemies":"Cultist","floor":1,"turns":4},{"damage":0,"enemies":"Small Slimes","floor":2,"turns":3},{"damage":1,"enemies":"Jaw Worm","floor":4,"turns":5},{"damage":38,"enemies":"3 Sentries","floor":6,"turns":12},{"damage":35,"enemies":"Lagavulin","floor":8,"turns":9},{"damage":3,"enemies":"Blue Slaver","floor":12,"turns":5},{"damage":60,"enemies":"The Guardian","floor":16,"turns":13},{"damage":21,"enemies":"2 Thieves","floor":18,"turns":4},{"damage":6,"enemies":"Shell Parasite","floor":20,"turns":5},{"damage":15,"enemies":"Snecko","floor":22,"turns":5},{"damage":26,"enemies":"Gremlin Leader","floor":23,"turns":3}],"seed_played":"6114752581697055484","potions_obtained":[{"floor":6,"key":"AttackPotion"},{"floor":8,"key":"Regen Potion"},{"floor":12,"key":"Block Potion"},{"floor":16,"key":"Strength Potion"},{"floor":22,"key":"SkillPotion"}],"is_trial":false,"path_per_floor":["M","M","?","M","?","E","R","E","T","R","?","M","?","$","R","B",null,"M","?","M","?","M","E"],"character_chosen":"THE_SILENT","items_purchased":["Enlightenment","Predator","Violence"],"campfire_rested":3,"item_purchase_floors":[14,14,14],"current_hp_per_floor":[77,77,77,76,76,45,70,35,35,60,53,50,39,39,64,16,84,63,63,57,41,26,0],"gold":131,"neow_bonus":"TEN_PERCENT_HP_BONUS","is_prod":false,"is_daily":false,"chose_seed":false,"campfire_upgraded":0,"win_rate":0.0,"timestamp":1548503013,"path_taken":["M","M","?","?","?","E","R","E","T","R","?","M","?","?","R","BOSS","M","?","?","?","M","E"],"build_version":"2019-01-23","purchased_purges":0,"victory":false,"max_hp_per_floor":[77,77,77,77,77,84,84,84,84,84,84,84,84,84,84,84,84,84,84,84,89,89,89],"card_choices":[{"not_picked":["Dodge and Roll","Well Laid Plans"],"picked":"Quick Slash","floor":1},{"not_picked":["All Out Attack","Deflect"],"picked":"Acrobatics","floor":2},{"not_picked":["Flying Knee","Dagger Spray"],"picked":"Backflip","floor":4},{"not_picked":["Dodge and Roll","Deflect"],"picked":"Escape Plan","floor":6},{"not_picked":["Dagger Spray","Glass Knife"],"picked":"Dodge and Roll","floor":8},{"not_picked":["Calculated Gamble","Dodge and Roll"],"picked":"Well Laid Plans","floor":12},{"not_picked":["Corpse Explosion","Burst"],"picked":"After Image","floor":16},{"not_picked":["Dagger Spray","Crippling Poison"],"picked":"Finisher","floor":18},{"not_picked":["Underhanded Strike","Masterful Stab"],"picked":"Endless Agony","floor":20},{"not_picked":["Choke+1","Bane"],"picked":"Backstab+1","floor":22}],"player_experience":8367,"relics_obtained":[{"floor":6,"key":"Strawberry"},{"floor":8,"key":"Smiling Mask"},{"floor":9,"key":"Boot"}],"event_choices":[{"damage_healed":0,"gold_gain":0,"player_choice":"Upgraded","damage_taken":0,"max_hp_gain":0,"max_hp_loss":0,"event_name":"Upgrade Shrine","floor":3,"gold_loss":0,"cards_upgraded":["Acrobatics"]},{"damage_healed":0,"gold_gain":0,"cards_transformed":["Defend_G"],"player_choice":"Change","damage_taken":0,"max_hp_gain":0,"max_hp_loss":0,"event_name":"Living Wall","floor":5,"gold_loss":0,"cards_obtained":["Infinite Blades"]},{"cards_removed":["Strike_G"],"damage_healed":0,"gold_gain":0,"player_choice":"Card Removal","damage_taken":7,"max_hp_gain":0,"max_hp_loss":0,"event_name":"Golden Wing","floor":11,"gold_loss":0},{"damage_healed":0,"gold_gain":75,"player_choice":"Gather Gold","damage_taken":11,"max_hp_gain":0,"max_hp_loss":0,"event_name":"World of Goop","floor":13,"gold_loss":0},{"damage_healed":0,"gold_gain":0,"player_choice":"Copied","damage_taken":0,"max_hp_gain":0,"max_hp_loss":0,"event_name":"Duplicator","floor":19,"gold_loss":0,"cards_obtained":["Infinite Blades"]},{"damage_healed":0,"gold_gain":0,"player_choice":"Shed Blood","damage_taken":21,"max_hp_gain":5,"max_hp_loss":0,"event_name":"Forgotten Altar","floor":21,"gold_loss":0}],"is_beta":false,"boss_relics":[{"not_picked":["White Beast Statue","Coffee Dripper"],"picked":"HoveringKite"}],"items_purged_floors":[],"is_endless":false,"potions_floor_spawned":[6,8,12,16,22],"killed_by":"Gremlin Leader","ascension_level":0}