{"gold_per_floor":[212,287,287,305,305,305,31,31,56,56,76,76,90,36,36,109,109,123,48,98,98,98,133,133,152,221,122,132,132,142,159,159,233,233,247,264,264,264,284,284],"floor_reached":40,"playtime":2369,"items_purged":["Strike_B"],"score":788,"play_id":"d3072210-6889-4a7d-8f60-d3663b6a916a","local_time":"20190208073235","is_ascension_mode":true,"campfire_choices":[{"floor":6.0,"key":"REST"},{"floor":8.0,"key":"REST"},{"floor":10.0,"key":"REST"},{"data":"Consume","floor":12.0,"key":"SMITH"},{"floor":15.0,"key":"REST"},{"floor":24.0,"key":"REST"},{"floor":29.0,"key":"REST"},{"floor":32.0,"key":"REST"}],"neow_cost":"NONE","seed_source_timestamp":0,"circlet_count":0,"master_deck":["AscendersBane","Strike_B","Strike_B","Strike_B","Defend_B","Defend_B","Defend_B","Defend_B","Zap","Dualcast","Consume+1","Sunder","Conserve Battery","Ball Lightning","Coolheaded","Electrodynamics","Redo","Hologram","Compile Driver","Loop","Coolheaded","Steam","Core Surge","Reinforced Body","Echo Form","Recycle","Steam+1","Writhe"],"special_seed":0,"relics":["FrozenCore","Nunchaku","Cables","Bag of Preparation","Pear","Bottled Flame","Inserter"],"potions_floor_usage":[39],"damage_taken":[{"damage":13.0,"enemies":"Small Slimes","floor":1.0,"turns":3.0},{"damage":4.0,"enemies":"2 Louse","floor":4.0,"turns":3.0},{"damage":12.0,"enemies":"Jaw Worm","floor":11.0,"turns":2.0},{"damage":15.0,"enemies":"3 Louse","floor":13.0,"turns":2.0},{"damage":33.0,"enemies":"The Guardian","floor":16.0,"turns":13.0},{"damage":11.0,"enemies":"2 Thieves","floor":18.0,"turns":4.0},{"damage":40.0,"enemies":"Slavers","floor":23.0,"turns":3.0},{"damage":2.0,"enemies":"Shell Parasite","floor":25.0,"turns":8.0},{"damage":14.0,"enemies":"Snecko","floor":28.0,"turns":5.0},{"damage":24.0,"enemies":"Centurion and Healer","floor":30.0,"turns":9.0},{"damage":11.0,"enemies":"Snake Plant","floor":31.0,"turns":6.0},{"damage":23.0,"enemies":"Champ","floor":33.0,"turns":17.0},{"damage":11,"enemies":"Orb Walker","floor":35,"turns":8},{"damage":42,"enemies":"3 Darklings","floor":36,"turns":4},{"damage":28,"enemies":"Maw","floor":39,"turns":10},{"damage":41,"enemies":"Giant Head","floor":40,"turns":9}],"seed_played":"6304458619104167453","potions_obtained":[{"floor":1.0,"key":"FearPotion"},{"floor":11.0,"key":"Weak Potion"},{"floor":13.0,"key":"Dexterity Potion"},{"floor":16.0,"key":"Block Potion"},{"floor":18.0,"key":"Energy Potion"},{"floor":25.0,"key":"PowerPotion"},{"floor":30.0,"key":"Dexterity Potion"},{"floor":35,"key":"FocusPotion"},{"floor":36,"key":"Weak Potion"}],"is_trial":false,"path_per_floor":["M","?","?","M","?","R","$","R","T","R","M","R","M","$","R","B",null,"M","$","?","?","?","E","R","M","T","$","M","R","M","M","R","B",null,"M","M","?","?","M","E"],"character_chosen":"DEFECT","items_purchased":["Cables","Coolheaded","Loop","Coolheaded"],"campfire_rested":7,"item_purchase_floors":[7,14,27,27],"current_hp_per_floor":[51,40,5,1,1,22,22,43,43,64,52,52,37,37,58,25,60,49,49,49,49,49,19,43,41,41,41,27,51,27,16,40,17,65,54,12,66,66,38,0],"gold":284,"neow_bonus":"HUNDRED_GOLD","is_prod":false,"is_daily":false,"chose_seed":false,"campfire_upgraded":1,"win_rate":0,"timestamp":1549629155,"path_taken":["M","?","?","M","?","R","$","R","T","R","M","R","M","$","R","BOSS","M","$","?","?","?","E","R","M","T","$","M","R","?","M","R","BOSS","M","M","?","?","?","E"],"build_version":"2019-01-23","purchased_purges":1,"victory":false,"max_hp_per_floor":[71,71,71,71,71,71,71,71,71,71,71,71,71,71,71,71,71,71,71,71,71,71,81,81,81,81,81,81,81,81,81,81,81,81,81,81,66,66,66,66],"card_choices":[{"not_picked":["FTL","Compile Driver"],"picked":"Consume","floor":1.0},{"not_picked":["Sweeping Beam","Stack"],"picked":"Sunder","floor":4.0},{"not_picked":["Beam Cell","Recycle"],"picked":"Conserve Battery","floor":11.0},{"not_picked":["Reinforced Body","Skim"],"picked":"Ball Lightning","floor":13.0},{"not_picked":["Seek","Meteor Strike"],"picked":"Electrodynamics","floor":16.0},{"not_picked":["Turbo","Go for the Eyes"],"picked":"Redo","floor":18.0},{"not_picked":["Creative AI","Beam Cell"],"picked":"Hologram","floor":23.0},{"not_picked":["Rebound","Turbo+1"],"picked":"Compile Driver","floor":25.0},{"not_picked":["Rebound","Hologram"],"picked":"Steam","floor":28.0},{"not_picked":["Doom and Gloom","Streamline"],"picked":"Core Surge","floor":30.0},{"not_picked":["Scrape","Sweeping Beam"],"picked":"Reinforced Body","floor":31.0},{"not_picked":["Seek","Core Surge"],"picked":"Echo Form","floor":33.0},{"not_picked":["Reprogram","Cold Snap"],"picked":"Recycle","floor":35},{"not_picked":["Aggregate","Ball Lightning"],"picked":"Steam+1","floor":36},{"not_picked":["FTL","Compile Driver","Scrape+1"],"picked":"SKIP","floor":39}],"player_experience":2347344,"relics_obtained":[{"floor":9.0,"key":"Bag of Preparation"},{"floor":23.0,"key":"Pear"},{"floor":26.0,"key":"Bottled Flame"}],"event_choices":[{"damage_healed":0.0,"max_hp_gain":0.0,"max_hp_loss":0.0,"gold_gain":75.0,"event_name":"World of Goop","player_choice":"Gather Gold","floor":2.0,"gold_loss":0.0,"damage_taken":11.0},{"damage_healed":0.0,"max_hp_gain":0.0,"max_hp_loss":0.0,"gold_gain":0.0,"event_name":"Scrap Ooze","player_choice":"Success","floor":3.0,"gold_loss":0.0,"damage_taken":35.0,"relics_obtained":["Nunchaku"]},{"damage_healed":0.0,"max_hp_gain":0.0,"max_hp_loss":0.0,"gold_gain":0.0,"event_name":"Shining Light","player_choice":"Ignored","floor":5.0,"gold_loss":0.0,"damage_taken":0.0},{"damage_healed":0.0,"max_hp_gain":0.0,"max_hp_loss":0.0,"gold_gain":50.0,"event_name":"Nest","player_choice":"Stole From Cult","floor":20.0,"gold_loss":0.0,"damage_taken":0.0},{"damage_healed":0.0,"max_hp_gain":0.0,"max_hp_loss":0.0,"gold_gain":0.0,"event_name":"Vampires","player_choice":"Ignored","floor":21.0,"gold_loss":0.0,"damage_taken":0.0},{"damage_healed":0.0,"max_hp_gain":0.0,"max_hp_loss":0.0,"gold_gain":0.0,"event_name":"Cursed Tome","player_choice":"Ignored","floor":22.0,"gold_loss":0.0,"damage_taken":0.0},{"damage_healed":66,"gold_gain":0,"player_choice":"Heal","damage_taken":0,"max_hp_gain":0,"max_hp_loss":15,"event_name":"The Moai Head","floor":37,"gold_loss":0},{"damage_healed":13,"gold_gain":0,"player_choice":"Writhe","damage_taken":0,"max_hp_gain":0,"max_hp_loss":0,"event_name":"Winding Halls","floor":38,"gold_loss":0,"cards_obtained":["Writhe"]}],"is_beta":false,"boss_relics":[{"not_picked":["White Beast Statue","Runic Dome"],"picked":"FrozenCore"},{"not_picked":["Runic Pyramid","Nuclear Battery"],"picked":"Inserter"}],"items_purged_floors":[19],"is_endless":false,"potions_floor_spawned":[1,11,13,16,18,25,30,35,36],"killed_by":"Giant Head","ascension_level":20}