{"path_per_floor":["M","M","?","?","?","E","?","R","T","$","T","M","R","M","R","B",null,"M","?","M","$","M","R","M","R","T","$","M","M","M","M","R","B",null,"M","?","?","$","?","R","$","M","T","$","R","E","M"],"character_chosen":"IRONCLAD","items_purchased":["Thunderclap","Heavy Blade","Ornamental Fan","Demon Form","Reaper"],"gold_per_floor":[113,125,90,90,155,187,187,187,187,88,163,177,177,195,195,293,293,310,290,301,10,26,26,37,37,82,11,22,34,47,63,63,168,168,180,180,180,16,16,16,16,27,27,27,27,56,69,69],"floor_reached":48,"campfire_rested":6,"playtime":1426,"item_purchase_floors":[10,21,21,27,38],"current_hp_per_floor":[73,61,80,77,77,63,68,85,85,82,82,82,82,65,82,51,82,78,78,71,71,65,82,65,82,82,82,76,57,41,46,70,12,82,69,69,59,59,59,82,82,82,82,82,82,36,17,0],"items_purged":["Parasite"],"gold":69,"score":485,"play_id":"f842541a-6c36-4f47-bea8-25f41d964a0b","local_time":"20180526103221","is_prod":false,"is_daily":false,"chose_seed":false,"is_ascension_mode":false,"campfire_upgraded":2,"win_rate":0.0,"timestamp":1527348741,"campfire_choices":[{"floor":8,"key":"REST"},{"data":"Demon Form","floor":13,"key":"SMITH"},{"floor":15,"key":"REST"},{"floor":23,"key":"REST"},{"floor":25,"key":"REST"},{"floor":32,"key":"REST"},{"floor":40,"key":"REST"},{"data":"Limit Break","floor":45,"key":"SMITH"}],"path_taken":["M","?","?","?","?","E","?","R","T","$","?","M","R","M","R","BOSS","M","?","M","$","?","R","M","R","T","?","M","M","?","M","R","BOSS","M","?","?","$","?","R","$","M","T","?","R","E","?","M"],"build_version":"2018-05-24","seed_source_timestamp":292871982109976,"purchased_purges":1,"victory":false,"master_deck":["Strike_R+1","Strike_R","Strike_R","Strike_R","Defend_R","Defend_R","Defend_R","Defend_R","Bash","Demon Form+1","Heavy Blade","Thunderclap","Perfected Strike","Whirlwind","Limit Break+1","Flex","Heavy Blade","Anger","Thunderclap","Demon Form","Flex","Heavy Blade+1","Bandage Up","Madness","Madness","Reaper","Anger+1"],"max_hp_per_floor":[80,80,80,80,80,80,85,85,85,82,82,82,82,82,82,82,82,82,82,82,82,82,82,82,82,82,82,82,82,82,82,82,82,82,82,82,82,82,82,82,82,82,82,82,82,82,82,82],"relics":["Black Blood","Torii","Pen Nib","Omamori","Self Forming Clay","Cursed Key","Ornamental Fan","Oddly Smooth Stone","Darkstone Periapt","Whetstone"],"card_choices":[{"not_picked":["Juggernaut","Double Tap"],"picked":"Demon Form","floor":0},{"not_picked":["Inflame","Dual Wield"],"picked":"Heavy Blade","floor":1},{"not_picked":["Sword Boomerang","Wild Strike","Reckless Charge"],"picked":"SKIP","floor":2},{"not_picked":["True Grit","Sword Boomerang","Armaments"],"picked":"SKIP","floor":6},{"not_picked":["Twin Strike","Cleave"],"picked":"Perfected Strike","floor":12},{"not_picked":["Clothesline","Disarm"],"picked":"Whirlwind","floor":14},{"not_picked":["Double Tap","Brutality"],"picked":"Limit Break","floor":16},{"not_picked":["Evolve","Clothesline"],"picked":"Flex","floor":18},{"not_picked":["Metallicize+1","Disarm+1","Fire Breathing"],"picked":"SKIP","floor":20},{"not_picked":["Havoc","Clash"],"picked":"Anger","floor":22},{"not_picked":["Sever Soul","Reckless Charge+1"],"picked":"Thunderclap","floor":24},{"not_picked":["Body Slam+1","Warcry","Clothesline"],"picked":"SKIP","floor":28},{"not_picked":["Havoc","Pummel","Battle Trance"],"picked":"SKIP","floor":29},{"not_picked":["Dropkick","Brutality"],"picked":"Flex","floor":30},{"not_picked":["Dropkick+1","Armaments"],"picked":"Heavy Blade","floor":31},{"not_picked":["Havoc+1","Wild Strike","Shockwave"],"picked":"SKIP","floor":35},{"not_picked":["Finesse","Panacea"],"picked":"Bandage Up","floor":36},{"not_picked":["Armaments+1","Cleave","Dual Wield+1"],"picked":"SKIP","floor":42},{"not_picked":["Combust+1","Headbutt"],"picked":"Anger+1","floor":46},{"not_picked":["Wild Strike+1","Sword Boomerang+1","Thunderclap"],"picked":"SKIP","floor":47}],"player_experience":144545,"potions_floor_usage":[6,22,22,28,28,30,31,35,42],"damage_taken":[{"damage":13,"enemies":"Cultist","floor":1,"turns":5},{"damage":18,"enemies":"Jaw Worm","floor":2,"turns":5},{"damage":20,"enemies":"Gremlin Nob","floor":6,"turns":4},{"damage":0,"enemies":"2 Louse","floor":12,"turns":2},{"damage":23,"enemies":"Gremlin Gang","floor":14,"turns":5},{"damage":37,"enemies":"Slime Boss","floor":16,"turns":10},{"damage":10,"enemies":"Shell Parasite","floor":18,"turns":6},{"damage":13,"enemies":"Chosen","floor":20,"turns":4},{"damage":12,"enemies":"Slaver and Parasite","floor":22,"turns":7},{"damage":23,"enemies":"Snake Plant","floor":24,"turns":4},{"damage":12,"enemies":"3 Cultists","floor":28,"turns":4},{"damage":25,"enemies":"Cultist and Chosen","floor":29,"turns":6},{"damage":30,"enemies":"Snake Plant","floor":30,"turns":4},{"damage":1,"enemies":"Snecko","floor":31,"turns":3},{"damage":64,"enemies":"Automaton","floor":33,"turns":7},{"damage":23,"enemies":"Orb Walker","floor":35,"turns":5},{"damage":13,"enemies":"3 Shapes","floor":42,"turns":5},{"damage":60,"enemies":"2 Orb Walkers","floor":46,"turns":4},{"damage":36,"enemies":"Sphere and 2 Shapes","floor":47,"turns":5},{"damage":26,"enemies":"Spire Growth","floor":48,"turns":3}],"relics_obtained":[{"floor":6,"key":"Pen Nib"},{"floor":9,"key":"Omamori"},{"floor":11,"key":"Self Forming Clay"},{"floor":26,"key":"Oddly Smooth Stone"},{"floor":43,"key":"Darkstone Periapt"},{"floor":46,"key":"Whetstone"}],"event_choices":[{"event_name":"The Cleric","player_choice":"Healed","floor":3,"damage_taken":0},{"event_name":"Scrap Ooze","player_choice":"success","floor":4,"damage_taken":3},{"event_name":"Golden Wing","player_choice":"Gained Gold","floor":5,"damage_taken":0},{"event_name":"Big Fish","player_choice":"Donut","floor":7,"damage_taken":0},{"event_name":"The Woman in Blue","player_choice":"Bought 1 Potion","floor":19,"damage_taken":0},{"event_name":"SensoryStone","player_choice":"Memory 1","floor":36,"damage_taken":0},{"event_name":"Winding Halls","player_choice":"Embrace Madness","floor":37,"damage_taken":0},{"event_name":"Purifier","player_choice":"One Purge","floor":39,"damage_taken":0}],"boss_relics":[{"not_picked":["Velvet Choker","Philosopher\u0027s Stone"],"picked":"Cursed Key"},{"not_picked":["Runic Dome","Black Star"],"picked":"Black Blood"}],"items_purged_floors":[10],"potions_floor_spawned":[1,2,16,20,22,24,30,33,35],"seed_played":"2667426789875748891","killed_by":"Spire Growth","ascension_level":0,"potions_obtained":[{"floor":1,"key":"BloodPotion"},{"floor":2,"key":"Fire Potion"},{"floor":16,"key":"GamblersBrew"},{"floor":19,"key":"Block Potion"},{"floor":20,"key":"Weak Potion"},{"floor":22,"key":"Poison Potion"},{"floor":24,"key":"Poison Potion"},{"floor":30,"key":"Poison Potion"},{"floor":33,"key":"SkillPotion"},{"floor":35,"key":"Explosive Potion"}],"is_trial":false}