{"gold_per_floor":[113,113,113,124,142,170,142,173,173,173,173,189,189,207,207,328,328,344,362,378,393,70,70],"floor_reached":23,"playtime":969,"items_purged":["Combust"],"score":264,"play_id":"45b49f8c-8bed-40de-9c91-8527efc64ac4","local_time":"20190107215512","is_ascension_mode":true,"campfire_choices":[{"floor":11,"key":"REST"},{"data":"Ghostly Armor","floor":15,"key":"SMITH"}],"neow_cost":"NONE","seed_source_timestamp":1586830412203461,"circlet_count":0,"master_deck":["Strike_R","Strike_R","Strike_R","Strike_R","Strike_R","Defend_R","Defend_R","Defend_R","Defend_R","Clothesline","Anger+1","Headbutt","Ghostly Armor+1","Bludgeon","Cleave","Flame Barrier","Shrug It Off+1","Double Tap"],"relics":["Burning Blood","NeowsBlessing","Regal Pillow","Kunai","Oddly Smooth Stone","Golden Idol","Sozu","Membership Card","Bag of Marbles"],"potions_floor_usage":[6,8,19,23],"damage_taken":[{"damage":0,"enemies":"2 Louse","floor":1,"turns":1},{"damage":0,"enemies":"Small Slimes","floor":4,"turns":1},{"damage":0,"enemies":"Cultist","floor":5,"turns":1},{"damage":21,"enemies":"Gremlin Nob","floor":6,"turns":4},{"damage":19,"enemies":"3 Sentries","floor":8,"turns":4},{"damage":0,"enemies":"2 Fungi Beasts","floor":12,"turns":4},{"damage":4,"enemies":"Looter","floor":14,"turns":3},{"damage":38,"enemies":"The Guardian","floor":16,"turns":13},{"damage":12,"enemies":"Shell Parasite","floor":18,"turns":8},{"damage":0,"enemies":"Chosen","floor":19,"turns":6},{"damage":14,"enemies":"Centurion and Healer","floor":20,"turns":7},{"damage":32,"enemies":"Sentry and Sphere","floor":21,"turns":7},{"damage":43,"enemies":"Gremlin Leader","floor":23,"turns":6}],"seed_played":"2799063250139177151","potions_obtained":[{"floor":1,"key":"Ancient Potion"},{"floor":4,"key":"Explosive Potion"},{"floor":5,"key":"Strength Potion"},{"floor":8,"key":"Dexterity Potion"}],"is_trial":false,"path_per_floor":["M","?","?","M","M","E","?","E","T","?","R","M","?","M","R","B",null,"M","M","M","M","$","E"],"character_chosen":"IRONCLAD","items_purchased":["Membership Card","Bag of Marbles"],"campfire_rested":1,"item_purchase_floors":[22,22],"current_hp_per_floor":[78,78,78,80,80,65,65,52,52,32,71,77,77,79,79,47,72,66,72,64,38,38,0],"gold":70,"neow_bonus":"THREE_ENEMY_KILL","is_prod":false,"is_daily":false,"chose_seed":false,"campfire_upgraded":1,"win_rate":0,"timestamp":1546919712,"path_taken":["M","?","?","?","M","E","?","E","T","?","R","M","?","?","R","BOSS","M","M","M","M","$","E"],"build_version":"2019-01-03v4","purchased_purges":1,"victory":false,"max_hp_per_floor":[80,80,80,80,80,80,80,80,80,80,80,80,80,80,80,80,80,80,80,80,80,80,80],"card_choices":[{"not_picked":["Flex","Iron Wave"],"picked":"Combust","floor":1},{"not_picked":["Battle Trance","Burning Pact"],"picked":"Clothesline","floor":4},{"not_picked":["Dual Wield","Flex"],"picked":"Anger","floor":5},{"not_picked":["Flex","Havoc","Dark Embrace"],"picked":"SKIP","floor":6},{"not_picked":["Pommel Strike","Anger"],"picked":"Headbutt","floor":8},{"not_picked":["Sentinel","Corruption","Pummel"],"picked":"SKIP","floor":12},{"not_picked":["Sentinel","Anger"],"picked":"Ghostly Armor","floor":14},{"not_picked":["Fiend Fire","Feed"],"picked":"Bludgeon","floor":16},{"not_picked":["Armaments+1","Clothesline"],"picked":"Cleave","floor":18},{"not_picked":["Flex","Armaments"],"picked":"Flame Barrier","floor":19},{"not_picked":["Headbutt+1","Armaments"],"picked":"Shrug It Off+1","floor":20},{"not_picked":["Clothesline","Anger"],"picked":"Double Tap","floor":21}],"player_experience":581839,"relics_obtained":[{"floor":6,"key":"Regal Pillow"},{"floor":8,"key":"Kunai"},{"floor":9,"key":"Oddly Smooth Stone"}],"event_choices":[{"damage_healed":0,"gold_gain":0,"player_choice":"Leave","damage_taken":0,"max_hp_gain":0,"max_hp_loss":0,"event_name":"The Cleric","floor":2,"gold_loss":0},{"cards_removed":["Bash"],"damage_healed":0,"gold_gain":0,"player_choice":"Purged","damage_taken":0,"max_hp_gain":0,"max_hp_loss":0,"event_name":"Purifier","floor":3,"gold_loss":0},{"damage_healed":0,"gold_gain":0,"player_choice":"Left Gold","damage_taken":0,"max_hp_gain":0,"max_hp_loss":0,"event_name":"World of Goop","floor":7,"gold_loss":28},{"damage_healed":0,"gold_gain":0,"player_choice":"Take Damage","damage_taken":20,"relics_obtained":["Golden Idol"],"max_hp_gain":0,"max_hp_loss":0,"event_name":"Golden Idol","floor":10,"gold_loss":0},{"damage_healed":0,"gold_gain":0,"player_choice":"Upgraded","damage_taken":0,"max_hp_gain":0,"max_hp_loss":0,"event_name":"Upgrade Shrine","floor":13,"gold_loss":0,"cards_upgraded":["Anger"]}],"is_beta":true,"boss_relics":[{"not_picked":["White Beast Statue","Mark of Pain"],"picked":"Sozu"}],"items_purged_floors":[22],"is_endless":false,"potions_floor_spawned":[1,4,5,8,18,21],"killed_by":"Gremlin Leader","ascension_level":6}