{"gold_per_floor":[109,124,5,5,5,5,17,35,60,88,88,388,407,407,407,528,528,553,566,337,362,385,385],"floor_reached":23,"playtime":1194,"items_purged":["Strike_R"],"score":193,"play_id":"36c45e3f-db5a-4c0f-a16e-74546e87d7b3","local_time":"20190111112602","is_ascension_mode":false,"campfire_choices":[{"data":"Rampage","floor":6,"key":"SMITH"},{"data":"Battle Trance","floor":11,"key":"SMITH"},{"floor":15,"key":"REST"}],"neow_cost":"NONE","seed_source_timestamp":200799202370268,"circlet_count":0,"master_deck":["Strike_R","Strike_R","Strike_R","Strike_R","Defend_R","Defend_R","Defend_R","Defend_R","Bash","Cleave","Rampage+1","Shrug It Off","Battle Trance+1","Dropkick+1"],"relics":["Burning Blood","Pen Nib","Boot","Potion Belt","Old Coin","Golden Idol","Sozu","Strawberry"],"potions_floor_usage":[2,10,16],"damage_taken":[{"damage":6,"enemies":"Cultist","floor":1,"turns":3},{"damage":0,"enemies":"2 Louse","floor":2,"turns":2},{"damage":0,"enemies":"Small Slimes","floor":7,"turns":2},{"damage":12,"enemies":"Looter","floor":8,"turns":3},{"damage":40,"enemies":"Gremlin Nob","floor":10,"turns":5},{"damage":16,"enemies":"Exordium Wildlife","floor":13,"turns":3},{"damage":34,"enemies":"The Guardian","floor":16,"turns":9},{"damage":7,"enemies":"Chosen","floor":18,"turns":4},{"damage":13,"enemies":"3 Byrds","floor":19,"turns":4},{"damage":46,"enemies":"Sentry and Sphere","floor":21,"turns":6},{"damage":27,"enemies":"Centurion and Healer","floor":22,"turns":6},{"damage":21,"enemies":"Snake Plant","floor":23,"turns":4}],"seed_played":"-8622717103516842209","potions_obtained":[{"floor":2,"key":"Fruit Juice"},{"floor":7,"key":"Regen Potion"},{"floor":13,"key":"LiquidBronze"}],"is_trial":false,"path_per_floor":["M","M","$","?","$","R","M","M","T","E","R","?","M","?","R","B",null,"M","M","$","M","M","M"],"character_chosen":"IRONCLAD","items_purchased":["Rampage","Shrug It Off","Strawberry"],"campfire_rested":1,"item_purchase_floors":[3,3,20],"current_hp_per_floor":[80,85,85,90,90,90,90,84,84,55,55,43,33,33,57,29,83,82,75,82,42,21,0],"gold":385,"neow_bonus":"RANDOM_COMMON_RELIC","is_prod":false,"is_daily":false,"chose_seed":false,"campfire_upgraded":2,"win_rate":0,"timestamp":1547223962,"path_taken":["M","?","$","?","$","R","M","M","T","E","R","?","M","?","R","BOSS","M","M","$","M","M","M"],"build_version":"2019-01-10","purchased_purges":1,"victory":false,"max_hp_per_floor":[80,85,85,90,90,90,90,90,90,90,90,90,90,83,83,83,83,83,83,90,90,90,90],"card_choices":[{"not_picked":["Armaments","Power Through"],"picked":"Cleave","floor":1},{"not_picked":["Second Wind","Body Slam","Heavy Blade"],"picked":"SKIP","floor":2},{"not_picked":["Clothesline","Intimidate"],"picked":"Battle Trance","floor":7},{"not_picked":["Twin Strike","Searing Blow","Anger"],"picked":"SKIP","floor":8},{"not_picked":["Havoc","Immolate","Heavy Blade"],"picked":"SKIP","floor":10},{"not_picked":["Seeing Red","Clash","Burning Pact"],"picked":"SKIP","floor":13},{"not_picked":["Bloodletting+1","Carnage+1","Flame Barrier"],"picked":"SKIP","floor":18},{"not_picked":["Shrug It Off+1","Hemokinesis","Clash"],"picked":"SKIP","floor":19},{"not_picked":["Warcry","Armaments+1"],"picked":"Dropkick+1","floor":21},{"not_picked":["Iron Wave","Havoc","Perfected Strike"],"picked":"SKIP","floor":22}],"player_experience":2074642,"relics_obtained":[{"floor":9,"key":"Boot"},{"floor":10,"key":"Potion Belt"}],"event_choices":[{"damage_healed":0,"gold_gain":0,"player_choice":"Donut","damage_taken":0,"max_hp_gain":5,"max_hp_loss":0,"event_name":"Big Fish","floor":4,"gold_loss":0},{"damage_healed":0,"gold_gain":0,"player_choice":"Success","damage_taken":12,"relics_obtained":["Old Coin"],"max_hp_gain":0,"max_hp_loss":0,"event_name":"Scrap Ooze","floor":12,"gold_loss":0},{"damage_healed":0,"gold_gain":0,"player_choice":"Lose Max HP","damage_taken":0,"relics_obtained":["Golden Idol"],"max_hp_gain":0,"max_hp_loss":7,"event_name":"Golden Idol","floor":14,"gold_loss":0}],"is_beta":false,"boss_relics":[{"not_picked":["White Beast Statue","Eternal Feather"],"picked":"Sozu"}],"items_purged_floors":[20],"is_endless":false,"potions_floor_spawned":[2,7,13,21],"killed_by":"Snake Plant","ascension_level":0}