{"gold_per_floor":[112,112,62,312,487,487,517,529,529,529,43,60,60,73,73,73],"floor_reached":16,"playtime":1112,"items_purged":["Regret"],"score":167,"play_id":"9e5c7c6f-9b91-43db-b6f0-a7a73e4921d6","local_time":"20180705120216","is_ascension_mode":true,"campfire_choices":[{"data":"Second Wind","floor":6,"key":"SMITH"},{"data":"True Grit","floor":10,"key":"SMITH"},{"data":"Apotheosis","floor":13,"key":"SMITH"},{"floor":15,"key":"REST"}],"neow_cost":"NONE","seed_source_timestamp":548812319016477,"circlet_count":0,"master_deck":["Strike_R","Strike_R","Defend_R","Defend_R","Defend_R","Defend_R","Bash","AscendersBane","Second Wind+1","Pommel Strike","Clothesline","Doubt","Pummel","True Grit+1","Apotheosis+1","Uppercut","Feel No Pain"],"relics":["Burning Blood","Singing Bowl","Ornamental Fan","Membership Card"],"potions_floor_usage":[7,14],"damage_taken":[{"damage":7,"enemies":"2 Louse","floor":1,"turns":3},{"damage":49,"enemies":"Gremlin Nob","floor":7,"turns":7},{"damage":15,"enemies":"Cultist","floor":8,"turns":5},{"damage":1,"enemies":"Small Slimes","floor":12,"turns":5},{"damage":20,"enemies":"Gremlin Gang","floor":14,"turns":6},{"damage":39,"enemies":"Hexaghost","floor":16,"turns":11}],"seed_played":"7991627113694903248","potions_obtained":[{"floor":1,"key":"BloodPotion"},{"floor":12,"key":"SkillPotion"}],"is_trial":false,"path_per_floor":["M","?","?","?","?","R","E","M","T","R","$","M","R","M","R"],"character_chosen":"IRONCLAD","items_purchased":["Membership Card","Apotheosis","Uppercut"],"campfire_rested":1,"item_purchase_floors":[11,11,11],"current_hp_per_floor":[67,67,67,67,67,67,31,22,22,22,22,29,29,15,38,0],"gold":73,"neow_bonus":"TRANSFORM_CARD","is_prod":false,"is_daily":false,"chose_seed":false,"campfire_upgraded":3,"win_rate":0,"timestamp":1530784936,"path_taken":["M","?","?","?","?","R","E","M","T","R","$","M","R","M","R","BOSS"],"build_version":"2018-07-04","purchased_purges":1,"victory":false,"max_hp_per_floor":[75,75,75,75,75,75,75,75,75,75,75,77,77,77,77,77],"card_choices":[{"not_picked":["Combust","Anger"],"picked":"Pommel Strike","floor":1},{"not_picked":["Berserk","Corruption"],"picked":"Pummel","floor":7},{"not_picked":["Sword Boomerang","Clash"],"picked":"True Grit","floor":8},{"not_picked":["Sword Boomerang","Cleave","Thunderclap"],"picked":"Singing Bowl","floor":12},{"not_picked":["Seeing Red","Wild Strike"],"picked":"Feel No Pain","floor":14}],"player_experience":257792,"relics_obtained":[{"floor":7,"key":"Singing Bowl"},{"floor":9,"key":"Ornamental Fan"}],"event_choices":[{"event_name":"Transmorgrifier","player_choice":"Transform","floor":2,"damage_taken":0},{"event_name":"The Cleric","player_choice":"Card Removal","floor":3,"damage_taken":0},{"event_name":"Golden Shrine","player_choice":"Desecrate","floor":4,"damage_taken":0},{"event_name":"Liars Game","player_choice":"agreed","floor":5,"damage_taken":0}],"boss_relics":[],"items_purged_floors":[11],"is_endless":false,"potions_floor_spawned":[1,12],"killed_by":"Hexaghost","ascension_level":14}