{"gold_per_floor":[113,113,113,113,128,128,128,163,163,194,148,148,148,169,169,294,294,309,309,87,87,104,122,122,134,134,134],"floor_reached":27,"playtime":814,"items_purged":["Shame"],"score":390,"play_id":"7263ed81-f392-400f-aa23-50708998c2c4","local_time":"20190119090959","is_ascension_mode":true,"campfire_choices":[{"data":"Dualcast","floor":6.0,"key":"SMITH"},{"floor":12,"key":"REST"},{"data":"Defragment","floor":15,"key":"SMITH"},{"floor":24,"key":"REST"}],"neow_cost":"NONE","seed_source_timestamp":1239471627322712,"circlet_count":0,"master_deck":["AscendersBane","Strike_B","Strike_B","Strike_B","Strike_B","Defend_B+1","Defend_B","Defend_B","Defend_B","Zap+1","Dualcast+1","Ball Lightning","Redo","Aggregate","Defragment+1","Hologram","All For One","Writhe","Undo","Steam+1","Conserve Battery"],"special_seed":0,"relics":["Cracked Core","NeowsBlessing","Omamori","WarpedTongs","Bloody Idol","Dodecahedron","DataDisk","Mercury Hourglass","The Courier","Calling Bell","Regal Pillow","Gremlin Horn","Dead Branch","Medical Kit","Letter Opener"],"potions_floor_usage":[10,16,25,27],"damage_taken":[{"damage":0.0,"enemies":"Jaw Worm","floor":1.0,"turns":1.0},{"damage":0.0,"enemies":"2 Louse","floor":5.0,"turns":1.0},{"damage":0.0,"enemies":"Lagavulin","floor":8.0,"turns":1.0},{"damage":15,"enemies":"3 Sentries","floor":10,"turns":5},{"damage":0,"enemies":"Cultist","floor":14,"turns":2},{"damage":12,"enemies":"Slime Boss","floor":16,"turns":5},{"damage":36,"enemies":"2 Thieves","floor":18,"turns":3},{"damage":16,"enemies":"3 Byrds","floor":22,"turns":3},{"damage":15,"enemies":"Centurion and Healer","floor":23,"turns":6},{"damage":33,"enemies":"3 Cultists","floor":25,"turns":6},{"damage":39,"enemies":"Slavers","floor":27,"turns":3}],"seed_played":"-4278513253614483213","potions_obtained":[{"floor":8.0,"key":"SteroidPotion"},{"floor":10,"key":"Regen Potion"},{"floor":14,"key":"Dexterity Potion"},{"floor":22,"key":"LiquidBronze"}],"is_trial":false,"path_per_floor":["M","?","?","?","M","R","?","E","T","E","?","R","T","M","R","B",null,"M","?","$","?","M","M","R","M","T","E"],"character_chosen":"DEFECT","items_purchased":["Medical Kit"],"campfire_rested":2,"item_purchase_floors":[20],"current_hp_per_floor":[68,53,41,41,41,41,41,41,41,26,26,46,46,46,46,48,64,28,51,51,51,40,30,65,37,37,0],"gold":134,"neow_bonus":"THREE_ENEMY_KILL","is_prod":false,"is_daily":false,"chose_seed":false,"campfire_upgraded":2,"win_rate":0,"timestamp":1547856599,"path_taken":["M","?","?","?","?","R","?","E","T","E","?","R","?","M","R","BOSS","M","?","$","?","M","?","R","M","T","E"],"build_version":"2019-01-17v2","purchased_purges":1,"victory":false,"max_hp_per_floor":[75,75,75,75,75,75,69,69,69,69,69,69,69,69,69,69,69,69,69,69,69,69,69,69,69,69,69],"card_choices":[{"not_picked":["Undo","Steam"],"picked":"Ball Lightning","floor":1.0},{"not_picked":["Stack","Scrape"],"picked":"Redo","floor":5.0},{"not_picked":["Chill","Turbo"],"picked":"Aggregate","floor":8.0},{"not_picked":["Conserve Battery","Aggregate"],"picked":"Defragment","floor":10},{"not_picked":["Gash","Barrage"],"picked":"Hologram","floor":14},{"not_picked":["Hyperbeam","Meteor Strike"],"picked":"All For One","floor":16},{"not_picked":["Rebound","Beam Cell"],"picked":"Undo","floor":18},{"not_picked":["Redo+1","Compile Driver","Hologram+1"],"picked":"SKIP","floor":22},{"not_picked":["Barrage","Conserve Battery"],"picked":"Steam+1","floor":23},{"not_picked":["Ball Lightning","Barrage"],"picked":"Conserve Battery","floor":25}],"player_experience":407625,"relics_obtained":[{"floor":8.0,"key":"Dodecahedron"},{"floor":9.0,"key":"DataDisk"},{"floor":10,"key":"Mercury Hourglass"},{"floor":13,"key":"The Courier"},{"floor":17,"key":"Regal Pillow"},{"floor":17,"key":"Gremlin Horn"},{"floor":17,"key":"Dead Branch"},{"floor":26,"key":"Letter Opener"}],"event_choices":[{"damage_healed":0.0,"max_hp_gain":0.0,"max_hp_loss":0.0,"gold_gain":0.0,"event_name":"Shining Light","player_choice":"Entered Light","floor":2.0,"gold_loss":0.0,"damage_taken":15.0,"cards_upgraded":["Defend_B","Zap"]},{"damage_healed":0.0,"max_hp_gain":0.0,"max_hp_loss":0.0,"gold_gain":0.0,"event_name":"Scrap Ooze","player_choice":"Success","floor":3.0,"gold_loss":0.0,"damage_taken":12.0,"relics_obtained":["Omamori"]},{"damage_healed":0.0,"max_hp_gain":0.0,"max_hp_loss":0.0,"gold_gain":0.0,"event_name":"Accursed Blacksmith","player_choice":"Rummage","floor":4.0,"gold_loss":0.0,"damage_taken":0.0,"relics_obtained":["WarpedTongs"],"cards_obtained":["Pain"]},{"damage_healed":0.0,"max_hp_gain":0.0,"max_hp_loss":6.0,"gold_gain":0.0,"event_name":"Golden Idol","player_choice":"Lose Max HP","floor":7.0,"gold_loss":0.0,"damage_taken":0.0,"relics_obtained":["Golden Idol"]},{"damage_healed":0,"gold_gain":0,"player_choice":"Left Gold","damage_taken":0,"max_hp_gain":0,"max_hp_loss":0,"event_name":"World of Goop","floor":11,"gold_loss":46},{"damage_healed":23,"gold_gain":0,"player_choice":"Heal","damage_taken":0,"max_hp_gain":0,"max_hp_loss":0,"event_name":"The Library","floor":19,"gold_loss":0},{"damage_healed":0,"gold_gain":0,"player_choice":"Gave Idol","damage_taken":0,"relics_obtained":["Bloody Idol"],"max_hp_gain":0,"max_hp_loss":0,"event_name":"Forgotten Altar","floor":21,"relics_lost":["Golden Idol"],"gold_loss":0}],"is_beta":false,"boss_relics":[{"not_picked":["Astrolabe","Black Star"],"picked":"Calling Bell"}],"items_purged_floors":[20],"is_endless":false,"potions_floor_spawned":[8,10,14,22,23],"killed_by":"Slavers","ascension_level":12}