{"gold_per_floor":[115,40,60,235,235,235,249,249,249,110,141,141,154,167,167,272,272,283,283,301,301,301,301,38,38,61,79,89,89,4,23,23,118,118,135,89,1088,1101,287,287,305,305,305,305],"floor_reached":44,"playtime":2768,"items_purged":["Normality"],"score":455,"play_id":"f85b5ad7-05a0-4b7d-8589-05d7df07471b","local_time":"20190126202954","is_ascension_mode":false,"campfire_choices":[{"data":"A Thousand Cuts","floor":6,"key":"SMITH"},{"floor":8,"key":"REST"},{"floor":15,"key":"REST"},{"floor":23,"key":"REST"},{"floor":29,"key":"REST"},{"floor":32,"key":"REST"},{"floor":40,"key":"REST"}],"neow_cost":"CURSE","seed_source_timestamp":1234932916071459,"circlet_count":0,"master_deck":["Defend_G","Defend_G+1","Defend_G+1","Defend_G+1","Defend_G","Strike_G+1","Strike_G","Strike_G","Strike_G","Survivor","Neutralize","A Thousand Cuts+1","Noxious Fumes","Caltrops","Infinite Blades","Footwork","Dash","Reflex","Noxious Fumes","Bouncing Flask","Malaise","PiercingWail","Reflex+1","Leg Sweep","Noxious Fumes","Well Laid Plans","Dash","Expertise","Distraction","Backflip","Bane","Calculated Gamble","A Thousand Cuts","Slice+1","Acrobatics","Acrobatics","Finesse","Backstab","Footwork","Acrobatics","Blur+1","Iron Wave"],"relics":["Ring of the Snake","Bottled Lightning","War Paint","Sozu","Spirit Poop","Shuriken","Pen Nib","Bag of Marbles","Lizard Tail","Membership Card","Molten Egg 2","Kunai","Darkstone Periapt"],"potions_floor_usage":[33,38],"damage_taken":[{"damage":0,"enemies":"Small Slimes","floor":1,"turns":5},{"damage":0,"enemies":"2 Louse","floor":3,"turns":3},{"damage":10,"enemies":"Jaw Worm","floor":7,"turns":5},{"damage":31,"enemies":"Lagavulin","floor":11,"turns":7},{"damage":12,"enemies":"Looter","floor":13,"turns":4},{"damage":11,"enemies":"Gremlin Gang","floor":14,"turns":5},{"damage":6,"enemies":"Hexaghost","floor":16,"turns":9},{"damage":12,"enemies":"Shell Parasite","floor":18,"turns":6},{"damage":28,"enemies":"Chosen","floor":20,"turns":6},{"damage":27,"enemies":"Snake Plant","floor":27,"turns":5},{"damage":9,"enemies":"Centurion and Healer","floor":28,"turns":5},{"damage":13,"enemies":"Snecko","floor":31,"turns":5},{"damage":33,"enemies":"Collector","floor":33,"turns":9},{"damage":22,"enemies":"3 Shapes","floor":35,"turns":5},{"damage":33,"enemies":"3 Darklings","floor":38,"turns":6},{"damage":76,"enemies":"4 Shapes","floor":41,"turns":6},{"damage":23,"enemies":"Writhing Mass","floor":44,"turns":5}],"seed_played":"5671617505694008776","potions_obtained":[{"floor":1,"key":"Poison Potion"},{"floor":3,"key":"Block Potion"},{"floor":11,"key":"SteroidPotion"}],"is_trial":false,"path_per_floor":["M","$","M","?","?","R","M","R","T","$","E","?","M","M","R","B",null,"M","?","M","?","?","R","$","?","T","M","M","R","?","M","R","B",null,"M","$","?","M","$","R","M","?","T","M"],"character_chosen":"THE_SILENT","items_purchased":["Caltrops","Footwork","Dash","Well Laid Plans","Dash","Expertise","Distraction","Acrobatics","Finesse","Backstab","Footwork","Acrobatics","Membership Card","Molten Egg 2","Kunai"],"campfire_rested":6,"item_purchase_floors":[2,10,10,24,24,24,24,36,39,39,39,39,39,39,39],"current_hp_per_floor":[70,70,70,70,63,63,53,70,70,70,39,25,13,2,23,17,70,58,58,30,30,30,51,51,70,70,43,34,55,55,42,63,30,70,48,48,48,15,15,36,5,5,5,0],"gold":305,"neow_bonus":"THREE_RARE_CARDS","is_prod":false,"is_daily":false,"chose_seed":false,"campfire_upgraded":1,"win_rate":0.0,"timestamp":1548505794,"path_taken":["M","$","M","?","?","R","M","R","T","$","E","?","?","M","R","BOSS","M","?","?","?","?","R","$","?","T","M","M","R","?","M","R","BOSS","M","$","?","M","$","R","M","?","T","M"],"build_version":"2019-01-23","purchased_purges":1,"victory":false,"max_hp_per_floor":[70,70,70,70,70,70,70,70,70,70,70,70,70,70,70,70,70,70,70,70,70,70,70,70,70,70,70,70,70,70,70,70,70,70,70,70,70,70,70,70,70,70,70,70],"card_choices":[{"not_picked":["Doppelganger","Die Die Die"],"picked":"A Thousand Cuts","floor":0},{"not_picked":["Eviscerate","Prepared"],"picked":"Noxious Fumes","floor":1},{"not_picked":["Outmaneuver","Acrobatics"],"picked":"Infinite Blades","floor":3},{"not_picked":["Masterful Stab","Bouncing Flask"],"picked":"Dodge and Roll","floor":7},{"not_picked":["Prepared","Deadly Poison"],"picked":"Reflex","floor":11},{"not_picked":["Dagger Throw","Dagger Spray"],"picked":"Noxious Fumes","floor":13},{"not_picked":["Slice","Skewer"],"picked":"Bouncing Flask","floor":14},{"not_picked":["Die Die Die","Doppelganger"],"picked":"Malaise","floor":16},{"not_picked":["Reflex","Flying Knee"],"picked":"PiercingWail","floor":18},{"not_picked":["Bane","Calculated Gamble"],"picked":"Reflex+1","floor":20},{"not_picked":["Choke","PiercingWail"],"picked":"Backflip","floor":27},{"not_picked":["Underhanded Strike","Prepared"],"picked":"Bane","floor":28},{"not_picked":["Sucker Punch+1","Deadly Poison"],"picked":"Calculated Gamble","floor":31},{"not_picked":["Venomology","Envenom"],"picked":"A Thousand Cuts","floor":33},{"not_picked":["Underhanded Strike","Tactician+1"],"picked":"Slice+1","floor":35},{"not_picked":["Skewer","Dodge and Roll"],"picked":"Acrobatics","floor":38},{"not_picked":["Acrobatics+1","PiercingWail"],"picked":"Blur+1","floor":41}],"player_experience":11605,"relics_obtained":[{"floor":9,"key":"Bottled Lightning"},{"floor":11,"key":"War Paint"},{"floor":26,"key":"Pen Nib"},{"floor":43,"key":"Darkstone Periapt"}],"event_choices":[{"damage_healed":0,"gold_gain":175,"player_choice":"AGREE","damage_taken":0,"max_hp_gain":0,"max_hp_loss":0,"event_name":"Liars Game","floor":4,"gold_loss":0,"cards_obtained":["Doubt"]},{"cards_removed":["Doubt"],"damage_healed":0,"gold_gain":0,"player_choice":"Card Removal","damage_taken":7,"max_hp_gain":0,"max_hp_loss":0,"event_name":"Golden Wing","floor":5,"gold_loss":0},{"damage_healed":0,"gold_gain":0,"player_choice":"Entered Light","damage_taken":14,"max_hp_gain":0,"max_hp_loss":0,"event_name":"Shining Light","floor":12,"gold_loss":0,"cards_upgraded":["Defend_G","Strike_G"]},{"cards_removed":["Writhe"],"damage_healed":0,"gold_gain":0,"player_choice":"Offered Curse","damage_taken":0,"relics_obtained":["Spirit Poop"],"max_hp_gain":0,"max_hp_loss":0,"event_name":"Bonfire Elementals","floor":19,"gold_loss":0},{"damage_healed":0,"gold_gain":0,"cards_transformed":["Dodge and Roll","Strike_G"],"player_choice":"Became Test Subject","damage_taken":0,"max_hp_gain":0,"max_hp_loss":0,"event_name":"Drug Dealer","floor":21,"gold_loss":0,"cards_obtained":["Leg Sweep","Noxious Fumes"]},{"damage_healed":0,"gold_gain":0,"player_choice":"Opened","damage_taken":0,"relics_obtained":["Shuriken"],"max_hp_gain":0,"max_hp_loss":0,"event_name":"The Mausoleum","floor":22,"gold_loss":0},{"damage_healed":23,"gold_gain":0,"player_choice":"Heal","damage_taken":0,"max_hp_gain":0,"max_hp_loss":0,"event_name":"The Library","floor":25,"gold_loss":0},{"damage_healed":0,"gold_gain":0,"player_choice":"Obtained Relic","damage_taken":0,"relics_obtained":["Bag of Marbles"],"max_hp_gain":0,"max_hp_loss":0,"event_name":"Addict","floor":30,"gold_loss":85},{"damage_healed":0,"gold_gain":999,"player_choice":"Gold","damage_taken":0,"max_hp_gain":0,"max_hp_loss":0,"event_name":"MindBloom","floor":37,"gold_loss":0,"cards_obtained":["Normality","Normality"]},{"cards_removed":["Normality"],"damage_healed":0,"gold_gain":0,"player_choice":"Took Card","damage_taken":0,"max_hp_gain":0,"max_hp_loss":0,"event_name":"NoteForYourself","floor":42,"gold_loss":0,"cards_obtained":["Iron Wave"]}],"is_beta":false,"boss_relics":[{"not_picked":["WristBlade","Empty Cage"],"picked":"Sozu"},{"not_picked":["Runic Dome","Cursed Key"],"picked":"Lizard Tail"}],"items_purged_floors":[39],"is_endless":false,"potions_floor_spawned":[1,3,11,18,28,31,38,41],"killed_by":"Writhing Mass","ascension_level":0}