{"gold_per_floor":[110,126,51,51,63,94,94,94,144,94,94,114,114,128,128,227,227,242,274,189,189,89,122,122,122,145,145,163,163,14,33,33,138,168,184,201,218,318,168,168,199,199,199,199,199,214,214,39,39,39],"floor_reached":50,"playtime":2540,"items_purged":["Strike_R","Strike_R","Strike_R","Strike_R","Bash"],"score":636,"play_id":"14b77706-8293-4cf5-affc-c09c7ad3ae92","local_time":"20180704125107","is_ascension_mode":true,"campfire_choices":[{"data":"Searing Blow","floor":7.0,"key":"SMITH"},{"data":"Searing Blow+1","floor":15.0,"key":"SMITH"},{"data":"Searing Blow+2","floor":24,"key":"SMITH"},{"data":"Searing Blow+3","floor":27,"key":"SMITH"},{"data":"Searing Blow+4","floor":29,"key":"SMITH"},{"data":"Searing Blow+5","floor":32,"key":"SMITH"},{"data":"Searing Blow+6","floor":40,"key":"SMITH"},{"data":"Searing Blow+7","floor":45,"key":"SMITH"},{"data":"Searing Blow+8","floor":47,"key":"SMITH"},{"floor":49,"key":"REST"}],"neow_cost":"","seed_source_timestamp":0,"circlet_count":0,"master_deck":["Defend_R","Defend_R","Defend_R","Dropkick","Headbutt","Burning Pact","Searing Blow+9","Rage","Reaper","Cleave","Fiend Fire","Thunderclap+1","Dropkick","Armaments","Dropkick","Immolate+1","Armaments","Shrug It Off+1","Madness","Madness"],"special_seed":0,"relics":["Burning Blood","Orichalcum","Juzu Bracelet","Happy Flower","Sozu","Red Mask","Dodecahedron","Pen Nib","Art of War","Tiny House","Torii","Bag of Preparation"],"potions_floor_usage":[],"damage_taken":[{"damage":13.0,"enemies":"Jaw Worm","floor":1.0,"turns":5.0},{"damage":2.0,"enemies":"Small Slimes","floor":2.0,"turns":4.0},{"damage":2.0,"enemies":"2 Louse","floor":5.0,"turns":2.0},{"damage":25.0,"enemies":"3 Sentries","floor":6.0,"turns":8.0},{"damage":10.0,"enemies":"Lots of Slimes","floor":12.0,"turns":4.0},{"damage":11.0,"enemies":"Exordium Thugs","floor":14.0,"turns":4.0},{"damage":12.0,"enemies":"Slime Boss","floor":16.0,"turns":10.0},{"damage":18,"enemies":"Spheric Guardian","floor":18,"turns":4},{"damage":30,"floor":19,"turns":5},{"damage":6,"enemies":"Gremlin Leader","floor":23,"turns":4},{"damage":14,"enemies":"Shell Parasite","floor":28,"turns":4},{"damage":0,"enemies":"Chosen and Byrds","floor":31,"turns":4},{"damage":15,"enemies":"Champ","floor":33,"turns":6},{"damage":12,"enemies":"3 Shapes","floor":35,"turns":4},{"damage":13,"enemies":"3 Darklings","floor":36,"turns":3},{"damage":7,"enemies":"4 Shapes","floor":37,"turns":2},{"damage":32,"enemies":"Giant Head","floor":41,"turns":6},{"damage":1,"enemies":"Sphere and 2 Shapes","floor":46,"turns":3},{"damage":129,"enemies":"Awakened One","floor":50,"turns":7}],"seed_played":"743445369755454710","potions_obtained":[{"floor":1.0,"key":"GamblersBrew"},{"floor":6.0,"key":"FearPotion"},{"floor":14.0,"key":"BloodPotion"}],"is_trial":false,"path_per_floor":["M","M","$","?","M","E","R","?","T","?","?","M","?","M","R","B",null,"M","?","?","?","$","E","R","?","T","R","M","R","$","M","R","B",null,"M","M","M","?","$","R","E","?","T","?","R","M","R","$","R"],"character_chosen":"IRONCLAD","items_purchased":["Armaments"],"campfire_rested":1,"item_purchase_floors":[30],"current_hp_per_floor":[73,77,77,77,80,61,61,61,61,61,61,57,57,52,52,60,75,67,50,50,76,76,80,80,80,80,80,72,72,72,80,80,74,84,79,78,85,85,85,85,62,51,51,51,51,60,60,60,85,0],"gold":39,"neow_bonus":"","is_prod":false,"is_daily":false,"chose_seed":false,"campfire_upgraded":9,"win_rate":0,"timestamp":1530723067,"path_taken":["M","M","$","?","M","E","R","?","T","?","?","M","?","M","R","BOSS","M","?","?","?","$","E","R","?","T","R","M","R","$","M","R","BOSS","M","M","M","?","$","R","E","?","T","?","R","M","R","$","R","BOSS"],"build_version":"2018-06-28","purchased_purges":5,"victory":false,"max_hp_per_floor":[80,80,80,80,80,80,80,80,80,80,80,80,80,80,80,80,80,80,80,80,80,80,80,80,80,80,80,80,80,80,80,80,80,85,85,85,85,85,85,85,85,85,85,85,85,85,85,85,85,85],"card_choices":[{"not_picked":["Body Slam","Shrug It Off"],"picked":"Dropkick","floor":1.0},{"not_picked":["Rupture","Clash"],"picked":"Headbutt","floor":2.0},{"not_picked":["Clothesline","Pummel"],"picked":"Burning Pact","floor":5.0},{"not_picked":["Blood for Blood","Perfected Strike"],"picked":"Searing Blow","floor":6.0},{"not_picked":["Wild Strike","Sword Boomerang"],"picked":"Rage","floor":12.0},{"not_picked":["Hemokinesis","Iron Wave"],"picked":"Cleave","floor":14.0},{"not_picked":["Demon Form","Juggernaut"],"picked":"Fiend Fire","floor":16.0},{"not_picked":["Sword Boomerang","Cleave"],"picked":"Inflame","floor":18},{"not_picked":["Body Slam","Havoc+1"],"picked":"Thunderclap+1","floor":19},{"not_picked":["Armaments","Iron Wave","Warcry"],"picked":"SKIP","floor":23},{"not_picked":["Havoc","Power Through"],"picked":"Dropkick","floor":28},{"not_picked":["Burning Pact+1","Anger"],"picked":"Dropkick","floor":31},{"not_picked":["Bludgeon","Barricade"],"picked":"Immolate","floor":33},{"not_picked":["Reckless Charge","Clash+1"],"picked":"Armaments","floor":34},{"not_picked":["Twin Strike","Heavy Blade","Metallicize+1"],"picked":"SKIP","floor":35},{"not_picked":["Pommel Strike+1","Sentinel+1","Disarm"],"picked":"SKIP","floor":36},{"not_picked":["Twin Strike+1","True Grit+1"],"picked":"Shrug It Off+1","floor":37},{"not_picked":["Metallicize+1","Armaments","Feel No Pain+1"],"picked":"SKIP","floor":41},{"not_picked":["Feed","Pommel Strike","Spot Weakness"],"picked":"SKIP","floor":46}],"player_experience":949198,"relics_obtained":[{"floor":6.0,"key":"Juzu Bracelet"},{"floor":9.0,"key":"Happy Flower"},{"floor":19,"key":"Red Mask"},{"floor":23,"key":"Pen Nib"},{"floor":26,"key":"Art of War"},{"floor":41,"key":"Torii"},{"floor":43,"key":"Bag of Preparation"}],"event_choices":[{"event_name":"Liars Game","player_choice":"disagreed","floor":4.0,"damage_taken":0.0},{"event_name":"Bonfire Elementals","player_choice":"BASIC","floor":8.0,"damage_taken":0.0},{"event_name":"The Cleric","player_choice":"Card Removal","floor":10.0,"damage_taken":0.0},{"event_name":"Transmorgrifier","player_choice":"Skipped","floor":11.0,"damage_taken":0.0},{"event_name":"Match and Keep!","player_choice":"1 cards matched","floor":13.0,"damage_taken":0.0},{"event_name":"Masked Bandits","player_choice":"Fought over 242 gold","floor":19,"damage_taken":0},{"event_name":"Addict","player_choice":"Obtained Relic","floor":20,"damage_taken":0},{"event_name":"The Library","player_choice":"Heal","floor":21,"damage_taken":0},{"event_name":"N\u0027loth","player_choice":"Ignored","floor":25,"damage_taken":0},{"event_name":"Golden Shrine","player_choice":"Pray","floor":38,"damage_taken":0},{"event_name":"Winding Halls","player_choice":"Embrace Madness","floor":42,"damage_taken":0},{"event_name":"Falling","player_choice":"Removed Power","floor":44,"damage_taken":0}],"boss_relics":[{"not_picked":["Mark of Pain","Coffee Dripper"],"picked":"Sozu"},{"not_picked":["Calling Bell","Fusion Hammer"],"picked":"Tiny House"}],"items_purged_floors":[],"is_endless":false,"potions_floor_spawned":[1,6,14,23,31,37,41],"killed_by":"Awakened One","ascension_level":5}