{"gold_per_floor":[115,129,149,168,93,93,111,176,176,194,208,55,75,90,90,191,191,208,208,222,222,222,247,247,267,267,142,142],"floor_reached":28,"playtime":1171,"items_purged":["Defend_R","Defend_R","Defend_R"],"score":269,"play_id":"4b709a5a-054d-4eaa-a84b-a4f7f7152725","local_time":"20190207160315","is_ascension_mode":false,"campfire_choices":[{"data":"Bash","floor":6,"key":"SMITH"},{"data":"Rage","floor":15,"key":"SMITH"},{"data":"Rage","floor":24,"key":"SMITH"}],"neow_cost":"NONE","seed_source_timestamp":11068300168337,"circlet_count":0,"master_deck":["Strike_R+1","Strike_R","Strike_R","Strike_R","Strike_R","Defend_R","Bash+1","Pommel Strike","Rage+1","Cleave","Clash","Berserk","Fire Breathing","Rage+1","Dropkick"],"relics":["Burning Blood","Tiny Chest","Bird Faced Urn","Runic Dome","Letter Opener","Pear","Magic Flower"],"potions_floor_usage":[4,8,23,28],"damage_taken":[{"damage":6,"enemies":"Cultist","floor":1,"turns":3},{"damage":7,"enemies":"Small Slimes","floor":2,"turns":3},{"damage":5,"enemies":"Jaw Worm","floor":3,"turns":2},{"damage":3,"enemies":"2 Fungi Beasts","floor":4,"turns":3},{"damage":9,"enemies":"3 Louse","floor":7,"turns":3},{"damage":16,"enemies":"3 Sentries","floor":8,"turns":6},{"damage":10,"enemies":"Looter","floor":10,"turns":2},{"damage":6,"enemies":"2 Fungi Beasts","floor":11,"turns":2},{"damage":10,"enemies":"Red Slaver","floor":13,"turns":3},{"damage":9,"enemies":"Gremlin Gang","floor":14,"turns":4},{"damage":52,"enemies":"Slime Boss","floor":16,"turns":16},{"damage":20,"enemies":"2 Thieves","floor":18,"turns":4},{"damage":10,"enemies":"3 Byrds","floor":20,"turns":4},{"damage":42,"enemies":"Book of Stabbing","floor":23,"turns":5},{"damage":29,"enemies":"Snecko","floor":25,"turns":5},{"damage":62,"enemies":"Slavers","floor":28,"turns":4}],"seed_played":"510616467364463096","potions_obtained":[{"floor":3,"key":"GamblersBrew"},{"floor":4,"key":"Fruit Juice"},{"floor":7,"key":"Regen Potion"},{"floor":13,"key":"SpeedPotion"},{"floor":25,"key":"LiquidBronze"}],"is_trial":false,"path_per_floor":["M","M","M","M","$","R","M","E","T","M","M","$","M","M","R","B",null,"M","T","M","?","?","E","R","M","T","$","E"],"character_chosen":"IRONCLAD","items_purchased":["Clash"],"campfire_rested":0,"item_purchase_floors":[12],"current_hp_per_floor":[80,79,80,85,85,85,82,84,84,80,80,80,76,73,73,27,85,73,73,73,73,95,71,71,52,52,52,0],"gold":142,"neow_bonus":"UPGRADE_CARD","is_prod":false,"is_daily":false,"chose_seed":false,"campfire_upgraded":3,"win_rate":0.0,"timestamp":1549551795,"path_taken":["M","M","M","?","$","R","M","E","T","M","M","$","M","M","R","BOSS","M","?","M","?","?","E","R","?","T","$","E"],"build_version":"2019-01-23","purchased_purges":3,"victory":false,"max_hp_per_floor":[80,80,80,85,85,85,85,85,85,85,85,85,85,85,85,85,85,85,85,85,85,95,105,105,105,105,105,105],"card_choices":[{"not_picked":["Armaments","Iron Wave"],"picked":"Pommel Strike","floor":1},{"not_picked":["Dropkick","Thunderclap"],"picked":"Rage","floor":2},{"not_picked":["Iron Wave","Flame Barrier","Feel No Pain"],"picked":"SKIP","floor":3},{"not_picked":["Warcry","Hemokinesis","Thunderclap"],"picked":"SKIP","floor":4},{"not_picked":["Shrug It Off","Fire Breathing"],"picked":"Cleave","floor":7},{"not_picked":["Burning Pact","Thunderclap","Iron Wave"],"picked":"SKIP","floor":8},{"not_picked":["Disarm","Clothesline"],"picked":"Impervious","floor":10},{"not_picked":["Intimidate","Iron Wave","Disarm"],"picked":"SKIP","floor":11},{"not_picked":["Iron Wave","Dropkick","Burning Pact"],"picked":"SKIP","floor":13},{"not_picked":["Armaments","Cleave","Iron Wave"],"picked":"SKIP","floor":14},{"not_picked":["Demon Form","Impervious"],"picked":"Berserk","floor":16},{"not_picked":["Sword Boomerang","Shrug It Off"],"picked":"Fire Breathing","floor":18},{"not_picked":["Feel No Pain","Thunderclap","Shockwave"],"picked":"SKIP","floor":20},{"not_picked":["Shrug It Off","Flame Barrier","Corruption"],"picked":"SKIP","floor":23},{"not_picked":["Anger","Intimidate"],"picked":"Dropkick","floor":25}],"player_experience":10049,"relics_obtained":[{"floor":8,"key":"Tiny Chest"},{"floor":9,"key":"Bird Faced Urn"},{"floor":19,"key":"Letter Opener"},{"floor":23,"key":"Pear"},{"floor":26,"key":"Magic Flower"}],"event_choices":[{"damage_healed":0,"gold_gain":0,"player_choice":"Read","damage_taken":0,"max_hp_gain":0,"max_hp_loss":0,"event_name":"The Library","floor":21,"gold_loss":0,"cards_obtained":["Rage"]},{"cards_removed":["Impervious"],"damage_healed":12,"gold_gain":0,"player_choice":"Offered Rare","damage_taken":0,"max_hp_gain":10,"max_hp_loss":0,"event_name":"Bonfire Elementals","floor":22,"gold_loss":0}],"is_beta":false,"boss_relics":[{"not_picked":["Cursed Key","Runic Pyramid"],"picked":"Runic Dome"}],"items_purged_floors":[5,12,27],"is_endless":false,"potions_floor_spawned":[3,4,7,13,25],"killed_by":"Slavers","ascension_level":0}