{"gold_per_floor":[117,42,55,72,72,72,72,98,143,161,191,206,206,236,236,313,313,333,248,73,73],"floor_reached":21,"playtime":761,"items_purged":["Writhe","Strike_R"],"score":309,"play_id":"e9579690-73a2-4c1d-808d-324d66253a0a","local_time":"20190115202051","is_ascension_mode":true,"campfire_choices":[{"data":"1","floor":6,"key":"LIFT"},{"data":"2","floor":13,"key":"LIFT"},{"data":"True Grit","floor":15,"key":"SMITH"}],"neow_cost":"CURSE","seed_source_timestamp":578885969750706,"circlet_count":0,"master_deck":["AscendersBane","Strike_R","Strike_R","Strike_R","Strike_R","Defend_R+1","Defend_R","Defend_R+1","Defend_R","Bash+1","True Grit+1","Carnage","Pommel Strike","Impervious","Clothesline","Immolate","Perfected Strike","Juggernaut","Flame Barrier+1","Whirlwind"],"relics":["Burning Blood","Girya","War Paint","Oddly Smooth Stone","Centennial Puzzle","Runic Pyramid","Pen Nib"],"potions_floor_usage":[11,11,16],"damage_taken":[{"damage":12,"enemies":"Small Slimes","floor":1,"turns":3},{"damage":6,"enemies":"2 Louse","floor":3,"turns":4},{"damage":7,"enemies":"Jaw Worm","floor":4,"turns":2},{"damage":28,"enemies":"Lagavulin","floor":8,"turns":6},{"damage":0,"enemies":"Blue Slaver","floor":10,"turns":3},{"damage":10,"enemies":"3 Sentries","floor":11,"turns":7},{"damage":1,"enemies":"Red Slaver","floor":12,"turns":3},{"damage":26,"enemies":"Slime Boss","floor":16,"turns":10},{"damage":52,"enemies":"3 Byrds","floor":18,"turns":6},{"damage":30,"enemies":"Colosseum Slavers","floor":21,"turns":5}],"seed_played":"5460269183342851959","potions_obtained":[{"floor":1,"key":"Strength Potion"},{"floor":3,"key":"FearPotion"},{"floor":4,"key":"Dexterity Potion"},{"floor":12,"key":"Dexterity Potion"}],"is_trial":false,"path_per_floor":["M","$","M","M","$","R","?","E","T","M","E","M","R","?","R","B",null,"M","?","$","?"],"character_chosen":"IRONCLAD","items_purchased":["Whirlwind"],"campfire_rested":0,"item_purchase_floors":[20],"current_hp_per_floor":[66,66,66,65,65,65,65,43,43,49,45,50,50,50,50,30,68,22,22,22,0],"gold":73,"neow_bonus":"ONE_RARE_RELIC","is_prod":false,"is_daily":false,"chose_seed":false,"campfire_upgraded":1,"win_rate":0,"timestamp":1547601651,"path_taken":["M","$","M","M","$","R","?","E","T","M","E","M","R","?","R","BOSS","M","?","$","?"],"build_version":"2019-01-10","purchased_purges":2,"victory":false,"max_hp_per_floor":[80,80,80,80,80,80,80,80,80,80,80,80,80,80,80,80,80,80,80,80,80],"card_choices":[{"not_picked":["Twin Strike","Whirlwind"],"picked":"True Grit","floor":1},{"not_picked":["Sentinel","Iron Wave"],"picked":"Carnage","floor":3},{"not_picked":["Power Through","True Grit"],"picked":"Pommel Strike","floor":4},{"not_picked":["Sentinel","Cleave"],"picked":"Impervious","floor":8},{"not_picked":["Blood for Blood","Shockwave"],"picked":"Clothesline","floor":10},{"not_picked":["Body Slam","Flex"],"picked":"Immolate","floor":11},{"not_picked":["Headbutt","Clash"],"picked":"Perfected Strike","floor":12},{"not_picked":["Barricade","Feed"],"picked":"Juggernaut","floor":16},{"not_picked":["Reckless Charge","Headbutt"],"picked":"Flame Barrier+1","floor":18}],"player_experience":2127465,"relics_obtained":[{"floor":8,"key":"War Paint"},{"floor":9,"key":"Oddly Smooth Stone"},{"floor":11,"key":"Centennial Puzzle"}],"event_choices":[{"damage_healed":0,"gold_gain":0,"player_choice":"Grow","damage_taken":0,"max_hp_gain":0,"max_hp_loss":0,"event_name":"Living Wall","floor":7,"gold_loss":0,"cards_upgraded":["Bash"]},{"damage_healed":0,"gold_gain":30,"player_choice":"Searched \u00271\u0027 times","damage_taken":0,"max_hp_gain":0,"max_hp_loss":0,"event_name":"Dead Adventurer","floor":14,"gold_loss":0},{"damage_healed":0,"gold_gain":0,"player_choice":"Obtained Relic","damage_taken":0,"relics_obtained":["Pen Nib"],"max_hp_gain":0,"max_hp_loss":0,"event_name":"Addict","floor":19,"gold_loss":85},{"damage_healed":0,"gold_gain":0,"player_choice":"Fight","damage_taken":0,"max_hp_gain":0,"max_hp_loss":0,"event_name":"Colosseum","floor":21,"gold_loss":0}],"is_beta":false,"boss_relics":[{"not_picked":["Lizard Tail","Ectoplasm"],"picked":"Runic Pyramid"}],"items_purged_floors":[2,20],"is_endless":false,"potions_floor_spawned":[1,3,4,12],"killed_by":"Colosseum Slavers","ascension_level":13}