{"gold_per_floor":[112,112,112,132,150,181,181,19,19,36,36,47,222,232,232,335,335,347,347,347,103,202,202,123,123,200,219,251,251,251],"floor_reached":30,"playtime":1443,"items_purged":["Regret"],"score":346,"play_id":"9e0bdbe5-0e61-4a1e-a422-a2d876f86af3","local_time":"20180810222556","is_ascension_mode":false,"campfire_choices":[{"data":"Dagger Spray","floor":7,"key":"SMITH"},{"data":"Neutralize","floor":11,"key":"SMITH"},{"data":"Dagger Spray","floor":15,"key":"SMITH"},{"data":"Poisoned Stab","floor":23,"key":"SMITH"}],"neow_cost":"NONE","seed_source_timestamp":8492337987913,"circlet_count":0,"master_deck":["Defend_G","Defend_G","Defend_G","Defend_G","Defend_G","Strike_G","Strike_G","Strike_G","Strike_G","Strike_G","Survivor","Neutralize+1","Dagger Spray+1","Slice","Poisoned Stab+1","Dagger Throw","Dagger Spray+1","Doubt","Poisoned Stab","Cloak And Dagger","Necronomicurse","Poisoned Stab","Poisoned Stab","Normality"],"relics":["Lizard Tail","The Courier","Centennial Puzzle","Lee\u0027s Waffle","Darkstone Periapt","Runic Pyramid","Dodecahedron","Necronomicon","Ginger","Dream Catcher","Bottled Lightning","Mummified Hand","Pantograph"],"potions_floor_usage":[16,16,16],"damage_taken":[{"damage":0,"enemies":"Small Slimes","floor":1,"turns":5},{"damage":0,"enemies":"2 Louse","floor":4,"turns":2},{"damage":1,"enemies":"Cultist","floor":5,"turns":4},{"damage":42,"enemies":"Gremlin Nob","floor":6,"turns":5},{"damage":0,"enemies":"Lots of Slimes","floor":10,"turns":1},{"damage":3,"enemies":"Blue Slaver","floor":12,"turns":3},{"damage":5,"enemies":"3 Louse","floor":14,"turns":2},{"damage":0,"enemies":"Slime Boss","floor":16,"turns":6},{"damage":30,"enemies":"Shell Parasite","floor":18,"turns":9},{"damage":17,"enemies":"Spheric Guardian","floor":27,"turns":5},{"damage":67,"enemies":"Book of Stabbing","floor":28,"turns":8},{"damage":0,"enemies":"Centurion and Healer","floor":30,"turns":1}],"seed_played":"4418158098832659717","potions_obtained":[{"floor":5,"key":"GamblersBrew"},{"floor":6,"key":"SneckoOil"},{"floor":10,"key":"FearPotion"},{"floor":12,"key":"Fire Potion"},{"floor":27,"key":"Swift Potion"}],"is_trial":false,"path_per_floor":["M","$","?","M","M","E","R","$","T","M","R","M","?","M","R","B",null,"M","?","?","$","?","R","$","T","T","M","E","?"],"character_chosen":"THE_SILENT","items_purchased":["Lee\u0027s Waffle","Ginger","Poisoned Stab"],"campfire_rested":0,"item_purchase_floors":[8,21,24],"current_hp_per_floor":[70,70,70,70,69,27,27,77,77,77,77,74,80,75,75,75,83,53,53,43,43,43,43,43,43,43,26,5,11,11],"gold":251,"neow_bonus":"BOSS_RELIC","is_prod":false,"is_daily":false,"chose_seed":false,"campfire_upgraded":4,"win_rate":0,"timestamp":1533905756,"path_taken":["M","$","?","M","M","E","R","$","T","M","R","?","?","M","R","BOSS","M","?","?","$","?","R","$","?","T","?","E","?","M"],"build_version":"2018-08-09","purchased_purges":1,"victory":false,"max_hp_per_floor":[70,70,70,70,70,70,70,77,77,77,77,77,83,83,83,83,83,83,83,89,89,89,89,89,89,89,89,89,95,95],"card_choices":[{"not_picked":["Dodge and Roll","Caltrops"],"picked":"Dagger Spray","floor":1},{"not_picked":["Bane","Noxious Fumes"],"picked":"Slice","floor":4},{"not_picked":["Backflip","Endless Agony"],"picked":"Poisoned Stab","floor":5},{"not_picked":["Acrobatics","Die Die Die"],"picked":"Dagger Throw","floor":6},{"not_picked":["Slice","Underhanded Strike","Quick Slash"],"picked":"SKIP","floor":10},{"not_picked":["Masterful Stab","Terror"],"picked":"Dagger Spray","floor":12},{"not_picked":["Expertise","Slice"],"picked":"Poisoned Stab","floor":14},{"not_picked":["All Out Attack+1","Terror"],"picked":"Cloak And Dagger","floor":18},{"not_picked":["Prepared","Infinite Blades+1","Dodge and Roll"],"picked":"SKIP","floor":27},{"not_picked":["Wraith Form v2","Prepared"],"picked":"Poisoned Stab","floor":28}],"player_experience":306585,"relics_obtained":[{"floor":6,"key":"Centennial Puzzle"},{"floor":9,"key":"Darkstone Periapt"},{"floor":20,"key":"Necronomicon"},{"floor":25,"key":"Dream Catcher"},{"floor":26,"key":"Bottled Lightning"},{"floor":28,"key":"Mummified Hand"}],"event_choices":[{"event_name":"Big Fish","player_choice":"Box","floor":3,"damage_taken":0},{"event_name":"Liars Game","player_choice":"agreed","floor":13,"damage_taken":0},{"event_name":"The Mausoleum","player_choice":"Yes","floor":19,"damage_taken":0},{"event_name":"Cursed Tome","player_choice":"Obtained Book","floor":20,"damage_taken":0},{"event_name":"Nest","player_choice":"Stole From Cult","floor":22,"damage_taken":0},{"event_name":"Accursed Blacksmith","player_choice":"Rummage","floor":29,"damage_taken":0}],"is_beta":false,"boss_relics":[{"not_picked":["Pandora\u0027s Box","Snecko Eye"],"picked":"Runic Pyramid"}],"items_purged_floors":[24],"is_endless":false,"potions_floor_spawned":[5,6,10,12,27],"killed_by":"Centurion and Healer","ascension_level":0}