{"gold_per_floor":[115,115,6,6,20,20,55,55,55,69,95,95,113,113,113,212,212,232,102,12,29,45,45,55,55,79,29,42,69,80,99,99,202,202,213,213,227,244,254,254,282,282,282,302,302,312,68,168,168,168,168,168,11,46,46],"floor_reached":56,"playtime":6064,"items_purged":["Parasite","Writhe"],"score":1284,"play_id":"226b115b-a9e3-430e-9c0b-31e9fdb75422","local_time":"20190115003213","is_ascension_mode":false,"campfire_choices":[{"data":"Noxious Fumes","floor":6,"key":"SMITH"},{"data":"Footwork","floor":8,"key":"SMITH"},{"data":"Neutralize","floor":12,"key":"SMITH"},{"floor":15,"key":"REST"},{"floor":23,"key":"RECALL"},{"data":"Footwork","floor":25,"key":"SMITH"},{"data":"After Image","floor":32,"key":"SMITH"},{"floor":40,"key":"REST"},{"data":"Noxious Fumes","floor":42,"key":"SMITH"},{"data":"Caltrops","floor":49,"key":"SMITH"},{"data":"Footwork","floor":52,"key":"SMITH"}],"neow_cost":"CURSE","seed_source_timestamp":183453601739725,"circlet_count":0,"master_deck":["Defend_G+1","Defend_G+1","Defend_G","Defend_G+1","Defend_G","Strike_G","Strike_G","Strike_G","Strike_G","Survivor","Neutralize+1","Footwork+1","Noxious Fumes+1","Backflip","Acrobatics","PiercingWail+1","Dodge and Roll+1","A Thousand Cuts","Poisoned Stab","Footwork+1","Concentrate+1","Dodge and Roll+1","Deflect+1","After Image+1","Deadly Poison+1","Dodge and Roll+1","Bullet Time+1","Acrobatics+1","Footwork","Caltrops+1","Prepared+1","Noxious Fumes+1","Footwork+1","Footwork","Blade Dance+1","Poisoned Stab","Outmaneuver+1","Catalyst+1","Outmaneuver+1","Catalyst+1"],"relics":["Ring of the Snake","The Specimen","Gremlin Horn","Ornamental Fan","Kunai","Toxic Egg 2","Runic Pyramid","Question Card","Cursed Key","NlothsMask","Singing Bowl","Turnip","Bag of Marbles"],"potions_floor_usage":[11,11,33,39,41,54,55,55],"damage_taken":[{"damage":5,"enemies":"2 Louse","floor":1,"turns":4},{"damage":0,"enemies":"Cultist","floor":5,"turns":5},{"damage":28,"enemies":"3 Sentries","floor":7,"turns":7},{"damage":0,"enemies":"Jaw Worm","floor":10,"turns":5},{"damage":7,"enemies":"Gremlin Nob","floor":11,"turns":4},{"damage":0,"enemies":"Red Slaver","floor":13,"turns":5},{"damage":13,"enemies":"Hexaghost","floor":16,"turns":13},{"damage":0,"enemies":"Chosen","floor":18,"turns":7},{"damage":0,"enemies":"Spheric Guardian","floor":21,"turns":7},{"damage":4,"enemies":"Shelled Parasite and Fungi","floor":22,"turns":8},{"damage":0,"enemies":"Sentry and Sphere","floor":24,"turns":6},{"damage":0,"enemies":"3 Cultists","floor":28,"turns":7},{"damage":11,"enemies":"Gremlin Leader","floor":29,"turns":9},{"damage":0,"enemies":"Chosen and Byrds","floor":30,"turns":7},{"damage":0,"enemies":"Shelled Parasite and Fungi","floor":31,"turns":7},{"damage":0,"enemies":"Champ","floor":33,"turns":16},{"damage":0,"enemies":"Orb Walker","floor":35,"turns":5},{"damage":9,"enemies":"3 Darklings","floor":37,"turns":6},{"damage":22,"enemies":"Sphere and 2 Shapes","floor":38,"turns":7},{"damage":9,"enemies":"Transient","floor":39,"turns":5},{"damage":0,"enemies":"Reptomancer","floor":41,"turns":9},{"damage":0,"enemies":"Spire Growth","floor":44,"turns":7},{"damage":0,"enemies":"3 Darklings","floor":46,"turns":6},{"damage":0,"enemies":"Mind Bloom Boss Battle","floor":48,"turns":8},{"damage":12,"enemies":"Donu and Deca","floor":50,"turns":11},{"damage":30,"enemies":"Shield and Spear","floor":54,"turns":8},{"damage":45,"enemies":"The Heart","floor":55,"turns":9}],"seed_played":"6204333672406240812","potions_obtained":[{"floor":7,"key":"Fire Potion"},{"floor":10,"key":"FearPotion"},{"floor":16,"key":"Fire Potion"},{"floor":18,"key":"LiquidBronze"},{"floor":22,"key":"Dexterity Potion"},{"floor":30,"key":"Dexterity Potion"},{"floor":35,"key":"Explosive Potion"},{"floor":37,"key":"Energy Potion"},{"floor":46,"key":"Block Potion"},{"floor":54,"key":"FairyPotion"}],"is_trial":false,"path_per_floor":["M","?","$","T","M","R","E","R","T","M","E","R","M","?","R","B",null,"M","$","?","M","M","R","M","R","T","?","M","E","M","M","R","B",null,"M","?","M","M","M","R","E","R","T","M","?","M","$","?","R","B",null,"R","$","E","B",null],"character_chosen":"THE_SILENT","items_purchased":["Footwork","Poisoned Stab","Footwork","Footwork","Blade Dance+1","Poisoned Stab","Catalyst+1","LiquidBronze","Outmaneuver+1"],"campfire_rested":2,"item_purchase_floors":[3,19,19,47,47,47,53,53,53],"current_hp_per_floor":[79,79,79,79,79,79,51,51,51,51,44,44,44,28,52,39,81,81,81,81,81,77,77,77,77,77,77,77,66,66,66,66,66,81,81,81,72,50,41,65,65,65,65,67,83,83,83,83,83,71,83,83,83,53,8],"gold":46,"neow_bonus":"TWENTY_PERCENT_HP_BONUS","is_prod":false,"is_daily":false,"chose_seed":false,"campfire_upgraded":8,"win_rate":0,"timestamp":1547474533,"path_taken":["M","?","$","?","M","R","E","R","T","M","E","R","M","?","R","BOSS","M","$","?","?","?","R","M","R","T","?","M","E","?","M","R","BOSS","M","?","?","M","M","R","E","R","T","?","?","M","$","?","R","BOSS","R","$","E","BOSS"],"build_version":"2019-01-10","purchased_purges":2,"victory":true,"max_hp_per_floor":[84,84,81,81,81,81,81,81,81,81,81,81,81,81,81,81,81,81,81,81,81,81,81,81,81,81,81,81,81,81,81,81,81,81,81,81,81,81,81,81,81,81,81,83,83,83,83,83,83,83,83,83,83,83,83],"card_choices":[{"not_picked":["Sucker Punch","Dodge and Roll"],"picked":"Dagger Throw","floor":1},{"not_picked":["Tactician","Acrobatics"],"picked":"Noxious Fumes","floor":5},{"not_picked":["Escape Plan","Outmaneuver"],"picked":"Backflip","floor":7},{"not_picked":["Calculated Gamble","Blur"],"picked":"Acrobatics","floor":10},{"not_picked":["Dash","Unload"],"picked":"PiercingWail","floor":11},{"not_picked":["Calculated Gamble+1","Terror+1"],"picked":"Dodge and Roll+1","floor":13},{"not_picked":["Tools of the Trade","Wraith Form v2"],"picked":"A Thousand Cuts","floor":16},{"not_picked":["Expertise+1","Reflex+1","Sucker Punch"],"picked":"SKIP","floor":18},{"not_picked":["Sucker Punch+1","Accuracy+1","Dagger Throw+1"],"picked":"SKIP","floor":21},{"not_picked":["Dagger Throw","Flying Knee"],"picked":"Concentrate+1","floor":22},{"not_picked":["Riddle With Holes","Infinite Blades"],"picked":"Dodge and Roll+1","floor":24},{"not_picked":["Underhanded Strike","Poisoned Stab"],"picked":"Deflect+1","floor":28},{"not_picked":["Finisher","All Out Attack"],"picked":"After Image","floor":29},{"not_picked":["Well Laid Plans","Expertise+1","Cloak And Dagger+1"],"picked":"Deadly Poison+1","floor":30},{"not_picked":["Acrobatics+1","Quick Slash","Leg Sweep+1"],"picked":"Dodge and Roll+1","floor":31},{"not_picked":["Burst+1","A Thousand Cuts","Doppelganger+1"],"picked":"Bullet Time+1","floor":33},{"not_picked":["Infinite Blades","Heel Hook","Deflect+1"],"picked":"Acrobatics+1","floor":35},{"not_picked":["Flying Knee+1","Concentrate+1","Quick Slash"],"picked":"Footwork","floor":37},{"not_picked":["Dodge and Roll+1","Backflip+1","Prepared+1"],"picked":"Caltrops","floor":38},{"not_picked":["Outmaneuver+1","Eviscerate+1","All Out Attack+1"],"picked":"Prepared+1","floor":39},{"not_picked":["Expertise+1","Crippling Poison+1","Prepared+1"],"picked":"Noxious Fumes","floor":41},{"not_picked":["Dodge and Roll+1","Slice+1","Accuracy+1","Storm of Steel+1"],"picked":"Singing Bowl","floor":44},{"not_picked":["Heel Hook+1","Leg Sweep+1","Accuracy"],"picked":"Footwork","floor":46},{"not_picked":["Acrobatics+1","Tactician+1","Backstab"],"picked":"Outmaneuver+1","floor":48},{"not_picked":["Tactician+1","Masterful Stab+1","Flying Knee+1"],"picked":"Catalyst+1","floor":54}],"player_experience":437654,"relics_obtained":[{"floor":4,"key":"Gremlin Horn"},{"floor":7,"key":"Ornamental Fan"},{"floor":9,"key":"Kunai"},{"floor":11,"key":"Toxic Egg 2"},{"floor":29,"key":"Question Card"},{"floor":41,"key":"Singing Bowl"},{"floor":48,"key":"Turnip"},{"floor":54,"key":"Bag of Marbles"}],"event_choices":[{"cards_removed":["Dagger Throw"],"damage_healed":0,"gold_gain":0,"player_choice":"Gave Card","damage_taken":0,"relics_obtained":["The Specimen"],"max_hp_gain":0,"max_hp_loss":0,"event_name":"WeMeetAgain","floor":2,"gold_loss":0},{"damage_healed":0,"gold_gain":0,"player_choice":"Entered Light","damage_taken":16,"max_hp_gain":0,"max_hp_loss":0,"event_name":"Shining Light","floor":14,"gold_loss":0,"cards_upgraded":["Defend_G","Defend_G"]},{"cards_removed":["Strike_G"],"damage_healed":0,"gold_gain":0,"player_choice":"Upgrade and Remove","damage_taken":0,"max_hp_gain":0,"max_hp_loss":0,"event_name":"Designer","floor":20,"gold_loss":90,"cards_upgraded":["Defend_G"]},{"damage_healed":0,"gold_gain":0,"player_choice":"Bet on Murderer","damage_taken":0,"max_hp_gain":0,"max_hp_loss":0,"event_name":"The Joust","floor":27,"gold_loss":50},{"damage_healed":0,"gold_gain":0,"player_choice":"Trade","damage_taken":0,"relics_obtained":["NlothsMask"],"max_hp_gain":0,"max_hp_loss":0,"event_name":"FaceTrader","floor":36,"gold_loss":0},{"damage_healed":21,"gold_gain":0,"player_choice":"Writhe","damage_taken":0,"max_hp_gain":0,"max_hp_loss":0,"event_name":"Winding Halls","floor":45,"gold_loss":0,"cards_obtained":["Writhe"]},{"damage_healed":0,"gold_gain":0,"player_choice":"Fight","damage_taken":0,"max_hp_gain":0,"max_hp_loss":0,"event_name":"MindBloom","floor":48,"gold_loss":0}],"is_beta":false,"boss_relics":[{"not_picked":["Fusion Hammer","White Beast Statue"],"picked":"Runic Pyramid"},{"not_picked":["Eternal Feather","Astrolabe"],"picked":"Cursed Key"}],"items_purged_floors":[3,47],"is_endless":false,"potions_floor_spawned":[7,10,16,18,22,28,30,31,35,37,46,54],"ascension_level":0}