{"gold_per_floor":[113,127,38,50,60,60,79,79,79,144,144,130,143,113,113,213,213,227,238,251,251,267,267,278,297,346,346],"floor_reached":27,"playtime":3260,"items_purged":[],"score":285,"play_id":"a040570e-afd9-414c-a499-52e227d710f7","local_time":"20181007171659","is_ascension_mode":true,"campfire_choices":[{"data":"Rampage","floor":6,"key":"SMITH"},{"data":"Iron Wave","floor":8,"key":"SMITH"},{"data":"Clothesline","floor":15,"key":"SMITH"},{"floor":23,"key":"REST"}],"neow_cost":"NONE","seed_source_timestamp":620558709347113,"circlet_count":0,"master_deck":["Strike_R","Strike_R","Defend_R","Defend_R","Defend_R","Defend_R","Bash","Shrug It Off","Metallicize","Metallicize","Body Slam","Clothesline+1","Rampage+1","Iron Wave+1","Anger","Battle Trance","Clothesline","Juggernaut","Exhume+1","Exhume+1","Immolate+1","Metallicize+1","Flex+1","Disarm+1","Shrug It Off+1","Barricade","Intimidate+1"],"relics":["Burning Blood","Nunchaku","Matryoshka","Incense Burner","Astrolabe","Regal Pillow","Red Skull"],"potions_floor_usage":[1,1,7,10,12,16,16,16,18,19,20],"damage_taken":[{"damage":5,"enemies":"Jaw Worm","floor":1,"turns":4},{"damage":5,"enemies":"Small Slimes","floor":2,"turns":6},{"damage":13,"enemies":"2 Louse","floor":4,"turns":4},{"damage":5,"enemies":"Looter","floor":5,"turns":4},{"damage":2,"enemies":"Exordium Wildlife","floor":7,"turns":3},{"damage":21,"enemies":"Lagavulin Event","floor":10,"turns":8},{"damage":10,"enemies":"Exordium Thugs","floor":12,"turns":4},{"damage":3,"enemies":"2 Fungi Beasts","floor":13,"turns":4},{"damage":3,"enemies":"Slime Boss","floor":16,"turns":10},{"damage":29,"enemies":"Spheric Guardian","floor":18,"turns":6},{"damage":8,"enemies":"3 Byrds","floor":19,"turns":4},{"damage":15,"enemies":"Cultist and Chosen","floor":20,"turns":7},{"damage":22,"enemies":"Colosseum Slavers","floor":21,"turns":5},{"damage":19,"enemies":"Chosen and Byrds","floor":22,"turns":7},{"damage":15,"enemies":"Sentry and Sphere","floor":24,"turns":5},{"damage":24,"enemies":"Snake Plant","floor":25,"turns":4},{"damage":17,"enemies":"Snecko","floor":27,"turns":3}],"seed_played":"5552314181067148953","potions_obtained":[{"floor":0,"key":"Fruit Juice"},{"floor":0,"key":"Strength Potion"},{"floor":0,"key":"Dexterity Potion"},{"floor":2,"key":"LiquidBronze"},{"floor":10,"key":"Weak Potion"},{"floor":10,"key":"GamblersBrew"},{"floor":14,"key":"FearPotion"},{"floor":14,"key":"Explosive Potion"},{"floor":16,"key":"Explosive Potion"},{"floor":18,"key":"Energy Potion"},{"floor":19,"key":"Weak Potion"}],"is_trial":false,"path_per_floor":["M","M","$","M","M","R","M","R","T","?","?","M","M","?","R","B",null,"M","M","M","?","M","R","M","M","T"],"character_chosen":"IRONCLAD","items_purchased":["Metallicize","Body Slam"],"campfire_rested":1,"item_purchase_floors":[3,3],"current_hp_per_floor":[78,79,79,72,73,73,77,77,77,62,55,51,54,54,54,57,78,55,53,44,28,15,40,31,13,13,0],"gold":346,"neow_bonus":"THREE_SMALL_POTIONS","is_prod":false,"is_daily":false,"chose_seed":false,"campfire_upgraded":3,"win_rate":0,"timestamp":1538950619,"path_taken":["M","M","$","M","M","R","M","R","T","?","?","?","M","?","R","BOSS","M","M","M","?","M","R","M","M","T","?"],"build_version":"2018-10-04v2","purchased_purges":0,"victory":false,"max_hp_per_floor":[85,85,85,85,85,85,85,85,85,85,85,85,85,85,85,85,85,85,85,85,85,85,85,85,85,85,85],"card_choices":[{"not_picked":["Clothesline","Infernal Blade"],"picked":"Shrug It Off","floor":1},{"not_picked":["Flex","Headbutt"],"picked":"Metallicize","floor":2},{"not_picked":["Flex","Anger"],"picked":"Clothesline","floor":4},{"not_picked":["Clash","Headbutt"],"picked":"Rampage","floor":5},{"not_picked":["Anger","Havoc"],"picked":"Iron Wave","floor":7},{"not_picked":["Searing Blow","Heavy Blade"],"picked":"Anger","floor":10},{"not_picked":["Body Slam","Sever Soul"],"picked":"Battle Trance","floor":12},{"not_picked":["Warcry","Metallicize"],"picked":"Clothesline","floor":13},{"not_picked":["Dark Embrace","Demon Form"],"picked":"Juggernaut","floor":16},{"not_picked":["Infernal Blade","Uppercut"],"picked":"Metallicize+1","floor":18},{"not_picked":["True Grit","Fire Breathing+1"],"picked":"Flex+1","floor":19},{"not_picked":["Metallicize","Rage"],"picked":"Disarm+1","floor":20},{"not_picked":["Cleave","Pommel Strike+1"],"picked":"Shrug It Off+1","floor":22},{"not_picked":["Sword Boomerang+1","Sentinel+1"],"picked":"Barricade","floor":24},{"not_picked":["Corruption","Shockwave"],"picked":"Intimidate+1","floor":25}],"player_experience":713835,"relics_obtained":[{"floor":9,"key":"Nunchaku"},{"floor":10,"key":"Matryoshka"},{"floor":26,"key":"Regal Pillow"},{"floor":26,"key":"Red Skull"}],"event_choices":[{"event_name":"Dead Adventurer","player_choice":"Searched \u00271\u0027 times","floor":10,"damage_taken":0},{"event_name":"Scrap Ooze","player_choice":"success","floor":11,"damage_taken":7},{"event_name":"The Woman in Blue","player_choice":"Bought 2 Potions","floor":14,"damage_taken":0},{"event_name":"Colosseum","player_choice":"Fight","floor":21,"damage_taken":0},{"event_name":"Colosseum","player_choice":"Fled From Nobs","floor":21,"damage_taken":0}],"is_beta":false,"boss_relics":[{"not_picked":["Black Star","Velvet Choker"],"picked":"Astrolabe"}],"items_purged_floors":[],"is_endless":false,"potions_floor_spawned":[2,10,10,16,18,19],"killed_by":"Snecko","ascension_level":7}