{"gold_per_floor":[10,30,46,59,75,105,105,121,121,121,156,156,174,193,193,296,296,313,329,329,347,362,362,394,394,421,452,72,72,91,110,110,210,210,222,79,1078,389,389,389,416,433,433,447,447,481,73,92,92,92],"floor_reached":51,"playtime":4960,"items_purged":["Normality","Normality","Normality"],"score":1076,"play_id":"e0878da3-64a8-4f49-b19d-c5de801d4025","local_time":"20180716025333","is_ascension_mode":true,"campfire_choices":[{"data":"Wraith Form v2","floor":7,"key":"SMITH"},{"data":"Leg Sweep","floor":10,"key":"SMITH"},{"floor":12,"key":"REST"},{"data":"Catalyst","floor":15,"key":"SMITH"},{"floor":23,"key":"REST"},{"floor":32,"key":"REST"},{"floor":40,"key":"REST"},{"floor":45,"key":"REST"},{"floor":49,"key":"REST"}],"neow_cost":"NO_GOLD","seed_source_timestamp":359001252778565,"circlet_count":0,"master_deck":["Defend_G","Defend_G","Defend_G","Defend_G","Defend_G","Strike_G","Strike_G","Strike_G","Strike_G","Strike_G","Survivor","Neutralize","Outmaneuver","All Out Attack","Bouncing Flask","Leg Sweep+1","All Out Attack","Wraith Form v2+1","Catalyst+1","Outmaneuver","Crippling Poison","PiercingWail","Catalyst","Wraith Form v2","Quick Slash+1","Caltrops","A Thousand Cuts","Bouncing Flask","Catalyst","Leg Sweep+1","Bouncing Flask+1","Terror","After Image","Outmaneuver+1","Well Laid Plans","Madness","Madness","Poisoned Stab+1","Concentrate+1","Backflip+1","Well Laid Plans+1","A Thousand Cuts","Caltrops","Catalyst","Deadly Poison+1"],"relics":["Ring of the Snake","Pantograph","Ornamental Fan","Dream Catcher","Sozu","Kunai","Gremlin Horn","Boot","Mercury Hourglass","Mango","Fusion Hammer","Orichalcum","Centennial Puzzle","Bag of Marbles","TheAbacus","Ginger","Bottled Tornado","Oddly Smooth Stone","Strange Spoon"],"potions_floor_usage":[6,6,16,16,31],"damage_taken":[{"damage":0,"enemies":"Cultist","floor":1,"turns":4},{"damage":5,"enemies":"2 Louse","floor":2,"turns":5},{"damage":1,"enemies":"Small Slimes","floor":3,"turns":3},{"damage":7,"enemies":"Blue Slaver","floor":4,"turns":4},{"damage":5,"enemies":"Red Slaver","floor":5,"turns":5},{"damage":6,"enemies":"Lagavulin","floor":6,"turns":6},{"damage":11,"enemies":"Large Slime","floor":8,"turns":9},{"damage":7,"enemies":"3 Sentries","floor":11,"turns":6},{"damage":0,"enemies":"Lots of Slimes","floor":13,"turns":1},{"damage":3,"enemies":"Blue Slaver","floor":14,"turns":5},{"damage":12,"enemies":"The Guardian","floor":16,"turns":8},{"damage":5,"enemies":"Chosen","floor":18,"turns":7},{"damage":8,"enemies":"2 Thieves","floor":19,"turns":5},{"damage":15,"enemies":"Slaver and Parasite","floor":21,"turns":9},{"damage":2,"enemies":"Snecko","floor":22,"turns":6},{"damage":6,"enemies":"Slavers","floor":24,"turns":6},{"damage":18,"enemies":"Book of Stabbing","floor":27,"turns":6},{"damage":18,"enemies":"Centurion and Healer","floor":30,"turns":6},{"damage":20,"enemies":"Sentry and Sphere","floor":31,"turns":4},{"damage":45,"enemies":"Champ","floor":33,"turns":7},{"damage":3,"enemies":"3 Darklings","floor":35,"turns":5},{"damage":5,"enemies":"Nemesis","floor":41,"turns":5},{"damage":0,"enemies":"3 Shapes","floor":42,"turns":3},{"damage":0,"enemies":"Transient","floor":44,"turns":5},{"damage":0,"enemies":"2 Orb Walkers","floor":46,"turns":5},{"damage":1,"enemies":"Flame Bruiser 2 Orb","floor":48,"turns":6},{"damage":80,"enemies":"Awakened One","floor":50,"turns":11}],"seed_played":"2430644395679727297","potions_obtained":[{"floor":4,"key":"EssenceOfSteel"},{"floor":5,"key":"Block Potion"},{"floor":6,"key":"SneckoOil"},{"floor":8,"key":"SpeedPotion"},{"floor":14,"key":"EssenceOfSteel"}],"is_trial":false,"path_per_floor":["M","M","M","M","M","E","R","M","T","R","E","R","M","M","R","B",null,"M","M","?","M","M","R","E","?","T","E","$","?","M","M","R","B",null,"M","$","?","$","?","R","E","M","T","M","R","E","$","M","R","B"],"character_chosen":"THE_SILENT","items_purchased":["Mango","Orichalcum","Centennial Puzzle","Bag of Marbles","TheAbacus","Well Laid Plans","Strange Spoon","Caltrops"],"campfire_rested":6,"item_purchase_floors":[28,36,38,38,38,38,47,47],"current_hp_per_floor":[84,79,78,71,66,60,60,49,49,49,42,67,67,64,64,72,81,76,68,52,37,35,61,55,55,55,37,51,41,23,3,33,13,81,78,78,78,78,65,95,90,90,90,90,103,103,103,102,103,23],"gold":92,"neow_bonus":"TWENTY_PERCENT_HP_BONUS","is_prod":false,"is_daily":false,"chose_seed":false,"campfire_upgraded":3,"win_rate":0,"timestamp":1531675413,"path_taken":["M","M","M","?","M","E","R","M","T","R","E","R","M","M","R","BOSS","M","M","?","?","M","R","E","?","T","E","$","?","M","M","R","BOSS","M","$","?","$","?","R","E","M","T","M","R","E","$","M","R","BOSS"],"build_version":"2018-07-12","purchased_purges":3,"victory":true,"max_hp_per_floor":[84,84,84,84,84,84,84,84,84,84,84,84,84,84,84,84,84,84,84,89,89,89,89,89,89,89,89,103,103,103,103,103,103,103,103,103,103,103,103,103,103,103,103,103,103,103,103,103,103,103],"card_choices":[{"not_picked":["Slice","Deflect"],"picked":"Outmaneuver","floor":1},{"not_picked":["Flying Knee","Deadly Poison"],"picked":"All Out Attack","floor":2},{"not_picked":["Heel Hook","PiercingWail"],"picked":"Bouncing Flask","floor":3},{"not_picked":["Underhanded Strike","Prepared"],"picked":"Leg Sweep","floor":4},{"not_picked":["Deadly Poison","Distraction"],"picked":"All Out Attack","floor":5},{"not_picked":["Outmaneuver","Riddle With Holes"],"picked":"Wraith Form v2","floor":6},{"not_picked":["Noxious Fumes","Heel Hook"],"picked":"Catalyst","floor":8},{"not_picked":["Accuracy","All Out Attack"],"picked":"Outmaneuver","floor":11},{"not_picked":["Distraction","Concentrate"],"picked":"Crippling Poison","floor":12},{"not_picked":["Dagger Throw","Deflect"],"picked":"PiercingWail","floor":13},{"not_picked":["Backflip","Bane"],"picked":"Catalyst","floor":14},{"not_picked":["Venomology","Corpse Explosion"],"picked":"Wraith Form v2","floor":16},{"not_picked":["Slice","Underhanded Strike"],"picked":"Quick Slash+1","floor":18},{"not_picked":["Blur","Deflect","Slice"],"picked":"SKIP","floor":19},{"not_picked":["Backstab","Distraction"],"picked":"Caltrops","floor":21},{"not_picked":["Flying Knee","Dodge and Roll"],"picked":"A Thousand Cuts","floor":22},{"not_picked":["Outmaneuver","Poisoned Stab"],"picked":"Bouncing Flask","floor":24},{"not_picked":["Escape Plan","Dagger Spray"],"picked":"Catalyst","floor":27},{"not_picked":["Underhanded Strike","Acrobatics"],"picked":"Leg Sweep+1","floor":30},{"not_picked":["Underhanded Strike","Deflect+1"],"picked":"Bouncing Flask+1","floor":31},{"not_picked":["Dagger Spray","Endless Agony"],"picked":"Terror","floor":32},{"not_picked":["Adrenaline","Phantasmal Killer"],"picked":"After Image","floor":33},{"not_picked":["Predator+1","Slice+1"],"picked":"Outmaneuver+1","floor":35},{"not_picked":["Deadly Poison","Footwork"],"picked":"Poisoned Stab+1","floor":40},{"not_picked":["Poisoned Stab","Underhanded Strike"],"picked":"Concentrate+1","floor":41},{"not_picked":["PiercingWail","Slice+1"],"picked":"Backflip+1","floor":42},{"not_picked":["Flying Knee+1","Infinite Blades+1","Tactician"],"picked":"SKIP","floor":44},{"not_picked":["Blade Dance","Flying Knee+1"],"picked":"Well Laid Plans+1","floor":45},{"not_picked":["Riddle With Holes","Backflip+1"],"picked":"A Thousand Cuts","floor":46},{"not_picked":["Blur+1","Expertise"],"picked":"Catalyst","floor":48},{"not_picked":["Poisoned Stab+1","Deflect+1"],"picked":"Deadly Poison+1","floor":49}],"player_experience":152859,"relics_obtained":[{"floor":6,"key":"Pantograph"},{"floor":9,"key":"Ornamental Fan"},{"floor":11,"key":"Dream Catcher"},{"floor":24,"key":"Kunai"},{"floor":26,"key":"Boot"},{"floor":27,"key":"Mercury Hourglass"},{"floor":41,"key":"Ginger"},{"floor":43,"key":"Bottled Tornado"},{"floor":46,"key":"Oddly Smooth Stone"}],"event_choices":[{"event_name":"Forgotten Altar","player_choice":"Shed Blood","floor":20,"damage_taken":0},{"event_name":"Accursed Blacksmith","player_choice":"Rummage","floor":25,"damage_taken":0},{"event_name":"Wheel of Change","player_choice":"Damage","floor":29,"damage_taken":0},{"event_name":"MindBloom","player_choice":"Gold","floor":37,"damage_taken":0},{"event_name":"Winding Halls","player_choice":"Embrace Madness","floor":39,"damage_taken":0}],"boss_relics":[{"not_picked":["Ring of the Serpent","Empty Cage"],"picked":"Sozu"},{"not_picked":["Orrery","Coffee Dripper"],"picked":"Fusion Hammer"}],"items_purged_floors":[28,38,47],"is_endless":false,"potions_floor_spawned":[4,5,6,8,14,24,27,31,33,35,44,48],"ascension_level":5}