{"gold_per_floor":[114,114,39,50,50,50,50,71,125,125,150,184,205,230,230,351,351,376,390,404,77,102,138,138,61,85,85],"floor_reached":27,"playtime":2753,"items_purged":["Bash"],"score":235,"play_id":"bcb6343c-a766-460a-8558-02b754a24845","local_time":"20180709165245","is_ascension_mode":false,"campfire_choices":[{"data":"Body Slam","floor":6,"key":"SMITH"},{"data":"Cleave","floor":10,"key":"SMITH"},{"data":"Anger","floor":15,"key":"SMITH"},{"data":"Demon Form","floor":24,"key":"SMITH"}],"neow_cost":"TEN_PERCENT_HP_LOSS","seed_source_timestamp":197620012895282,"circlet_count":0,"master_deck":["Strike_R","Defend_R","Defend_R+1","Defend_R+1","Defend_R","Whirlwind","True Grit","Body Slam+1","Cleave+1","Iron Wave","Rage","Flex","Seeing Red","Anger+1","Demon Form+1","Flex+1","Flex","Armaments","Barricade","J.A.X."],"relics":["Burning Blood","Golden Idol","War Paint","Girya","Empty Cage","Ornamental Fan","Pen Nib","Potion Belt"],"potions_floor_usage":[16,16,16,20,20,22],"damage_taken":[{"damage":15,"enemies":"Jaw Worm","floor":1,"turns":6},{"damage":7,"enemies":"2 Louse","floor":4,"turns":3},{"damage":5,"enemies":"Small Slimes","floor":8,"turns":3},{"damage":0,"enemies":"2 Fungi Beasts","floor":11,"turns":2},{"damage":4,"enemies":"Gremlin Nob","floor":12,"turns":4},{"damage":3,"enemies":"Exordium Wildlife","floor":13,"turns":5},{"damage":8,"enemies":"Red Slaver","floor":14,"turns":5},{"damage":42,"enemies":"Hexaghost","floor":16,"turns":10},{"damage":14,"enemies":"Shell Parasite","floor":18,"turns":6},{"damage":1,"enemies":"Chosen","floor":19,"turns":4},{"damage":11,"enemies":"3 Cultists","floor":20,"turns":5},{"damage":38,"enemies":"Snake Plant","floor":22,"turns":7},{"damage":39,"enemies":"Gremlin Leader","floor":23,"turns":10},{"damage":13,"enemies":"Cultist and Chosen","floor":27,"turns":3}],"seed_played":"-4335625690778587757","potions_obtained":[{"floor":4,"key":"Block Potion"},{"floor":11,"key":"LiquidBronze"},{"floor":14,"key":"SkillPotion"},{"floor":16,"key":"Energy Potion"},{"floor":19,"key":"AttackPotion"},{"floor":20,"key":"BloodPotion"}],"is_trial":false,"path_per_floor":["M","?","$","M","?","R","$","M","T","R","M","E","M","M","R","B",null,"M","M","M","$","M","E","R","?","T"],"character_chosen":"IRONCLAD","items_purchased":["True Grit","Body Slam","Ornamental Fan"],"campfire_rested":0,"item_purchase_floors":[3,3,21],"current_hp_per_floor":[63,68,68,67,48,48,48,49,49,49,55,57,60,58,58,22,77,69,74,69,69,44,11,11,11,11,0],"gold":85,"neow_bonus":"REMOVE_TWO","is_prod":false,"is_daily":false,"chose_seed":false,"campfire_upgraded":4,"win_rate":0.0,"timestamp":1531120965,"path_taken":["M","?","$","M","?","R","?","M","T","R","M","E","?","M","R","BOSS","M","M","M","$","M","E","R","?","T","M"],"build_version":"2018-07-05","purchased_purges":1,"victory":false,"max_hp_per_floor":[72,77,77,77,77,77,77,77,77,77,77,77,77,77,77,77,77,77,77,77,77,77,77,77,77,77,77],"card_choices":[{"not_picked":["Clothesline","Body Slam"],"picked":"Whirlwind","floor":1},{"not_picked":["Blood for Blood","Warcry"],"picked":"Cleave","floor":4},{"not_picked":["Brutality","Fire Breathing"],"picked":"Iron Wave","floor":8},{"not_picked":["Clothesline","Pummel"],"picked":"Rage","floor":11},{"not_picked":["Power Through","Cleave"],"picked":"Flex","floor":12},{"not_picked":["Whirlwind","Pommel Strike"],"picked":"Seeing Red","floor":13},{"not_picked":["Clash","Warcry"],"picked":"Anger","floor":14},{"not_picked":["Impervious","Barricade"],"picked":"Demon Form","floor":16},{"not_picked":["Dropkick","Clothesline","Flame Barrier"],"picked":"SKIP","floor":18},{"not_picked":["Blood for Blood","Pummel"],"picked":"Flex+1","floor":19},{"not_picked":["Shrug It Off","Clash"],"picked":"Flex","floor":20},{"not_picked":["Infernal Blade","Dropkick"],"picked":"Armaments","floor":22},{"not_picked":["Pommel Strike","Entrench"],"picked":"Barricade","floor":23}],"player_experience":42511,"relics_obtained":[{"floor":9,"key":"War Paint"},{"floor":12,"key":"Girya"},{"floor":23,"key":"Pen Nib"},{"floor":26,"key":"Potion Belt"}],"event_choices":[{"event_name":"Big Fish","player_choice":"Donut","floor":2,"damage_taken":0},{"event_name":"Golden Idol","player_choice":"Take Damage","floor":5,"damage_taken":0},{"event_name":"Drug Dealer","player_choice":"Got JAXXED","floor":25,"damage_taken":0}],"boss_relics":[{"not_picked":["Runic Pyramid","Runic Dome"],"picked":"Empty Cage"}],"items_purged_floors":[21],"is_endless":false,"potions_floor_spawned":[4,11,14,16,19,20],"killed_by":"Cultist and Chosen","ascension_level":0}