{"gold_per_floor":[114,128,142,142,49,49,77,97,97,24,24,24,57,57,57,161,161,171,30,49,65,65,65,77,92,92,104,119,119,135,149,149,250,250,267,267,5,5,30,30,46,46],"floor_reached":42,"playtime":2467,"items_purged":["Normality"],"score":538,"play_id":"5ae6f2e3-6c39-4b9f-9624-d47f3d271e9d","local_time":"20181202222735","is_ascension_mode":true,"campfire_choices":[{"data":"Neutralize","floor":6,"key":"SMITH"},{"floor":11,"key":"REST"},{"data":"Sucker Punch","floor":15,"key":"SMITH"},{"floor":23,"key":"REST"},{"floor":29,"key":"REST"},{"data":"Survivor","floor":32,"key":"SMITH"},{"data":"Mayhem","floor":40,"key":"SMITH"}],"neow_cost":"NONE","seed_source_timestamp":162192462885848,"circlet_count":0,"master_deck":["Defend_G+1","Defend_G+1","Defend_G+1","Defend_G+1","Defend_G+1","Strike_G+1","Strike_G+1","Strike_G+1","Strike_G+1","Strike_G+1","Survivor+1","Neutralize+1","Sucker Punch+1","Cloak And Dagger+1","Slice+1","Predator+1","Prepared+1","Dodge and Roll+1","Dash+1","Well Laid Plans+1","Backstab+1","Backflip+1","Phantasmal Killer+1","Distraction+1","Madness+1","Deflect+1","PiercingWail+1","Backstab+1","Noxious Fumes+1","Cloak And Dagger+1","Deadly Poison+1","Phantasmal Killer+1","PiercingWail+1","Crippling Poison+1","Tools of the Trade+1","Clumsy","Parasite","Masterful Stab+1","Mayhem+1","Dodge and Roll+1","Madness+1","Madness+1"],"relics":["Ring of the Snake","NeowsBlessing","Dream Catcher","Question Card","Regal Pillow","Toxic Egg 2","Eternal Feather","Sundial","Calling Bell","Omamori","Molten Egg 2","Ice Cream","Mark of the Bloom","Bronze Scales"],"potions_floor_usage":[7,7,13,21,25,28,33,41,42],"damage_taken":[{"damage":0,"enemies":"Cultist","floor":1,"turns":1},{"damage":0,"enemies":"Small Slimes","floor":2,"turns":1},{"damage":0,"enemies":"2 Louse","floor":3,"turns":1},{"damage":22,"enemies":"Lagavulin","floor":7,"turns":7},{"damage":3,"enemies":"Large Slime","floor":8,"turns":8},{"damage":12,"enemies":"3 Sentries","floor":13,"turns":7},{"damage":20,"enemies":"The Guardian","floor":16,"turns":17},{"damage":0,"enemies":"Chosen","floor":18,"turns":4},{"damage":26,"enemies":"Shell Parasite","floor":20,"turns":6},{"damage":5,"enemies":"Snake Plant","floor":21,"turns":4},{"damage":0,"enemies":"Snecko","floor":24,"turns":5},{"damage":1,"enemies":"Chosen and Byrds","floor":25,"turns":7},{"damage":30,"enemies":"Cultist and Chosen","floor":27,"turns":9},{"damage":0,"enemies":"3 Cultists","floor":28,"turns":5},{"damage":4,"enemies":"Snecko","floor":30,"turns":4},{"damage":6,"enemies":"Chosen and Byrds","floor":31,"turns":5},{"damage":26,"enemies":"Collector","floor":33,"turns":12},{"damage":1,"enemies":"3 Shapes","floor":35,"turns":6},{"damage":7,"enemies":"3 Darklings","floor":41,"turns":7},{"damage":63,"enemies":"Transient","floor":42,"turns":5}],"seed_played":"4280196934437490885","potions_obtained":[{"floor":2,"key":"GamblersBrew"},{"floor":3,"key":"GhostInAJar"},{"floor":8,"key":"SpeedPotion"},{"floor":18,"key":"FearPotion"},{"floor":24,"key":"GamblersBrew"},{"floor":27,"key":"Fire Potion"},{"floor":30,"key":"Regen Potion"},{"floor":31,"key":"PowerPotion"},{"floor":41,"key":"Strength Potion"}],"is_trial":false,"path_per_floor":["M","M","M","?","$","R","E","M","T","$","R","?","E","?","R","B",null,"M","$","M","M","?","R","M","M","T","M","M","R","M","M","R","B",null,"M","?","$","?","T","R","M","M"],"character_chosen":"THE_SILENT","items_purchased":["Predator","Prepared","Well Laid Plans","Madness+1","Deflect+1","Mayhem","Dodge and Roll+1"],"campfire_rested":3,"item_purchase_floors":[5,5,10,19,19,37,37],"current_hp_per_floor":[70,70,70,67,67,67,45,42,42,42,70,70,58,58,58,38,62,62,62,36,31,31,70,70,69,69,39,39,70,66,60,70,44,64,63,63,63,54,54,54,47,0],"gold":46,"neow_bonus":"THREE_ENEMY_KILL","is_prod":false,"is_daily":false,"chose_seed":false,"campfire_upgraded":4,"win_rate":0,"timestamp":1543811255,"path_taken":["M","?","M","?","$","R","E","M","T","$","R","?","E","?","R","BOSS","M","$","M","M","?","R","M","M","T","M","M","R","M","M","R","BOSS","M","?","$","?","?","R","M","M"],"build_version":"2018-11-15","purchased_purges":1,"victory":false,"max_hp_per_floor":[70,70,70,70,70,70,70,70,70,70,70,70,70,70,70,70,70,70,70,70,70,70,70,70,70,70,70,70,70,70,70,70,70,70,70,70,70,70,70,70,70,70],"card_choices":[{"not_picked":["Cloak And Dagger","Deflect"],"picked":"Sucker Punch","floor":1},{"not_picked":["Accuracy","Underhanded Strike"],"picked":"Cloak And Dagger","floor":2},{"not_picked":["Underhanded Strike","PiercingWail"],"picked":"Slice","floor":3},{"not_picked":["Outmaneuver","Venomology"],"picked":"Dodge and Roll","floor":7},{"not_picked":["Skewer","Deflect","Predator"],"picked":"Dash","floor":8},{"not_picked":["Dagger Spray","Setup","Finisher"],"picked":"Backstab","floor":11},{"not_picked":["Dagger Throw","Sucker Punch","Finisher"],"picked":"Backflip","floor":13},{"not_picked":["Corpse Explosion+1","Night Terror+1","Grand Finale"],"picked":"Phantasmal Killer+1","floor":16},{"not_picked":["Dodge and Roll+1","Dagger Spray","Catalyst+1"],"picked":"Distraction+1","floor":18},{"not_picked":["Predator","Quick Slash+1","Poisoned Stab"],"picked":"PiercingWail+1","floor":20},{"not_picked":["Slice","Predator","Dagger Spray"],"picked":"Backstab","floor":21},{"not_picked":["Deflect+1","Heel Hook","Cloak And Dagger+1"],"picked":"Noxious Fumes","floor":23},{"not_picked":["Outmaneuver+1","Quick Slash","Dash","Deflect+1"],"picked":"SKIP","floor":24},{"not_picked":["Catalyst+1","Leg Sweep+1","Dagger Spray"],"picked":"Cloak And Dagger+1","floor":25},{"not_picked":["Backflip+1","Underhanded Strike","Flying Knee"],"picked":"Deadly Poison+1","floor":27},{"not_picked":["Cloak And Dagger+1","Expertise+1","Dagger Spray"],"picked":"Phantasmal Killer+1","floor":28},{"not_picked":["Quick Slash","Prepared+1","Reflex+1"],"picked":"PiercingWail+1","floor":29},{"not_picked":["Riddle With Holes","Flying Knee","Sucker Punch","Concentrate+1"],"picked":"SKIP","floor":30},{"not_picked":["Dagger Spray","Backflip+1","Eviscerate"],"picked":"Crippling Poison+1","floor":31},{"not_picked":["Night Terror+1","Venomology+1","Doppelganger+1"],"picked":"Tools of the Trade","floor":33},{"not_picked":["Predator+1","Acrobatics+1","Poisoned Stab+1"],"picked":"Masterful Stab+1","floor":35},{"not_picked":["Bane+1","Sucker Punch+1","Dagger Spray+1","Deflect+1"],"picked":"SKIP","floor":41}],"player_experience":553790,"relics_obtained":[{"floor":7,"key":"Question Card"},{"floor":9,"key":"Regal Pillow"},{"floor":13,"key":"Toxic Egg 2"},{"floor":26,"key":"Sundial"},{"floor":34,"key":"Omamori"},{"floor":34,"key":"Molten Egg 2"},{"floor":34,"key":"Ice Cream"},{"floor":39,"key":"Bronze Scales"}],"event_choices":[{"damage_healed":0,"gold_gain":0,"player_choice":"Success","damage_taken":3,"relics_obtained":["Dream Catcher"],"max_hp_gain":0,"max_hp_loss":0,"event_name":"Scrap Ooze","floor":4,"gold_loss":0},{"damage_healed":0,"gold_gain":0,"player_choice":"Ignored","damage_taken":0,"max_hp_gain":0,"max_hp_loss":0,"event_name":"Liars Game","floor":12,"gold_loss":0},{"damage_healed":0,"gold_gain":0,"player_choice":"Grow","damage_taken":0,"max_hp_gain":0,"max_hp_loss":0,"event_name":"Living Wall","floor":14,"gold_loss":0,"cards_upgraded":["Dash"]},{"damage_healed":0,"gold_gain":0,"player_choice":"Ignored","damage_taken":0,"max_hp_gain":0,"max_hp_loss":0,"event_name":"Beggar","floor":22,"gold_loss":0},{"damage_healed":0,"gold_gain":0,"player_choice":"Upgrade","damage_taken":0,"relics_obtained":["Mark of the Bloom"],"max_hp_gain":0,"max_hp_loss":0,"event_name":"MindBloom","floor":36,"gold_loss":0,"cards_upgraded":["Defend_G","Defend_G","Defend_G","Defend_G","Defend_G","Strike_G","Strike_G","Strike_G","Strike_G","Strike_G","Cloak And Dagger","Slice","Predator","Prepared","Dodge and Roll","Well Laid Plans","Backstab","Backstab","Noxious Fumes","Tools of the Trade"]},{"damage_healed":0,"gold_gain":0,"player_choice":"Embrace Madness","damage_taken":9,"max_hp_gain":0,"max_hp_loss":0,"event_name":"Winding Halls","floor":38,"gold_loss":0,"cards_obtained":["Madness","Madness"]}],"is_beta":true,"boss_relics":[{"not_picked":["Empty Cage","Philosopher\u0027s Stone"],"picked":"Eternal Feather"},{"not_picked":["Runic Dome","Runic Pyramid"],"picked":"Calling Bell"}],"items_purged_floors":[37],"is_endless":false,"potions_floor_spawned":[2,3,8,18,24,27,30,31,41],"killed_by":"Transient","ascension_level":5}