{"path_per_floor":["M","$","?","M","M","R","M","R","T","?","?","$","R","M","R","B",null,"M","?","?","?","$","R","?","M","T","M","M","R","$","M","R"],"character_chosen":"THE_SILENT","items_purchased":["Dagger Throw","Apotheosis","Caltrops","Infinite Blades","Deadly Poison"],"gold_per_floor":[119,44,44,62,75,75,86,86,86,86,86,35,35,56,56,184,184,198,198,198,297,48,48,48,67,67,87,105,105,10,33,33,33],"floor_reached":33,"campfire_rested":6,"playtime":1451,"item_purchase_floors":[12,22,22,30,30],"current_hp_per_floor":[72,72,72,71,59,59,49,72,72,65,46,46,69,58,77,42,77,77,77,77,77,77,77,77,53,53,28,23,46,46,18,41,0],"items_purged":["Strike_G"],"gold":33,"score":259,"play_id":"6f0e3c60-d070-4077-9c39-395c98dcab27","local_time":"20180615134320","is_prod":false,"is_daily":false,"chose_seed":false,"is_ascension_mode":true,"campfire_upgraded":1,"win_rate":0,"timestamp":1529084600,"campfire_choices":[{"data":"Crippling Poison","floor":6,"key":"SMITH"},{"floor":8,"key":"REST"},{"floor":13,"key":"REST"},{"floor":15,"key":"REST"},{"floor":23,"key":"REST"},{"floor":29,"key":"REST"},{"floor":32,"key":"REST"}],"path_taken":["M","$","?","?","M","R","M","R","T","?","?","$","R","?","R","BOSS","M","?","?","?","$","R","?","M","T","?","M","R","$","?","R","BOSS"],"build_version":"2018-06-14v2","seed_source_timestamp":122502972100854,"purchased_purges":1,"victory":false,"master_deck":["Defend_G","Defend_G","Defend_G","Defend_G","Defend_G","Strike_G","Strike_G","Strike_G","Strike_G","Survivor","Neutralize","Dodge and Roll","Deadly Poison","Crippling Poison+1","Backflip","Dagger Throw","Footwork","A Thousand Cuts+1","Acrobatics+1","Injury","Apotheosis","Caltrops","Deadly Poison","Blade Dance","Acrobatics","Infinite Blades","Deadly Poison","Predator"],"max_hp_per_floor":[77,77,77,77,77,77,77,77,77,77,77,77,77,77,77,77,77,77,77,77,77,77,77,77,77,77,77,77,77,77,77,77,77],"relics":["Ring of the Snake","Strawberry","Sundial","Golden Idol","Fusion Hammer","Matryoshka"],"card_choices":[{"not_picked":["Quick Slash","Deflect"],"picked":"Dodge and Roll","floor":1},{"not_picked":["Slice","Flying Knee"],"picked":"Deadly Poison","floor":4},{"not_picked":["Calculated Gamble","Cloak And Dagger"],"picked":"Crippling Poison","floor":5},{"not_picked":["Endless Agony","Flying Knee"],"picked":"Backflip","floor":7},{"not_picked":["Quick Slash","Backstab"],"picked":"Footwork","floor":14},{"not_picked":["Adrenaline","Corpse Explosion"],"picked":"A Thousand Cuts","floor":16},{"not_picked":["Prepared","Finisher"],"picked":"Acrobatics+1","floor":18},{"not_picked":["Prepared","Slice"],"picked":"Deadly Poison","floor":25},{"not_picked":["Bane","PiercingWail"],"picked":"Blade Dance","floor":27},{"not_picked":["Slice","Bane+1"],"picked":"Acrobatics","floor":28},{"not_picked":["Prepared","Deadly Poison+1"],"picked":"Predator","floor":31}],"player_experience":581759,"potions_floor_usage":[4,5,5,16,16,16,18,28,33],"damage_taken":[{"damage":5,"enemies":"Jaw Worm","floor":1,"turns":6},{"damage":1,"enemies":"Cultist","floor":4,"turns":5},{"damage":12,"enemies":"Small Slimes","floor":5,"turns":4},{"damage":10,"enemies":"Red Slaver","floor":7,"turns":3},{"damage":11,"enemies":"Exordium Thugs","floor":14,"turns":5},{"damage":35,"enemies":"Slime Boss","floor":16,"turns":11},{"damage":0,"enemies":"Chosen","floor":18,"turns":6},{"damage":24,"enemies":"3 Byrds","floor":25,"turns":3},{"damage":25,"enemies":"Centurion and Healer","floor":27,"turns":7},{"damage":5,"enemies":"Chosen and Byrds","floor":28,"turns":6},{"damage":28,"enemies":"Sentry and Sphere","floor":31,"turns":7},{"damage":44,"enemies":"Collector","floor":33,"turns":6}],"relics_obtained":[{"floor":9,"key":"Sundial"},{"floor":26,"key":"Matryoshka"}],"event_choices":[{"event_name":"The Lab","player_choice":"Got Potions","floor":3,"damage_taken":0},{"event_name":"Wheel of Change","player_choice":"Damage","floor":10,"damage_taken":0},{"event_name":"Golden Idol","player_choice":"Take Damage","floor":11,"damage_taken":0},{"event_name":"Accursed Blacksmith","player_choice":"Forge","floor":19,"damage_taken":0},{"event_name":"Vampires","player_choice":"Ignored","floor":20,"damage_taken":0},{"event_name":"Nest","player_choice":"Stole From Cult","floor":21,"damage_taken":0},{"event_name":"Addict","player_choice":"Ignored","floor":24,"damage_taken":0}],"boss_relics":[{"not_picked":["Snecko Eye","Astrolabe"],"picked":"Fusion Hammer"}],"items_purged_floors":[2],"is_endless":false,"potions_floor_spawned":[1,16,18,31],"seed_played":"3531876852740786922","killed_by":"Collector","ascension_level":2,"potions_obtained":[{"floor":1,"key":"EntropicBrew"},{"floor":3,"key":"PowerPotion"},{"floor":3,"key":"EssenceOfSteel"},{"floor":16,"key":"GhostInAJar"},{"floor":18,"key":"Weak Potion"},{"floor":31,"key":"EssenceOfSteel"}],"is_trial":false}