{"path_per_floor":["M","M","T","?","M","E","$","R","T","E","M","$","E","?","R","B",null,"M","M","?","M","$","R"],"character_chosen":"THE_SILENT","items_purchased":["Lantern"],"gold_per_floor":[109,126,126,126,140,171,22,22,22,52,72,72,98,98,98,200,200,210,230,230,248,173,173,173],"floor_reached":24,"campfire_rested":0,"playtime":1895,"item_purchase_floors":[],"current_hp_per_floor":[65,64,64,69,69,53,53,53,53,50,48,48,48,48,48,40,75,74,74,74,74,74,75,0],"items_purged":["Strike_G"],"gold":173,"score":263,"play_id":"aa3df42e-8d63-481b-a233-a72b0a1b13ba","local_time":"20180607002341","is_prod":false,"is_daily":false,"chose_seed":false,"is_ascension_mode":true,"campfire_upgraded":3,"win_rate":0,"timestamp":1528323821,"campfire_choices":[{"data":"Neutralize","floor":8.0,"key":"SMITH"},{"data":"Reflex","floor":15.0,"key":"SMITH"},{"data":"Tools of the Trade","floor":23,"key":"SMITH"}],"path_taken":["M","M","?","?","?","E","$","R","T","E","M","?","E","?","R","BOSS","M","M","?","M","$","R","E"],"build_version":"2018-06-05","seed_source_timestamp":435320140429453,"purchased_purges":1,"victory":false,"master_deck":["Defend_G","Defend_G","Defend_G","Defend_G","Defend_G","Strike_G","Strike_G","Strike_G","Strike_G","Survivor","Neutralize+1","All Out Attack","Backstab","Predator","Sucker Punch","Backflip","Reflex+1","Die Die Die","Blur","PiercingWail+1","Tools of the Trade+1"],"max_hp_per_floor":[70,70,70,75,75,75,75,75,75,75,75,75,75,75,75,75,75,75,75,75,75,75,75,75],"relics":["Ring of the Snake","Happy Flower","Matryoshka","Lantern","Anchor","Tough Bandages","Orichalcum","Eternal Feather","Nloth\u0027s Gift"],"card_choices":[{"not_picked":["Dagger Spray","Noxious Fumes"],"picked":"All Out Attack","floor":1.0},{"not_picked":["Quick Slash","Flying Knee"],"picked":"Backstab","floor":2.0},{"not_picked":["Outmaneuver","Eviscerate"],"picked":"Predator","floor":5.0},{"not_picked":["Deadly Poison","Calculated Gamble"],"picked":"Sucker Punch","floor":6.0},{"not_picked":["Flying Knee","Bane","Backflip"],"picked":"SKIP","floor":10.0},{"not_picked":["A Thousand Cuts","Poisoned Stab"],"picked":"Backflip","floor":11.0},{"not_picked":["Outmaneuver","Flying Knee"],"picked":"Reflex","floor":13.0},{"not_picked":["Phantasmal Killer","Envenom"],"picked":"Die Die Die","floor":16.0},{"not_picked":["Dagger Spray","Malaise"],"picked":"Blur","floor":18.0},{"not_picked":["Dagger Spray+1","Deflect"],"picked":"PiercingWail+1","floor":19.0},{"not_picked":["Outmaneuver+1","Predator"],"picked":"Tools of the Trade","floor":21}],"player_experience":56385,"potions_floor_usage":[24],"damage_taken":[{"damage":5.0,"enemies":"Cultist","floor":1.0,"turns":5.0},{"damage":1.0,"enemies":"Small Slimes","floor":2.0,"turns":3.0},{"damage":0.0,"enemies":"2 Louse","floor":5.0,"turns":2.0},{"damage":16.0,"enemies":"Lagavulin","floor":6.0,"turns":5.0},{"damage":3.0,"enemies":"3 Sentries","floor":10.0,"turns":5.0},{"damage":2.0,"enemies":"Large Slime","floor":11.0,"turns":4.0},{"damage":0.0,"enemies":"Gremlin Nob","floor":13.0,"turns":4.0},{"damage":8.0,"enemies":"Hexaghost","floor":16.0,"turns":10.0},{"damage":1.0,"enemies":"Shell Parasite","floor":18.0,"turns":7.0},{"damage":0.0,"enemies":"Chosen","floor":19.0,"turns":6.0},{"damage":0,"enemies":"Snake Plant","floor":21,"turns":7},{"damage":79,"enemies":"Gremlin Leader","floor":24,"turns":10}],"relics_obtained":[{"floor":3.0,"key":"Happy Flower"},{"floor":6.0,"key":"Matryoshka"},{"floor":9.0,"key":"Anchor"},{"floor":9.0,"key":"Tough Bandages"},{"floor":10.0,"key":"Orichalcum"},{"floor":13.0,"key":"Bottled Lightning"}],"event_choices":[{"event_name":"Big Fish","player_choice":"Donut","floor":4.0,"damage_taken":0.0},{"event_name":"Liars Game","player_choice":"disagreed","floor":14.0,"damage_taken":0.0},{"event_name":"N\u0027loth","player_choice":"Traded a Bottled Lightning","floor":20.0,"damage_taken":0.0}],"boss_relics":[{"not_picked":["Lizard Tail","Philosopher\u0027s Stone"],"picked":"Eternal Feather"}],"items_purged_floors":[22],"potions_floor_spawned":[5,6,10,13,21],"seed_played":"2756706844464854148","killed_by":"Gremlin Leader","ascension_level":2,"potions_obtained":[{"floor":5.0,"key":"Poison Potion"},{"floor":6.0,"key":"FearPotion"},{"floor":10.0,"key":"LiquidBronze"},{"floor":13.0,"key":"SteroidPotion"},{"floor":21,"key":"SteroidPotion"}],"is_trial":false}