{"gold_per_floor":[116,25,25,25,43,43,59,78,132,143,73,85,85,85,85,185,185,196,211,35,47,47,47,0,10,10,10,26,26,44,44,44,142,142,158,83,102,180,253,253,253,273,297,311,54,64,74,0,0,0],"floor_reached":51,"playtime":2416,"items_purged":["Strike_G","Strike_G"],"score":1086,"play_id":"f7cdf99b-42b4-42f9-b1f2-45356e0cdb97","local_time":"20180811212257","is_ascension_mode":true,"campfire_choices":[{"data":"Neutralize","floor":6,"key":"SMITH"},{"data":"Riddle With Holes","floor":13,"key":"SMITH"},{"floor":15,"key":"REST"},{"floor":23,"key":"REST"},{"floor":27,"key":"REST"},{"floor":32,"key":"REST"},{"data":"Riddle With Holes","floor":40,"key":"SMITH"},{"floor":49,"key":"REST"}],"neow_cost":"CURSE","seed_source_timestamp":372442086737500,"circlet_count":0,"master_deck":["Defend_G","Defend_G","Defend_G","Defend_G","Defend_G","Strike_G","Strike_G","Survivor","Neutralize+1","AscendersBane","Dagger Throw","Riddle With Holes+1","Dagger Spray+1","Quick Slash","PiercingWail","Dodge and Roll","Blur","Riddle With Holes+1","Sucker Punch+1","Glass Knife","Caltrops","PiercingWail+1","Infinite Blades","Malaise","Normality","PiercingWail+1","Writhe","Terror","Riddle With Holes+1","Glass Knife","Cloak And Dagger+1","Decay","Dash+1","Injury","Finisher+1"],"relics":["Ring of the Serpent","Du-Vu Doll","Spirit Poop","Tiny Chest","Cursed Key","Oddly Smooth Stone","Gremlin Horn","Ninja Scroll","Meat on the Bone","Letter Opener","Art of War","Centennial Puzzle","Red Mask"],"potions_floor_usage":[8,10,16,21,44,50,50,50],"damage_taken":[{"damage":1,"enemies":"2 Louse","floor":1,"turns":2},{"damage":0,"enemies":"Small Slimes","floor":5,"turns":3},{"damage":0,"enemies":"Cultist","floor":7,"turns":2},{"damage":0,"enemies":"Lots of Slimes","floor":8,"turns":1},{"damage":5,"enemies":"Exordium Thugs","floor":10,"turns":5},{"damage":3,"enemies":"Looter","floor":12,"turns":2},{"damage":34,"enemies":"The Guardian","floor":16,"turns":16},{"damage":7,"enemies":"Shell Parasite","floor":18,"turns":3},{"damage":23,"enemies":"2 Thieves","floor":19,"turns":4},{"damage":10,"enemies":"Centurion and Healer","floor":21,"turns":5},{"damage":20,"enemies":"Snake Plant","floor":25,"turns":4},{"damage":12,"enemies":"Snecko","floor":28,"turns":5},{"damage":0,"enemies":"Chosen and Byrds","floor":30,"turns":4},{"damage":31,"enemies":"Champ","floor":33,"turns":14},{"damage":5,"enemies":"Orb Walker","floor":35,"turns":4},{"damage":4,"enemies":"3 Shapes","floor":37,"turns":5},{"damage":0,"enemies":"Sphere and 2 Shapes","floor":42,"turns":1},{"damage":8,"enemies":"Transient","floor":44,"turns":5},{"damage":13,"enemies":"3 Darklings","floor":46,"turns":3},{"damage":0,"enemies":"Sphere and 2 Shapes","floor":47,"turns":3},{"damage":53,"enemies":"Time Eater","floor":50,"turns":9}],"seed_played":"-8948045536647829208","potions_obtained":[{"floor":1,"key":"Explosive Potion"},{"floor":7,"key":"AttackPotion"},{"floor":8,"key":"Swift Potion"},{"floor":19,"key":"Energy Potion"},{"floor":33,"key":"Dexterity Potion"},{"floor":35,"key":"SteroidPotion"},{"floor":44,"key":"SpeedPotion"},{"floor":46,"key":"Strength Potion"}],"is_trial":false,"path_per_floor":["M","$","?","?","M","R","M","M","T","M","$","M","R","?","R","B",null,"M","M","$","M","$","R","?","M","T","R","M","T","M","?","R","B",null,"M","$","M","T","T","R","?","M","T","M","$","M","M","?","R","B"],"character_chosen":"THE_SILENT","items_purchased":["Riddle With Holes","Dagger Spray","Riddle With Holes","Oddly Smooth Stone","Infinite Blades","Centennial Puzzle"],"campfire_rested":5,"item_purchase_floors":[2,2,11,20,20,45],"current_hp_per_floor":[62,62,62,62,62,62,62,62,62,57,57,54,54,40,61,27,59,52,29,29,19,19,40,40,20,20,41,29,29,29,29,50,19,57,52,52,48,48,48,48,48,48,48,40,40,39,39,39,60,19],"gold":0,"neow_bonus":"ONE_RARE_RELIC","is_prod":false,"is_daily":false,"chose_seed":false,"campfire_upgraded":3,"win_rate":0,"timestamp":1534036977,"path_taken":["M","$","?","?","M","R","?","M","T","M","?","M","R","?","R","BOSS","M","M","$","M","?","R","?","M","T","R","?","?","?","?","R","BOSS","M","$","M","?","?","R","?","?","T","M","?","M","M","?","R","BOSS"],"build_version":"2018-08-09","purchased_purges":2,"victory":true,"max_hp_per_floor":[70,70,70,70,70,70,70,70,70,70,70,70,70,70,70,70,70,70,70,70,70,70,70,70,70,70,70,70,70,70,70,70,70,70,70,70,70,70,70,70,70,70,70,70,70,70,70,70,70,70],"card_choices":[{"not_picked":["Deadly Poison","Poisoned Stab"],"picked":"Dagger Throw","floor":1},{"not_picked":["Underhanded Strike","Deadly Poison"],"picked":"Quick Slash","floor":5},{"not_picked":["Dagger Throw","Dagger Spray"],"picked":"PiercingWail","floor":7},{"not_picked":["Distraction","Bane"],"picked":"Dodge and Roll","floor":8},{"not_picked":["Poisoned Stab","Masterful Stab"],"picked":"Blur","floor":10},{"not_picked":["Flechettes","Bane"],"picked":"Sucker Punch","floor":12},{"not_picked":["Phantasmal Killer","Malaise"],"picked":"Glass Knife","floor":16},{"not_picked":["Bouncing Flask+1","Deadly Poison"],"picked":"Caltrops","floor":18},{"not_picked":["Bane","Flying Knee+1"],"picked":"PiercingWail+1","floor":19},{"not_picked":["Sucker Punch","Acrobatics","Outmaneuver"],"picked":"SKIP","floor":21},{"not_picked":["Slice+1","Eviscerate+1"],"picked":"Malaise","floor":25},{"not_picked":["Dagger Throw","Backflip"],"picked":"PiercingWail+1","floor":28},{"not_picked":["Calculated Gamble","Deflect"],"picked":"Terror","floor":30},{"not_picked":["Unload","Night Terror"],"picked":"Glass Knife","floor":33},{"not_picked":["Sucker Punch","Blade Dance","Deflect+1"],"picked":"SKIP","floor":35},{"not_picked":["Blade Dance+1","Deflect"],"picked":"Cloak And Dagger+1","floor":37},{"not_picked":["Caltrops+1","Prepared"],"picked":"Dash+1","floor":42},{"not_picked":["Dagger Spray+1","Flying Knee+1","Quick Slash"],"picked":"SKIP","floor":44},{"not_picked":["Sucker Punch","Doppelganger","Flechettes"],"picked":"SKIP","floor":46},{"not_picked":["Cloak And Dagger+1","Poisoned Stab"],"picked":"Finisher+1","floor":47}],"player_experience":1485871,"relics_obtained":[{"floor":9,"key":"Tiny Chest"},{"floor":26,"key":"Gremlin Horn"},{"floor":29,"key":"Ninja Scroll"},{"floor":38,"key":"Meat on the Bone"},{"floor":39,"key":"Letter Opener"},{"floor":43,"key":"Art of War"}],"event_choices":[{"event_name":"Living Wall","player_choice":"Forget","floor":3,"damage_taken":0},{"event_name":"Bonfire Elementals","player_choice":"CURSE","floor":4,"damage_taken":0},{"event_name":"Shining Light","player_choice":"Entered Light","floor":14,"damage_taken":0},{"event_name":"Masked Bandits","player_choice":"Paid Fearfully","floor":24,"damage_taken":0},{"event_name":"Duplicator","player_choice":"One dupe","floor":31,"damage_taken":0},{"event_name":"Purifier","player_choice":"One Purge","floor":41,"damage_taken":0},{"event_name":"Tomb of Lord Red Mask","player_choice":"Paid","floor":48,"damage_taken":0}],"is_beta":false,"boss_relics":[{"not_picked":["Tiny House","Busted Crown"],"picked":"Cursed Key"},{"not_picked":["White Beast Statue","Pandora\u0027s Box"],"picked":"Ring of the Serpent"}],"items_purged_floors":[36,45],"is_endless":false,"potions_floor_spawned":[1,7,8,19,25,33,35,44,46],"ascension_level":10}