{"gold_per_floor":[119,119,137,137,147,147,161,9,9,9,34,44,57,57,57,129,129,142,173,186,186,186,186,186],"floor_reached":24,"playtime":982,"items_purged":["Strike_G"],"score":392,"play_id":"77bd1c36-0d5b-4ab8-85b8-0159644d11fc","local_time":"20190107134606","is_ascension_mode":true,"campfire_choices":[{"data":"Crippling Poison","floor":6,"key":"SMITH"},{"data":"Neutralize","floor":10,"key":"SMITH"},{"data":"1","floor":15,"key":"LIFT"},{"floor":23,"key":"REST"}],"neow_cost":"NONE","seed_source_timestamp":14985480801755,"circlet_count":0,"master_deck":["AscendersBane","Defend_G","Defend_G","Defend_G","Defend_G","Strike_G+1","Strike_G+1","Survivor","Neutralize+1","Flechettes","Neutralize","Poisoned Stab","Riddle With Holes","Crippling Poison+1","Dash","Acrobatics+1","Leg Sweep+1","Deflect+1","After Image","Footwork+1","Infinite Blades+1","Night Terror+1","Dodge and Roll+1","Deadly Poison+1"],"relics":["Ring of the Snake","Whetstone","Toxic Egg 2","Girya","Astrolabe","Red Mask"],"potions_floor_usage":[19],"damage_taken":[{"damage":1,"enemies":"Cultist","floor":1,"turns":3},{"damage":0,"enemies":"2 Louse","floor":3,"turns":3},{"damage":2,"enemies":"Jaw Worm","floor":5,"turns":4},{"damage":2,"enemies":"2 Fungi Beasts","floor":7,"turns":3},{"damage":10,"enemies":"Lagavulin","floor":11,"turns":5},{"damage":3,"enemies":"Looter","floor":12,"turns":3},{"damage":8,"enemies":"Lots of Slimes","floor":13,"turns":2},{"damage":15,"enemies":"The Guardian","floor":16,"turns":17},{"damage":5,"enemies":"Chosen","floor":18,"turns":7},{"damage":13,"enemies":"Masked Bandits","floor":19,"turns":5},{"damage":9,"enemies":"Spheric Guardian","floor":20,"turns":6},{"damage":16,"enemies":"Colosseum Slavers","floor":21,"turns":6},{"damage":37,"enemies":"Slavers","floor":24,"turns":3}],"seed_played":"-2318702109637616074","potions_obtained":[{"floor":3,"key":"AttackPotion"},{"floor":11,"key":"LiquidBronze"},{"floor":19,"key":"Weak Potion"}],"is_trial":false,"path_per_floor":["M","?","M","?","M","R","M","$","T","R","E","M","M","?","R","B",null,"M","?","M","?","?","R","E"],"character_chosen":"THE_SILENT","items_purchased":["Dash"],"campfire_rested":1,"item_purchase_floors":[8],"current_hp_per_floor":[58,58,58,58,56,56,54,54,54,54,44,41,33,38,38,23,59,54,41,32,16,16,37,0],"gold":186,"neow_bonus":"RANDOM_COMMON_RELIC","is_prod":false,"is_daily":false,"chose_seed":false,"campfire_upgraded":2,"win_rate":0,"timestamp":1546865166,"path_taken":["M","?","?","?","M","R","?","$","T","R","E","M","M","?","R","BOSS","M","?","M","?","?","R","E"],"build_version":"2019-01-03v4","purchased_purges":1,"victory":false,"max_hp_per_floor":[66,66,66,66,66,66,66,66,66,66,66,66,66,71,71,71,71,71,71,71,71,71,71,71],"card_choices":[{"not_picked":["PiercingWail","Blur"],"picked":"Flechettes","floor":1},{"not_picked":["Deflect","Slice"],"picked":"Poisoned Stab","floor":3},{"not_picked":["Bane","Blade Dance"],"picked":"Crippling Poison","floor":5},{"not_picked":["Tactician","Expertise","Sucker Punch"],"picked":"SKIP","floor":7},{"not_picked":["Accuracy","Expertise+1"],"picked":"Acrobatics+1","floor":11},{"not_picked":["A Thousand Cuts","Cloak And Dagger+1"],"picked":"Leg Sweep+1","floor":12},{"not_picked":["Infinite Blades","Slice"],"picked":"Deflect+1","floor":13},{"not_picked":["Wraith Form v2","Venomology+1"],"picked":"After Image","floor":16},{"not_picked":["Escape Plan+1","Dagger Throw+1"],"picked":"Dodge and Roll+1","floor":18},{"not_picked":["All Out Attack","Outmaneuver+1"],"picked":"Deadly Poison+1","floor":20}],"player_experience":1840769,"relics_obtained":[{"floor":9,"key":"Toxic Egg 2"},{"floor":11,"key":"Girya"},{"floor":19,"key":"Red Mask"}],"event_choices":[{"damage_healed":0,"gold_gain":0,"player_choice":"2 cards matched","damage_taken":0,"max_hp_gain":0,"max_hp_loss":0,"event_name":"Match and Keep!","floor":2,"gold_loss":0,"cards_obtained":["Neutralize","Tactician"]},{"damage_healed":0,"gold_gain":0,"cards_transformed":["Tactician"],"player_choice":"Transformed","damage_taken":0,"max_hp_gain":0,"max_hp_loss":0,"event_name":"Transmorgrifier","floor":4,"gold_loss":0,"cards_obtained":["Riddle With Holes"]},{"damage_healed":0,"gold_gain":0,"player_choice":"Donut","damage_taken":0,"max_hp_gain":5,"max_hp_loss":0,"event_name":"Big Fish","floor":14,"gold_loss":0},{"damage_healed":0,"gold_gain":0,"player_choice":"Fought Bandits","damage_taken":0,"max_hp_gain":0,"max_hp_loss":0,"event_name":"Masked Bandits","floor":19,"gold_loss":0},{"damage_healed":0,"gold_gain":0,"player_choice":"Fight","damage_taken":0,"max_hp_gain":0,"max_hp_loss":0,"event_name":"Colosseum","floor":21,"gold_loss":0},{"damage_healed":0,"gold_gain":0,"player_choice":"Fled From Nobs","damage_taken":0,"max_hp_gain":0,"max_hp_loss":0,"event_name":"Colosseum","floor":21,"gold_loss":0},{"damage_healed":0,"gold_gain":0,"player_choice":"Ignored","damage_taken":0,"max_hp_gain":0,"max_hp_loss":0,"event_name":"Cursed Tome","floor":22,"gold_loss":0}],"is_beta":false,"boss_relics":[{"not_picked":["Velvet Choker","Empty Cage"],"picked":"Astrolabe"}],"items_purged_floors":[8],"is_endless":false,"potions_floor_spawned":[3,11,16,18,19],"killed_by":"Slavers","ascension_level":20}