{"path_per_floor":["M","M","M","?","$","R","E","M","T","M","M","E"],"character_chosen":"THE_SILENT","items_purchased":["Noxious Fumes"],"gold_per_floor":[109,127,141,216,73,73,103,113,140,160,174,202,202],"floor_reached":13,"campfire_rested":0,"playtime":1146,"item_purchase_floors":[5],"current_hp_per_floor":[68,59,55,44,44,44,37,26,26,28,20,11,0],"items_purged":["Strike_G"],"gold":202,"score":107,"play_id":"b7f6f10d-70b4-4da9-8b60-5c194c1348e3","local_time":"20180626201230","is_prod":false,"is_daily":false,"chose_seed":false,"is_ascension_mode":true,"campfire_upgraded":1,"win_rate":0,"timestamp":1530061950,"campfire_choices":[{"data":"Noxious Fumes","floor":6,"key":"SMITH"}],"path_taken":["M","M","M","?","$","R","E","?","T","M","M","E","M"],"build_version":"2018-06-21","seed_source_timestamp":630926278101596,"purchased_purges":1,"circlet_count":0,"victory":false,"master_deck":["Defend_G","Defend_G","Defend_G","Defend_G","Defend_G","Strike_G","Strike_G+1","Strike_G","Strike_G","Survivor","Neutralize+1","Noxious Fumes+1","Dodge and Roll","Quick Slash","Noxious Fumes","Bullet Time","Crippling Poison","Leg Sweep"],"max_hp_per_floor":[70,70,70,70,70,70,70,70,70,70,70,70,70],"relics":["Ring of the Snake","Vajra","Whetstone","Blood Vial"],"card_choices":[{"not_picked":["Quick Slash","Poisoned Stab"],"picked":"Noxious Fumes","floor":1},{"not_picked":["Riddle With Holes","Outmaneuver"],"picked":"Dodge and Roll","floor":2},{"not_picked":["Riddle With Holes","Slice"],"picked":"Quick Slash","floor":3},{"not_picked":["Reflex","Prepared"],"picked":"Bullet Time","floor":7},{"not_picked":["Dodge and Roll","Well Laid Plans"],"picked":"Crippling Poison","floor":8},{"not_picked":["Underhanded Strike","Flying Knee","Dagger Spray"],"picked":"SKIP","floor":10},{"not_picked":["Accuracy","Endless Agony"],"picked":"Leg Sweep","floor":11},{"not_picked":["Deadly Poison","Slice","Underhanded Strike"],"picked":"SKIP","floor":12}],"player_experience":107990,"potions_floor_usage":[10,10,10,12],"damage_taken":[{"damage":2,"enemies":"2 Louse","floor":1,"turns":3},{"damage":9,"enemies":"Small Slimes","floor":2,"turns":5},{"damage":4,"enemies":"Jaw Worm","floor":3,"turns":5},{"damage":7,"enemies":"3 Sentries","floor":7,"turns":6},{"damage":11,"enemies":"Gremlin Gang","floor":8,"turns":4},{"damage":10,"enemies":"Lots of Slimes","floor":10,"turns":3},{"damage":8,"enemies":"3 Louse","floor":11,"turns":4},{"damage":9,"enemies":"Gremlin Nob","floor":12,"turns":4},{"damage":14,"enemies":"Gremlin Gang","floor":13,"turns":3}],"relics_obtained":[{"floor":7,"key":"Vajra"},{"floor":9,"key":"Whetstone"},{"floor":12,"key":"Blood Vial"}],"event_choices":[{"event_name":"World of Goop","player_choice":"Gather Gold","floor":4,"damage_taken":0}],"boss_relics":[],"items_purged_floors":[5],"is_endless":false,"potions_floor_spawned":[3,7,8,10],"seed_played":"-1988435644049795863","killed_by":"Gremlin Gang","ascension_level":2,"potions_obtained":[{"floor":3,"key":"SkillPotion"},{"floor":10,"key":"GamblersBrew"}],"is_trial":false}