{"gold_per_floor":[109,59,72,83,83,116,127,160,160,6,6],"floor_reached":11,"playtime":644,"items_purged":[],"score":87,"play_id":"cf233fa2-3ec9-4f40-ad4c-0356692e083e","local_time":"20180710011330","is_ascension_mode":true,"campfire_choices":[],"neow_cost":"NONE","seed_source_timestamp":229775684293345,"circlet_count":0,"master_deck":["Strike_B","Strike_B","Strike_B","Defend_B","Defend_B","Defend_B","Defend_B","Zap","Dualcast","Seek","Rebound","Chaos","Regret","Ball Lightning","Capacitor","Consume","Echo Form"],"relics":["Cracked Core","Juzu Bracelet","Matryoshka","Kunai","Smiling Mask","Omamori"],"potions_floor_usage":[6],"damage_taken":[{"damage":0,"enemies":"2 Louse","floor":1,"turns":2},{"damage":6,"enemies":"Jaw Worm","floor":3,"turns":2},{"damage":0,"enemies":"Cultist","floor":4,"turns":2},{"damage":43,"enemies":"Lagavulin","floor":6,"turns":6},{"damage":2,"enemies":"Large Slime","floor":7,"turns":5},{"damage":22,"enemies":"Gremlin Nob","floor":8,"turns":4},{"damage":6,"enemies":"3 Louse","floor":11,"turns":1}],"seed_played":"3391484054131549260","potions_obtained":[{"floor":4,"key":"AttackPotion"},{"floor":7,"key":"LiquidBronze"}],"is_trial":false,"path_per_floor":["M","?","M","M","?","E","M","E","T","$"],"character_chosen":"DEFECT","items_purchased":["Echo Form"],"campfire_rested":0,"item_purchase_floors":[10],"current_hp_per_floor":[75,75,69,69,69,26,24,2,2,2,0],"gold":6,"neow_bonus":"ONE_RANDOM_RARE_CARD","is_prod":false,"is_daily":false,"chose_seed":false,"campfire_upgraded":0,"win_rate":0,"timestamp":1531151010,"path_taken":["M","?","?","M","?","E","M","E","T","$","M"],"build_version":"2018-07-05","purchased_purges":0,"victory":false,"max_hp_per_floor":[75,75,75,75,75,75,75,75,75,75,75],"card_choices":[{"not_picked":["Coolheaded","Cold Snap"],"picked":"Rebound","floor":1},{"not_picked":["Gash","Compile Driver","Conserve Battery"],"picked":"SKIP","floor":3},{"not_picked":["Beam Cell","Gash"],"picked":"Chaos","floor":4},{"not_picked":["Glacier","Chaos"],"picked":"Ball Lightning","floor":6},{"not_picked":["Leap","Stack"],"picked":"Capacitor","floor":7},{"not_picked":["Beam Cell","Aggregate"],"picked":"Consume","floor":8}],"player_experience":64874,"relics_obtained":[{"floor":6,"key":"Matryoshka"},{"floor":8,"key":"Kunai"},{"floor":9,"key":"Smiling Mask"},{"floor":9,"key":"Omamori"}],"event_choices":[{"event_name":"The Cleric","player_choice":"Card Removal","floor":2,"damage_taken":0},{"event_name":"Big Fish","player_choice":"Box","floor":5,"damage_taken":0}],"boss_relics":[],"items_purged_floors":[],"is_endless":false,"potions_floor_spawned":[4,7],"killed_by":"3 Louse","ascension_level":1}