{"gold_per_floor":[115,135,10,10,10,35,49,2,70,90,265,265,290,290],"floor_reached":14,"playtime":429,"items_purged":["Strike_R"],"score":119,"play_id":"d0f588be-92f6-4495-a7d1-08181ed4a48d","local_time":"20180730152955","is_ascension_mode":true,"campfire_choices":[{"data":"Entrench","floor":12,"key":"SMITH"}],"neow_cost":"NONE","seed_source_timestamp":424806509512512,"circlet_count":0,"master_deck":["Strike_R","Strike_R","Strike_R","Strike_R","Defend_R","Defend_R","Defend_R","Defend_R","Bash","Headbutt","Inflame","Rage","Iron Wave","Bludgeon","Entrench+1","Flex","True Grit","Doubt","Barricade"],"relics":["Burning Blood","Golden Idol","Ornamental Fan"],"potions_floor_usage":[10],"damage_taken":[{"damage":6,"enemies":"Cultist","floor":1,"turns":3},{"damage":11,"enemies":"2 Louse","floor":2,"turns":4},{"damage":7,"enemies":"Jaw Worm","floor":6,"turns":3},{"damage":29,"enemies":"Gremlin Gang","floor":7,"turns":5},{"damage":12,"enemies":"Large Slime","floor":10,"turns":5},{"damage":0,"enemies":"2 Fungi Beasts","floor":13,"turns":4},{"damage":40,"enemies":"Gremlin Gang","floor":14,"turns":3}],"seed_played":"-6988644356063900056","potions_obtained":[{"floor":1,"key":"Swift Potion"},{"floor":6,"key":"Dexterity Potion"},{"floor":7,"key":"Regen Potion"}],"is_trial":false,"path_per_floor":["M","M","$","?","?","M","M","$","T","M","?","R","M"],"character_chosen":"IRONCLAD","items_purchased":["Iron Wave","Flex"],"campfire_rested":0,"item_purchase_floors":[3,8],"current_hp_per_floor":[72,67,67,67,47,46,23,23,23,31,31,31,37,0],"gold":290,"neow_bonus":"THREE_CARDS","is_prod":false,"is_daily":false,"chose_seed":false,"campfire_upgraded":1,"win_rate":0,"timestamp":1532978995,"path_taken":["M","M","?","?","?","M","M","$","T","M","?","R","M","M"],"build_version":"2018-07-26","purchased_purges":1,"victory":false,"max_hp_per_floor":[80,80,80,80,80,80,80,80,80,80,80,80,80,80],"card_choices":[{"not_picked":["Armaments","Blood for Blood"],"picked":"Headbutt","floor":0},{"not_picked":["Blood for Blood","Cleave"],"picked":"Inflame","floor":1},{"not_picked":["Metallicize","Clash"],"picked":"Rage","floor":2},{"not_picked":["Perfected Strike","Blood for Blood"],"picked":"Bludgeon","floor":6},{"not_picked":["Iron Wave","Wild Strike"],"picked":"Entrench","floor":7},{"not_picked":["Second Wind","Havoc"],"picked":"True Grit","floor":10},{"not_picked":["Havoc","Combust"],"picked":"Barricade","floor":13}],"player_experience":1371085,"relics_obtained":[{"floor":9,"key":"Ornamental Fan"}],"event_choices":[{"event_name":"The Cleric","player_choice":"Leave","floor":4,"damage_taken":0},{"event_name":"Golden Idol","player_choice":"Take Damage","floor":5,"damage_taken":0},{"event_name":"Liars Game","player_choice":"agreed","floor":11,"damage_taken":0}],"is_beta":false,"boss_relics":[],"items_purged_floors":[3],"is_endless":false,"potions_floor_spawned":[1,6,7],"killed_by":"Gremlin Gang","ascension_level":9}