{"gold_per_floor":[119,131,131,148,148,178,198,198,274,284,313,313,329,285,285,382,382,393,393,418,436,448,448,201,126,126,41,41,60,60,74,74,74],"floor_reached":33,"playtime":1772,"items_purged":[],"score":347,"play_id":"7c2d031d-289e-4581-bb31-b2ea83443d8a","local_time":"20190121103124","is_ascension_mode":true,"campfire_choices":[{"floor":8.0,"key":"REST"},{"floor":12.0,"key":"REST"},{"data":"Zap","floor":15.0,"key":"SMITH"},{"floor":23,"key":"REST"},{"floor":30,"key":"REST"},{"data":"Fission","floor":32,"key":"SMITH"}],"neow_cost":"NONE","seed_source_timestamp":76507429133879,"circlet_count":0,"master_deck":["Strike_B","Strike_B","Strike_B","Strike_B","Defend_B","Defend_B","Defend_B","Defend_B","Zap+1","Dualcast","Cold Snap","Ball Lightning","Streamline","Core Surge","Electrodynamics","Seek","Leap","Leap","Fission+1","Ball Lightning+1","Stack+1","Turbo","BootSequence+1"],"special_seed":0,"relics":["Cracked Core","Emotion Chip","Bottled Lightning","Juzu Bracelet","White Beast Statue","Oddly Smooth Stone","Toolbox","Incense Burner","Shuriken"],"potions_floor_usage":[22,33,33,33],"damage_taken":[{"damage":0.0,"enemies":"Small Slimes","floor":1.0,"turns":2.0},{"damage":0.0,"enemies":"2 Louse","floor":2.0,"turns":2.0},{"damage":0.0,"enemies":"Cultist","floor":4.0,"turns":3.0},{"damage":20.0,"enemies":"Gremlin Nob","floor":6.0,"turns":4.0},{"damage":1.0,"enemies":"Exordium Wildlife","floor":7.0,"turns":3.0},{"damage":8.0,"enemies":"Gremlin Gang","floor":10.0,"turns":3.0},{"damage":21.0,"enemies":"Lagavulin","floor":11.0,"turns":4.0},{"damage":2.0,"enemies":"Large Slime","floor":13.0,"turns":3.0},{"damage":19.0,"enemies":"Slime Boss","floor":16.0,"turns":8.0},{"damage":11.0,"enemies":"Chosen","floor":18.0,"turns":5.0},{"damage":13.0,"enemies":"Colosseum Slavers","floor":19.0,"turns":2.0},{"damage":11.0,"enemies":"Spheric Guardian","floor":21.0,"turns":4.0},{"damage":11,"enemies":"Centurion and Healer","floor":22,"turns":6},{"damage":0,"enemies":"Sentry and Sphere","floor":29,"turns":3},{"damage":4,"enemies":"Snecko","floor":31,"turns":4},{"damage":88,"enemies":"Champ","floor":33,"turns":15}],"seed_played":"7831712182121535838","potions_obtained":[{"floor":1.0,"key":"FocusPotion"},{"floor":4.0,"key":"SkillPotion"},{"floor":10.0,"key":"Block Potion"},{"floor":11.0,"key":"SkillPotion"},{"floor":18.0,"key":"Dexterity Potion"},{"floor":21.0,"key":"Strength Potion"},{"floor":22,"key":"Dexterity Potion"},{"floor":29,"key":"AttackPotion"}],"is_trial":false,"path_per_floor":["M","M","?","M","?","E","M","R","T","M","E","R","M","?","R","B",null,"M","?","T","M","M","R","$","?","T","?","$","M","R","M","R","B"],"character_chosen":"DEFECT","items_purchased":["Toolbox","Turbo"],"campfire_rested":4,"item_purchase_floors":[24,24],"current_hp_per_floor":[75,75,80,80,80,60,59,85,85,77,56,82,80,80,80,61,81,70,57,57,46,35,61,61,61,61,61,61,61,87,83,83,0],"gold":74,"neow_bonus":"TEN_PERCENT_HP_BONUS","is_prod":false,"is_daily":false,"chose_seed":false,"campfire_upgraded":2,"win_rate":0,"timestamp":1548088284,"path_taken":["M","M","?","M","?","E","M","R","T","M","E","R","M","?","R","BOSS","M","?","?","M","M","R","$","?","T","?","$","M","R","M","R","BOSS"],"build_version":"2019-01-19","purchased_purges":0,"victory":false,"max_hp_per_floor":[82,82,87,87,87,87,87,87,87,87,87,87,87,87,87,87,87,87,87,87,87,87,87,87,87,87,87,87,87,87,87,87,87],"card_choices":[{"not_picked":["Double Energy","Storm"],"picked":"Cold Snap","floor":1.0},{"not_picked":["Hologram","Sweeping Beam"],"picked":"Ball Lightning","floor":2.0},{"not_picked":["Cold Snap","Turbo"],"picked":"Streamline","floor":4.0},{"not_picked":["Streamline","Coolheaded"],"picked":"Electrodynamics","floor":6.0},{"not_picked":["Sweeping Beam","Turbo","Barrage"],"picked":"SKIP","floor":7.0},{"not_picked":["Compile Driver","Coolheaded"],"picked":"Seek","floor":10.0},{"not_picked":["Cold Snap","Conserve Battery"],"picked":"Leap","floor":11.0},{"not_picked":["Doom and Gloom","Rebound"],"picked":"Leap","floor":13.0},{"not_picked":["Electrodynamics","Thunder Strike"],"picked":"Fission","floor":16.0},{"not_picked":["Steam","Cold Snap"],"picked":"Ball Lightning+1","floor":18.0},{"not_picked":["Scrape","Coolheaded"],"picked":"Stack+1","floor":21.0},{"not_picked":["Storm+1","Sweeping Beam","Self Repair"],"picked":"SKIP","floor":22},{"not_picked":["Genetic Algorithm+1","Ball Lightning"],"picked":"BootSequence+1","floor":29},{"not_picked":["Sweeping Beam","Leap","Lockon"],"picked":"SKIP","floor":31}],"player_experience":621103,"relics_obtained":[{"floor":6.0,"key":"Emotion Chip"},{"floor":9.0,"key":"Bottled Lightning"},{"floor":11.0,"key":"Juzu Bracelet"},{"floor":20.0,"key":"Oddly Smooth Stone"},{"floor":26,"key":"Incense Burner"}],"event_choices":[{"damage_healed":0.0,"max_hp_gain":5.0,"max_hp_loss":0.0,"gold_gain":0.0,"event_name":"Big Fish","player_choice":"Donut","floor":3.0,"gold_loss":0.0,"damage_taken":0.0},{"damage_healed":0.0,"max_hp_gain":0.0,"max_hp_loss":0.0,"gold_gain":0.0,"event_name":"Match and Keep!","player_choice":"2 cards matched","floor":5.0,"gold_loss":0.0,"damage_taken":0.0,"cards_obtained":["Injury","Core Surge"]},{"damage_healed":0.0,"max_hp_gain":0.0,"max_hp_loss":0.0,"gold_gain":0.0,"event_name":"World of Goop","player_choice":"Left Gold","floor":14.0,"gold_loss":44.0,"damage_taken":0.0},{"damage_healed":0.0,"max_hp_gain":0.0,"max_hp_loss":0.0,"gold_gain":0.0,"event_name":"Colosseum","player_choice":"Fight","floor":19.0,"gold_loss":0.0,"damage_taken":0.0},{"damage_healed":0.0,"max_hp_gain":0.0,"max_hp_loss":0.0,"gold_gain":0.0,"event_name":"Colosseum","player_choice":"Fled From Nobs","floor":19.0,"gold_loss":0.0,"damage_taken":0.0},{"cards_removed":["Injury"],"damage_healed":0,"gold_gain":0,"player_choice":"Gave Gold","damage_taken":0,"max_hp_gain":0,"max_hp_loss":0,"event_name":"Beggar","floor":25,"gold_loss":75},{"damage_healed":0,"gold_gain":0,"player_choice":"Obtained Relic","damage_taken":0,"relics_obtained":["Shuriken"],"max_hp_gain":0,"max_hp_loss":0,"event_name":"Addict","floor":27,"gold_loss":85}],"is_beta":true,"boss_relics":[{"not_picked":["Velvet Choker","Snecko Eye"],"picked":"White Beast Statue"}],"items_purged_floors":[],"is_endless":false,"potions_floor_spawned":[1,4,10,11,18,19,21,22,29,31],"killed_by":"Champ","ascension_level":7}