{"gold_per_floor":[109,34,34,53,65,65,94,94,94,104,104],"floor_reached":11,"playtime":259,"items_purged":["Writhe"],"score":73,"play_id":"a230e5d0-351d-40f8-aabf-dfff6133e2d5","local_time":"20180726235418","is_ascension_mode":false,"campfire_choices":[{"data":"Riddle With Holes","floor":6,"key":"SMITH"},{"data":"Blade Dance","floor":8,"key":"SMITH"}],"neow_cost":"NONE","seed_source_timestamp":252367992651118,"circlet_count":0,"master_deck":["Defend_G","Defend_G","Defend_G","Defend_G","Defend_G","Strike_G","Strike_G","Strike_G","Strike_G","Strike_G","Survivor","Neutralize","Clumsy","Pain","Caltrops+1","Riddle With Holes+1","Blade Dance+1","Envenom+1"],"relics":["Calling Bell","Centennial Puzzle","Frozen Egg 2","Gambling Chip","Ornamental Fan","The Courier"],"potions_floor_usage":[7],"damage_taken":[{"damage":9,"enemies":"Small Slimes","floor":1,"turns":4},{"damage":11,"enemies":"2 Louse","floor":4,"turns":2},{"damage":10,"enemies":"Cultist","floor":5,"turns":4},{"damage":22,"enemies":"Gremlin Nob","floor":7,"turns":5},{"damage":20,"enemies":"Gremlin Gang","floor":10,"turns":3},{"damage":14,"enemies":"3 Sentries","floor":11,"turns":2}],"seed_played":"-1601421253303475761","potions_obtained":[{"floor":4,"key":"SpeedPotion"},{"floor":5,"key":"Regen Potion"}],"is_trial":false,"path_per_floor":["M","$","?","M","M","R","E","R","T","M"],"character_chosen":"THE_SILENT","items_purchased":[],"campfire_rested":0,"item_purchase_floors":[],"current_hp_per_floor":[61,61,61,50,40,40,32,32,32,12,0],"gold":104,"neow_bonus":"BOSS_RELIC","is_prod":false,"is_daily":false,"chose_seed":false,"campfire_upgraded":2,"win_rate":0,"timestamp":1532615058,"path_taken":["M","$","?","M","M","R","E","R","T","M","E"],"build_version":"2018-07-19v2","purchased_purges":1,"victory":false,"max_hp_per_floor":[70,70,70,70,70,70,70,70,70,70,70],"card_choices":[{"not_picked":["Dodge and Roll","Backflip"],"picked":"Caltrops+1","floor":1},{"not_picked":["Concentrate","Dodge and Roll","Bane"],"picked":"SKIP","floor":4},{"not_picked":["Dagger Throw","Dodge and Roll"],"picked":"Riddle With Holes","floor":5},{"not_picked":["Outmaneuver","Tactician"],"picked":"Blade Dance","floor":7},{"not_picked":["Quick Slash","Blur"],"picked":"Envenom+1","floor":10}],"player_experience":265484,"relics_obtained":[{"floor":0,"key":"Centennial Puzzle"},{"floor":0,"key":"Frozen Egg 2"},{"floor":0,"key":"Gambling Chip"},{"floor":7,"key":"Ornamental Fan"},{"floor":9,"key":"The Courier"}],"event_choices":[{"event_name":"The Cleric","player_choice":"Leave","floor":3,"damage_taken":0}],"is_beta":false,"boss_relics":[],"items_purged_floors":[2],"is_endless":false,"potions_floor_spawned":[4,5],"killed_by":"3 Sentries","ascension_level":0}