{"gold_per_floor":[117,45,65,84,159,159,192,192,192,142,162,162,162,226,226,226],"floor_reached":16,"playtime":787,"items_purged":[],"score":151,"play_id":"31a77633-7ed2-4d47-8186-f968876728fb","local_time":"20180727222455","is_ascension_mode":true,"campfire_choices":[{"data":"Searing Blow","floor":6,"key":"SMITH"},{"data":"Searing Blow+1","floor":8,"key":"SMITH"},{"data":"Searing Blow+2","floor":12,"key":"SMITH"},{"floor":15,"key":"REST"}],"neow_cost":"NONE","seed_source_timestamp":190175562462058,"circlet_count":0,"master_deck":["Strike_R","Strike_R","Strike_R","Defend_R","Defend_R","Defend_R","Defend_R","Bash","Searing Blow+3","Metallicize","Whirlwind","Iron Wave","Dual Wield","True Grit"],"relics":["Burning Blood","Vajra","Singing Bowl","Tiny Chest"],"potions_floor_usage":[14,16],"damage_taken":[{"damage":3,"enemies":"2 Louse","floor":1,"turns":3},{"damage":0,"enemies":"Small Slimes","floor":3,"turns":4},{"damage":4,"enemies":"Jaw Worm","floor":4,"turns":5},{"damage":35,"enemies":"3 Sentries","floor":7,"turns":7},{"damage":5,"enemies":"Blue Slaver","floor":11,"turns":4},{"damage":19,"enemies":"Lagavulin","floor":14,"turns":6},{"damage":55,"enemies":"Hexaghost","floor":16,"turns":10}],"seed_played":"-5074048484292759427","potions_obtained":[{"floor":3,"key":"Swift Potion"},{"floor":11,"key":"Strength Potion"}],"is_trial":false,"path_per_floor":["M","$","M","M","?","R","E","R","T","?","M","R","?","E","R"],"character_chosen":"IRONCLAD","items_purchased":["Metallicize"],"campfire_rested":1,"item_purchase_floors":[2],"current_hp_per_floor":[83,83,88,88,77,77,48,48,48,48,49,49,42,29,55,0],"gold":226,"neow_bonus":"TEN_PERCENT_HP_BONUS","is_prod":false,"is_daily":false,"chose_seed":false,"campfire_upgraded":3,"win_rate":0,"timestamp":1532744695,"path_taken":["M","$","M","M","?","R","E","R","T","?","?","R","?","E","R","BOSS"],"build_version":"2018-07-26","purchased_purges":0,"victory":false,"max_hp_per_floor":[88,88,88,88,88,88,88,88,88,88,88,88,88,88,88,88],"card_choices":[{"not_picked":["Clothesline","Cleave"],"picked":"Searing Blow","floor":1},{"not_picked":["Twin Strike","Bloodletting"],"picked":"Whirlwind","floor":3},{"not_picked":["Blood for Blood","Seeing Red"],"picked":"Iron Wave","floor":4},{"not_picked":["Perfected Strike","Dark Embrace","Reckless Charge"],"picked":"SKIP","floor":7},{"not_picked":["Evolve","Anger"],"picked":"Dual Wield","floor":11},{"not_picked":["Warcry","Clash"],"picked":"True Grit","floor":14}],"player_experience":1346422,"relics_obtained":[{"floor":7,"key":"Vajra"},{"floor":9,"key":"Singing Bowl"},{"floor":14,"key":"Tiny Chest"}],"event_choices":[{"event_name":"World of Goop","player_choice":"Gather Gold","floor":5,"damage_taken":0},{"event_name":"The Cleric","player_choice":"Card Removal","floor":10,"damage_taken":0},{"event_name":"Golden Wing","player_choice":"Card Removal","floor":13,"damage_taken":0}],"is_beta":false,"boss_relics":[],"items_purged_floors":[],"is_endless":false,"potions_floor_spawned":[3,11],"killed_by":"Hexaghost","ascension_level":8}