{"gold_per_floor":[119,129,139,139,89,89,14,14,14,34,48,58,58,75,75,177,177,189,189,189,201,201,201,21,21,21,31,58,70,70,20,20,124,124,140,150,170,102,113,113,123,123,123,143,143,156,172,192,192,192],"floor_reached":50,"playtime":2308,"items_purged":["Defend_G","Defend_G"],"score":485,"play_id":"8e152db3-b7b9-4704-9d62-c3d51296ec54","local_time":"20181209190121","is_ascension_mode":false,"campfire_choices":[{"data":"Phantasmal Killer","floor":6,"key":"SMITH"},{"data":"Finisher","floor":8,"key":"SMITH"},{"data":"Neutralize","floor":13,"key":"SMITH"},{"data":"Sucker Punch","floor":15,"key":"SMITH"},{"data":"Terror","floor":23,"key":"SMITH"},{"data":"Phantasmal Killer","floor":25,"key":"SMITH"},{"floor":32,"key":"REST"},{"data":"Cloak And Dagger","floor":40,"key":"SMITH"},{"floor":42,"key":"RECALL"},{"data":"Infinite Blades","floor":45,"key":"SMITH"},{"floor":49,"key":"REST"}],"neow_cost":"NONE","seed_source_timestamp":367707011423284,"circlet_count":0,"master_deck":["Strike_G","Strike_G","Strike_G","Survivor","Neutralize+1","Phantasmal Killer+1","PiercingWail","Finisher+1","Backflip","Sucker Punch+1","Die Die Die","Backflip+1","Terror+1","Ghostly","Ghostly","Ghostly","Ghostly","Ghostly","Phantasmal Killer+1","All Out Attack","Cloak And Dagger+1","Endless Agony+1","Quick Slash+1","Unload","Flying Knee+1","Escape Plan","Infinite Blades+1","Endless Agony","Doubt","Blade Dance","Infinite Blades","Backflip+1"],"relics":["Ring of the Snake","Mercury Hourglass","Empty Cage","Bottled Flame","Cursed Key","Smiling Mask"],"potions_floor_usage":[14,29,33,33,33,44,50,50,50],"damage_taken":[{"damage":0,"enemies":"Small Slimes","floor":1,"turns":4},{"damage":0,"enemies":"2 Louse","floor":2,"turns":3},{"damage":6,"enemies":"Jaw Worm","floor":3,"turns":6},{"damage":9,"enemies":"Gremlin Gang","floor":10,"turns":4},{"damage":0,"enemies":"Large Slime","floor":11,"turns":2},{"damage":0,"enemies":"Blue Slaver","floor":12,"turns":2},{"damage":0,"enemies":"Red Slaver","floor":14,"turns":1},{"damage":21,"enemies":"The Guardian","floor":16,"turns":13},{"damage":0,"enemies":"3 Byrds","floor":18,"turns":4},{"damage":2,"enemies":"Chosen","floor":21,"turns":5},{"damage":6,"enemies":"Shelled Parasite and Fungi","floor":27,"turns":4},{"damage":12,"enemies":"Gremlin Leader","floor":28,"turns":6},{"damage":0,"enemies":"Snake Plant","floor":29,"turns":5},{"damage":4,"enemies":"Champ","floor":33,"turns":9},{"damage":3,"enemies":"3 Darklings","floor":35,"turns":4},{"damage":1,"enemies":"Orb Walker","floor":36,"turns":2},{"damage":3,"enemies":"Maw","floor":37,"turns":6},{"damage":1,"enemies":"Spire Growth","floor":39,"turns":4},{"damage":2,"enemies":"Transient","floor":41,"turns":5},{"damage":1,"enemies":"Maw","floor":44,"turns":7},{"damage":2,"enemies":"Sphere and 2 Shapes","floor":46,"turns":7},{"damage":7,"enemies":"4 Shapes","floor":47,"turns":3},{"damage":9,"enemies":"Writhing Mass","floor":48,"turns":6},{"damage":37,"enemies":"Awakened One","floor":50,"turns":8}],"seed_played":"-4592869190891643681","potions_obtained":[{"floor":1,"key":"SteroidPotion"},{"floor":11,"key":"AttackPotion"},{"floor":12,"key":"GhostInAJar"},{"floor":18,"key":"EssenceOfSteel"},{"floor":29,"key":"Dexterity Potion"},{"floor":35,"key":"PowerPotion"},{"floor":39,"key":"Explosive Potion"},{"floor":41,"key":"Poison Potion"},{"floor":46,"key":"EssenceOfSteel"}],"is_trial":false,"path_per_floor":["M","M","M","?","?","R","$","R","T","M","M","M","R","M","R","B",null,"M","?","?","M","?","R","$","R","T","M","E","M","$","?","R","B",null,"M","M","M","$","M","R","M","R","T","M","R","M","M","M","R","B"],"character_chosen":"THE_SILENT","items_purchased":["All Out Attack","Infinite Blades"],"campfire_rested":2,"item_purchase_floors":[24,38],"current_hp_per_floor":[70,70,64,64,64,64,64,64,64,55,55,55,55,55,55,34,70,70,70,35,33,33,33,33,33,33,27,15,15,15,15,25,21,35,32,31,28,28,27,27,25,25,25,24,24,22,15,6,16,0],"gold":192,"neow_bonus":"ONE_RANDOM_RARE_CARD","is_prod":false,"is_daily":false,"chose_seed":false,"campfire_upgraded":8,"win_rate":0,"timestamp":1544403681,"path_taken":["M","M","M","?","?","R","?","R","T","?","M","M","R","M","R","BOSS","M","?","?","M","?","R","$","R","T","M","E","?","$","?","R","BOSS","M","M","M","$","M","R","M","R","T","M","R","M","M","M","R","BOSS"],"build_version":"2018-12-06","purchased_purges":2,"victory":false,"max_hp_per_floor":[70,70,70,70,70,70,70,70,70,70,70,70,70,70,70,70,70,70,70,35,35,35,35,35,35,35,35,35,35,35,35,35,35,35,35,35,35,35,35,35,35,35,35,35,35,35,35,35,35,35],"card_choices":[{"not_picked":["Crippling Poison","Poisoned Stab"],"picked":"PiercingWail","floor":1},{"not_picked":["Catalyst","Poisoned Stab","Prepared"],"picked":"SKIP","floor":2},{"not_picked":["Poisoned Stab","PiercingWail"],"picked":"Finisher","floor":3},{"not_picked":["Reflex","Caltrops"],"picked":"Backflip","floor":10},{"not_picked":["Prepared","Noxious Fumes","Underhanded Strike"],"picked":"SKIP","floor":11},{"not_picked":["Expertise","Venomology","Accuracy"],"picked":"SKIP","floor":12},{"not_picked":["Deadly Poison","Dodge and Roll"],"picked":"Sucker Punch","floor":14},{"not_picked":["Burst","Corpse Explosion"],"picked":"Die Die Die","floor":16},{"not_picked":["Poisoned Stab+1","Caltrops"],"picked":"Backflip+1","floor":18},{"not_picked":["Deadly Poison","Expertise","Leg Sweep"],"picked":"SKIP","floor":21},{"not_picked":["Tactician+1","Catalyst"],"picked":"Cloak And Dagger","floor":27},{"not_picked":["Accuracy","Dagger Throw"],"picked":"Endless Agony+1","floor":28},{"not_picked":["Outmaneuver","Backflip"],"picked":"Quick Slash+1","floor":29},{"not_picked":["Tools of the Trade","Malaise"],"picked":"Unload","floor":33},{"not_picked":["Dodge and Roll","Accuracy+1","Outmaneuver"],"picked":"SKIP","floor":35},{"not_picked":["Poisoned Stab","Choke"],"picked":"Flying Knee+1","floor":36},{"not_picked":["Well Laid Plans","Bane"],"picked":"Escape Plan","floor":37},{"not_picked":["Setup","Flechettes","Bane+1"],"picked":"SKIP","floor":39},{"not_picked":["Prepared+1","Acrobatics"],"picked":"Endless Agony","floor":41},{"not_picked":["Sucker Punch","Dodge and Roll+1"],"picked":"Blade Dance","floor":44},{"not_picked":["Deflect+1","Quick Slash"],"picked":"Infinite Blades","floor":46},{"not_picked":["Flying Knee","Doppelganger","Deadly Poison"],"picked":"SKIP","floor":47},{"not_picked":["Prepared+1","Acrobatics"],"picked":"Backflip+1","floor":48}],"player_experience":769584,"relics_obtained":[{"floor":9,"key":"Mercury Hourglass"},{"floor":28,"key":"Bottled Flame"},{"floor":43,"key":"Smiling Mask"}],"event_choices":[{"cards_removed":["Defend_G"],"damage_healed":0,"gold_gain":0,"player_choice":"Forget","damage_taken":0,"max_hp_gain":0,"max_hp_loss":0,"event_name":"Living Wall","floor":4,"gold_loss":0},{"cards_removed":["Strike_G"],"damage_healed":0,"gold_gain":0,"player_choice":"Card Removal","damage_taken":0,"max_hp_gain":0,"max_hp_loss":0,"event_name":"The Cleric","floor":5,"gold_loss":50},{"damage_healed":0,"gold_gain":0,"player_choice":"Read","damage_taken":0,"max_hp_gain":0,"max_hp_loss":0,"event_name":"The Library","floor":19,"gold_loss":0,"cards_obtained":["Terror"]},{"damage_healed":0,"gold_gain":0,"player_choice":"Became a Ghost","damage_taken":0,"max_hp_gain":0,"max_hp_loss":35,"event_name":"Ghosts","floor":20,"gold_loss":0,"cards_obtained":["Ghostly","Ghostly","Ghostly","Ghostly","Ghostly"]},{"damage_healed":0,"gold_gain":0,"cards_transformed":["Defend_G"],"player_choice":"Transformed","damage_taken":0,"max_hp_gain":0,"max_hp_loss":0,"event_name":"Transmorgrifier","floor":22,"gold_loss":0,"cards_obtained":["Phantasmal Killer"]},{"damage_healed":0,"gold_gain":0,"player_choice":"Bet on Murderer","damage_taken":0,"max_hp_gain":0,"max_hp_loss":0,"event_name":"The Joust","floor":31,"gold_loss":50}],"is_beta":true,"boss_relics":[{"not_picked":["Coffee Dripper","Lizard Tail"],"picked":"Empty Cage"},{"not_picked":["Astrolabe","Calling Bell"],"picked":"Cursed Key"}],"items_purged_floors":[7,24],"is_endless":false,"potions_floor_spawned":[1,11,12,18,29,35,39,41,46,47],"killed_by":"Awakened One","ascension_level":0}