{"gold_per_floor":[116,129,140,215,215,215,242,242,266,266,279,294,294,244,244,339,339,352,352,365,13,28,28,43,43,67,81,101,32,47,47,47,150,150,164,180,197,197,197,197,50,50,103,3,3,15,29,46,46,46],"floor_reached":50,"playtime":2446,"items_purged":["Writhe","Writhe"],"score":446,"play_id":"f6d38415-a21b-4129-8c53-325ebdb29376","local_time":"20181101213946","is_ascension_mode":false,"campfire_choices":[{"data":"Bash","floor":6,"key":"SMITH"},{"data":"Clothesline","floor":8,"key":"SMITH"},{"data":"Evolve","floor":10,"key":"SMITH"},{"data":"Perfected Strike","floor":13,"key":"SMITH"},{"data":"Cleave","floor":15,"key":"SMITH"},{"data":"Limit Break","floor":23,"key":"SMITH"},{"floor":25,"key":"REST"},{"floor":32,"key":"REST"},{"data":"True Grit","floor":40,"key":"SMITH"},{"data":"Rage","floor":42,"key":"SMITH"},{"data":"Whirlwind","floor":45,"key":"SMITH"},{"floor":49,"key":"REST"}],"neow_cost":"NONE","seed_source_timestamp":1964176580837064,"circlet_count":0,"master_deck":["Strike_R","Strike_R","Strike_R","Strike_R","Strike_R","Defend_R","Defend_R","Bash+1","Clothesline+1","Thunderclap","Evolve+1","Cleave+1","Perfected Strike+1","Shrug It Off","Limit Break+1","True Grit+1","Second Wind","Wild Strike","Shrug It Off","Spot Weakness","Inflame","Whirlwind+1","Headbutt","Perfected Strike","Pommel Strike","Power Through","Double Tap","Twin Strike","Twin Strike+1","Sadistic Nature","Rage+1","Infernal Blade+1","Shrug It Off","Pommel Strike"],"relics":["Black Blood","NeowsBlessing","Regal Pillow","Boot","Mark of Pain","Pantograph","Lantern","Red Skull","Tiny Chest"],"potions_floor_usage":[7,7,7,16,22,24,33,33,37,47,50],"damage_taken":[{"damage":0,"enemies":"Small Slimes","floor":1,"turns":1},{"damage":0,"enemies":"2 Louse","floor":2,"turns":1},{"damage":0,"enemies":"Cultist","floor":3,"turns":1},{"damage":16,"enemies":"Lagavulin","floor":7,"turns":5},{"damage":0,"enemies":"3 Louse","floor":11,"turns":3},{"damage":6,"enemies":"Exordium Wildlife","floor":12,"turns":2},{"damage":62,"enemies":"Slime Boss","floor":16,"turns":10},{"damage":7,"enemies":"Chosen","floor":18,"turns":5},{"damage":14,"enemies":"Spheric Guardian","floor":20,"turns":4},{"damage":15,"enemies":"Snecko","floor":22,"turns":5},{"damage":49,"enemies":"Sentry and Sphere","floor":24,"turns":7},{"damage":17,"enemies":"Centurion and Healer","floor":27,"turns":4},{"damage":25,"enemies":"Cultist and Chosen","floor":28,"turns":5},{"damage":20,"enemies":"Sentry and Sphere","floor":30,"turns":5},{"damage":80,"enemies":"Collector","floor":33,"turns":11},{"damage":18,"enemies":"Orb Walker","floor":35,"turns":3},{"damage":44,"enemies":"3 Darklings","floor":36,"turns":5},{"damage":5,"enemies":"Maw","floor":37,"turns":6},{"damage":37,"enemies":"4 Shapes","floor":46,"turns":9},{"damage":27,"enemies":"Spire Growth","floor":47,"turns":3},{"damage":10,"enemies":"3 Darklings","floor":48,"turns":4},{"damage":99,"enemies":"Donu and Deca","floor":50,"turns":5}],"seed_played":"-739259372205269147","potions_obtained":[{"floor":1,"key":"Energy Potion"},{"floor":2,"key":"SkillPotion"},{"floor":3,"key":"PowerPotion"},{"floor":12,"key":"EssenceOfSteel"},{"floor":16,"key":"Dexterity Potion"},{"floor":18,"key":"Weak Potion"},{"floor":22,"key":"Block Potion"},{"floor":30,"key":"Fire Potion"},{"floor":36,"key":"Ancient Potion"},{"floor":37,"key":"Strength Potion"},{"floor":46,"key":"FearPotion"}],"is_trial":false,"path_per_floor":["M","M","M","?","?","R","E","R","T","R","M","M","R","?","R","B",null,"M","?","M","$","M","R","M","R","T","M","M","$","M","?","R","B",null,"M","M","M","?","?","R","$","R","T","$","R","M","M","M","R","B"],"character_chosen":"IRONCLAD","items_purchased":["Wild Strike","Shrug It Off","Pantograph","Perfected Strike","Pommel Strike","Rage"],"campfire_rested":3,"item_purchase_floors":[21,21,21,29,29,41],"current_hp_per_floor":[80,80,80,69,74,74,64,64,64,64,70,70,70,70,70,14,85,84,84,76,76,67,67,24,64,64,53,34,34,20,20,60,11,85,77,43,48,69,69,69,69,69,69,69,69,42,25,25,65,0],"gold":46,"neow_bonus":"THREE_ENEMY_KILL","is_prod":false,"is_daily":false,"chose_seed":false,"campfire_upgraded":9,"win_rate":0,"timestamp":1541122786,"path_taken":["M","M","M","?","?","R","E","R","T","R","M","M","R","?","R","BOSS","M","?","M","$","M","R","M","R","T","M","M","$","?","?","R","BOSS","M","M","M","?","?","R","?","R","T","$","R","M","M","M","R","BOSS"],"build_version":"2018-11-01","purchased_purges":2,"victory":false,"max_hp_per_floor":[80,80,80,80,85,85,85,85,85,85,85,85,85,85,85,85,85,85,85,85,85,85,85,85,85,85,85,85,85,85,85,85,85,85,85,85,85,85,85,85,85,85,85,85,85,85,85,85,85,85],"card_choices":[{"not_picked":["Dual Wield","Body Slam"],"picked":"Clothesline","floor":1},{"not_picked":["Sever Soul","Flex"],"picked":"Thunderclap","floor":2},{"not_picked":["Sever Soul","Anger"],"picked":"Evolve","floor":3},{"not_picked":["Twin Strike","Warcry"],"picked":"Cleave","floor":7},{"not_picked":["Pommel Strike","Clothesline"],"picked":"Perfected Strike","floor":11},{"not_picked":["Armaments","Body Slam"],"picked":"Shrug It Off","floor":12},{"not_picked":["Double Tap","Brutality"],"picked":"Limit Break","floor":16},{"not_picked":["Fire Breathing","Iron Wave+1"],"picked":"True Grit","floor":18},{"not_picked":["Intimidate","Ghostly Armor+1","Feel No Pain"],"picked":"SKIP","floor":20},{"not_picked":["Dropkick","Anger"],"picked":"Spot Weakness","floor":22},{"not_picked":["Clash+1","Reckless Charge"],"picked":"Inflame","floor":24},{"not_picked":["Dark Embrace","Dropkick"],"picked":"Whirlwind","floor":27},{"not_picked":["Iron Wave","Warcry+1"],"picked":"Headbutt","floor":28},{"not_picked":["Carnage","Cleave"],"picked":"Power Through","floor":30},{"not_picked":["Brutality","Dark Embrace"],"picked":"Double Tap","floor":33},{"not_picked":["Flex+1","Intimidate+1"],"picked":"Twin Strike","floor":35},{"not_picked":["Thunderclap","Iron Wave","Flex+1"],"picked":"SKIP","floor":36},{"not_picked":["Headbutt","Armaments"],"picked":"Twin Strike+1","floor":37},{"not_picked":["Secret Weapon","Secret Technique"],"picked":"Sadistic Nature","floor":39},{"not_picked":["Corruption","Whirlwind"],"picked":"Infernal Blade+1","floor":46},{"not_picked":["True Grit","Iron Wave"],"picked":"Shrug It Off","floor":47},{"not_picked":["True Grit","Body Slam+1"],"picked":"Pommel Strike","floor":48}],"player_experience":1622930,"relics_obtained":[{"floor":7,"key":"Regal Pillow"},{"floor":9,"key":"Boot"},{"floor":26,"key":"Lantern"},{"floor":43,"key":"Tiny Chest"}],"event_choices":[{"damage_healed":0,"gold_gain":75,"player_choice":"Gather Gold","damage_taken":11,"max_hp_gain":0,"max_hp_loss":0,"event_name":"World of Goop","floor":4,"gold_loss":0},{"damage_healed":0,"gold_gain":0,"player_choice":"Donut","damage_taken":0,"max_hp_gain":5,"max_hp_loss":0,"event_name":"Big Fish","floor":5,"gold_loss":0},{"cards_removed":["Defend_R"],"damage_healed":0,"gold_gain":0,"player_choice":"Card Removal","damage_taken":0,"max_hp_gain":0,"max_hp_loss":0,"event_name":"The Cleric","floor":14,"gold_loss":50},{"damage_healed":0,"gold_gain":0,"cards_transformed":["Defend_R"],"player_choice":"Transformed","damage_taken":0,"max_hp_gain":0,"max_hp_loss":0,"event_name":"Transmorgrifier","floor":19,"gold_loss":0,"cards_obtained":["Second Wind"]},{"damage_healed":0,"gold_gain":0,"player_choice":"Opened","damage_taken":0,"relics_obtained":["Red Skull"],"max_hp_gain":0,"max_hp_loss":0,"event_name":"The Mausoleum","floor":31,"gold_loss":0,"cards_obtained":["Writhe"]},{"damage_healed":21,"gold_gain":0,"player_choice":"Writhe","damage_taken":0,"max_hp_gain":0,"max_hp_loss":0,"event_name":"Winding Halls","floor":38,"gold_loss":0,"cards_obtained":["Writhe"]},{"damage_healed":0,"gold_gain":0,"player_choice":"Memory 1","damage_taken":0,"max_hp_gain":0,"max_hp_loss":0,"event_name":"SensoryStone","floor":39,"gold_loss":0}],"is_beta":false,"boss_relics":[{"not_picked":["Lizard Tail","Fusion Hammer"],"picked":"Mark of Pain"},{"not_picked":["White Beast Statue","Sozu"],"picked":"Black Blood"}],"items_purged_floors":[41,44],"is_endless":false,"potions_floor_spawned":[1,2,3,12,16,18,22,30,36,37,46],"killed_by":"Donu and Deca","ascension_level":0}