{"path_per_floor":["M","?","?","$","?","M","E","?","T","E","R","E","?","$","R","B",null,"M","M","?","?","?","R","$","E","T","M","?","R","T","E","R","B",null,"M","?","?","$","M","E","T","R","T","R","?","$","M","E","R","B"],"character_chosen":"DEFECT","items_purchased":["Defragment","Doom and Gloom","Coolheaded","Self Repair","Anchor","Fire Potion","Doom and Gloom","Capacitor"],"gold_per_floor":[118,118,293,17,17,40,110,110,110,154,154,185,185,16,16,140,140,165,180,180,180,218,218,9,43,68,84,84,84,84,125,125,254,254,269,269,269,75,98,139,139,139,139,139,202,132,156,192,192,192],"floor_reached":51,"campfire_rested":3,"playtime":6101,"item_purchase_floors":[4,4,4,14,24,24,38,46],"current_hp_per_floor":[69,69,69,69,69,69,63,68,68,46,68,68,68,68,68,62,74,74,73,73,73,60,60,60,51,51,57,57,79,79,79,79,48,79,57,57,57,57,64,69,69,69,69,69,57,57,33,23,46,21],"items_purged":["Strike_B","Strike_B","Strike_B+1"],"gold":192,"score":776,"play_id":"f2679ab9-4ae3-4249-8bf9-5a8f573ee0d2","local_time":"20180606225813","is_prod":false,"is_daily":false,"chose_seed":false,"is_ascension_mode":false,"campfire_upgraded":4,"win_rate":0,"timestamp":1528340293,"campfire_choices":[{"floor":11,"key":"REST"},{"data":"Defragment","floor":15,"key":"SMITH"},{"data":"Hello World","floor":23,"key":"SMITH"},{"floor":29,"key":"REST"},{"data":"Strike_B","floor":32,"key":"PURGE"},{"data":"Machine Learning","floor":42,"key":"SMITH"},{"data":"Defend_B","floor":44,"key":"SMITH"},{"floor":49,"key":"REST"}],"path_taken":["M","?","?","?","?","?","E","?","T","E","R","E","?","$","R","BOSS","M","M","?","?","?","R","$","E","T","M","?","R","?","E","R","BOSS","M","?","?","$","M","E","?","R","T","R","?","?","M","E","R","BOSS"],"build_version":"2018-05-31","seed_source_timestamp":8554394028448,"purchased_purges":3,"victory":true,"master_deck":["Defend_B","Defend_B+1","Defend_B","Defend_B","Zap","Dualcast","Glacier","Defragment+1","Doom and Gloom","Coolheaded","Cold Snap+1","Stack","Reinforced Body","Cold Snap","Self Repair","Core Surge","Genetic Algorithm+1","Hello World+1","Defragment+1","Loop","Ball Lightning","Streamline","Storm","Seek","White Noise+1","Doom and Gloom","Double Energy","Machine Learning+1","Glacier+1","Capacitor","Redo+1","Buffer"],"max_hp_per_floor":[75,69,69,69,69,69,69,74,74,74,74,74,74,74,74,74,74,74,74,74,74,79,79,79,79,79,79,79,79,79,79,79,79,79,79,79,79,79,79,79,79,79,79,79,79,79,79,79,79,79],"relics":["Cracked Core","Bronze Scales","Golden Idol","Tiny Chest","Whetstone","Girya","Juzu Bracelet","Lizard Tail","Red Mask","Anchor","Peace Pipe","Happy Flower","Unceasing Top","Kunai","Philosopher\u0027s Stone","Orichalcum","Letter Opener","Sundial","Prayer Wheel","Lantern"],"card_choices":[{"not_picked":["Conserve Battery","Beam Cell"],"picked":"Glacier","floor":1},{"not_picked":["Recycle","Leap"],"picked":"Cold Snap","floor":6},{"not_picked":["Lockon","Beam Cell"],"picked":"Stack","floor":7},{"not_picked":["Streamline","All For One"],"picked":"Reinforced Body","floor":10},{"not_picked":["Leap","Thunder Strike"],"picked":"Cold Snap","floor":12},{"not_picked":["Biased Cognition","Hyperbeam"],"picked":"Core Surge","floor":16},{"not_picked":["Recycle+1","Coolheaded"],"picked":"Genetic Algorithm+1","floor":18},{"not_picked":["Reinforced Body","Sweeping Beam"],"picked":"Hello World","floor":19},{"not_picked":["Go for the Eyes","Compile Driver"],"picked":"Ball Lightning","floor":22},{"not_picked":["Gash","Beam Cell+1"],"picked":"Streamline","floor":25},{"not_picked":["Gash+1","Rebound","Go for the Eyes"],"picked":"SKIP","floor":27},{"not_picked":["Leap","Heatsinks"],"picked":"Storm","floor":31},{"not_picked":["Thunder Strike","Multi-Cast"],"picked":"Seek","floor":33},{"not_picked":["Turbo","Leap+1"],"picked":"White Noise+1","floor":35},{"not_picked":["Cold Snap","Self Repair"],"picked":"Double Energy","floor":39},{"not_picked":["Reinforced Body+1","Steam"],"picked":"Machine Learning","floor":40},{"not_picked":["Darkness+1","Barrage"],"picked":"Glacier+1","floor":45},{"not_picked":["Chill+1","Sunder"],"picked":"Redo+1","floor":47},{"not_picked":["Tempest+1","Go for the Eyes","Auto Shields"],"picked":"SKIP","floor":47},{"not_picked":["Steam","Sunder"],"picked":"Buffer","floor":48}],"player_experience":381120,"potions_floor_usage":[22,22,25,25,33,33,40,48,50,50,50],"damage_taken":[{"damage":6,"enemies":"Jaw Worm","floor":1,"turns":3},{"damage":0,"enemies":"Small Slimes","floor":6,"turns":3},{"damage":6,"enemies":"Lagavulin","floor":7,"turns":6},{"damage":22,"enemies":"Gremlin Nob","floor":10,"turns":4},{"damage":0,"enemies":"Lagavulin","floor":12,"turns":9},{"damage":13,"enemies":"Slime Boss","floor":16,"turns":12},{"damage":0,"enemies":"Spheric Guardian","floor":18,"turns":5},{"damage":8,"enemies":"Shell Parasite","floor":19,"turns":8},{"damage":18,"enemies":"Masked Bandits","floor":22,"turns":4},{"damage":16,"enemies":"Slavers","floor":25,"turns":7},{"damage":1,"enemies":"Centurion and Healer","floor":27,"turns":8},{"damage":5,"enemies":"Gremlin Leader","floor":31,"turns":9},{"damage":31,"enemies":"Collector","floor":33,"turns":18},{"damage":29,"enemies":"3 Darklings","floor":35,"turns":6},{"damage":0,"enemies":"Orb Walker","floor":39,"turns":4},{"damage":2,"enemies":"Nemesis","floor":40,"turns":11},{"damage":19,"enemies":"Mysterious Sphere","floor":45,"turns":5},{"damage":31,"enemies":"4 Shapes","floor":47,"turns":5},{"damage":17,"enemies":"Giant Head","floor":48,"turns":13},{"damage":72,"enemies":"Time Eater","floor":50,"turns":14}],"relics_obtained":[{"floor":7,"key":"Tiny Chest"},{"floor":9,"key":"Whetstone"},{"floor":10,"key":"Girya"},{"floor":12,"key":"Juzu Bracelet"},{"floor":22,"key":"Red Mask"},{"floor":25,"key":"Peace Pipe"},{"floor":26,"key":"Happy Flower"},{"floor":30,"key":"Unceasing Top"},{"floor":31,"key":"Kunai"},{"floor":40,"key":"Orichalcum"},{"floor":41,"key":"Letter Opener"},{"floor":43,"key":"Sundial"},{"floor":45,"key":"Prayer Wheel"},{"floor":48,"key":"Lantern"}],"event_choices":[{"event_name":"Golden Idol","player_choice":"Lose Max HP","floor":2,"damage_taken":0},{"event_name":"Liars Game","player_choice":"agreed","floor":3,"damage_taken":0},{"event_name":"The Cleric","player_choice":"Leave","floor":5,"damage_taken":0},{"event_name":"Big Fish","player_choice":"Donut","floor":8,"damage_taken":0},{"event_name":"Fountain of Cleansing","player_choice":"Removed Curse","floor":13,"damage_taken":0},{"event_name":"Duplicator","player_choice":"One dupe","floor":20,"damage_taken":0},{"event_name":"The Library","player_choice":"Read","floor":21,"damage_taken":0},{"event_name":"Masked Bandits","player_choice":"Fought over 180 gold","floor":22,"damage_taken":0},{"event_name":"Ghosts","player_choice":"Ignored","floor":28,"damage_taken":0},{"event_name":"Accursed Blacksmith","player_choice":"Ignore","floor":36,"damage_taken":0},{"event_name":"The Lab","player_choice":"Got Potions","floor":37,"damage_taken":0},{"event_name":"Mysterious Sphere","player_choice":"Fight","floor":45,"damage_taken":0}],"boss_relics":[{"not_picked":["Nuclear Battery","Orrery"],"picked":"Lizard Tail"},{"not_picked":["Snecko Eye","Astrolabe"],"picked":"Philosopher\u0027s Stone"}],"items_purged_floors":[4,14,38],"potions_floor_spawned":[16,18,19,22,27,40,48],"seed_played":"-5791305460193849200","ascension_level":0,"potions_obtained":[{"floor":16,"key":"SteroidPotion"},{"floor":18,"key":"Explosive Potion"},{"floor":19,"key":"Fruit Juice"},{"floor":22,"key":"SkillPotion"},{"floor":27,"key":"Dexterity Potion"},{"floor":37,"key":"FearPotion"},{"floor":37,"key":"Strength Potion"},{"floor":37,"key":"Block Potion"},{"floor":40,"key":"FearPotion"},{"floor":48,"key":"Poison Potion"}],"is_trial":false}