{"path_per_floor":["M","?","M","M","M","R","E","R","T","?","M","?","E","M","R"],"character_chosen":"IRONCLAD","items_purchased":[],"gold_per_floor":[112,112,122,133,153,153,178,178,202,267,284,284,316,336,336,336],"floor_reached":16,"campfire_rested":2,"playtime":1022,"item_purchase_floors":[],"current_hp_per_floor":[69,80,80,71,70,70,58,80,80,72,72,56,32,21,45,0],"items_purged":[],"gold":336,"score":118,"play_id":"4252dcfa-32bb-4de3-9b0d-7a2d76352e67","local_time":"20180608131232","is_prod":false,"is_daily":false,"chose_seed":false,"is_ascension_mode":true,"campfire_upgraded":1,"win_rate":0,"timestamp":1528477952,"campfire_choices":[{"data":"Shockwave","floor":6,"key":"SMITH"},{"floor":8,"key":"REST"},{"floor":15,"key":"REST"}],"path_taken":["M","?","M","M","?","R","E","R","T","?","?","?","E","M","R","BOSS"],"build_version":"2018-06-07","seed_source_timestamp":151311078974087,"purchased_purges":0,"victory":false,"master_deck":["Strike_R","Strike_R","Strike_R","Strike_R","Strike_R","Defend_R","Defend_R","Defend_R","Bash","Havoc","Shrug It Off","Flex","Anger+1","Shockwave+1","Blood for Blood","Flex+1","Dual Wield","Heavy Blade","Flame Barrier"],"max_hp_per_floor":[80,80,80,80,80,80,80,80,80,80,80,80,80,80,80,80],"relics":["Burning Blood","Vajra","Omamori","Ancient Tea Set","Juzu Bracelet"],"card_choices":[{"not_picked":["Cleave","True Grit"],"picked":"Shrug It Off","floor":1},{"not_picked":["Searing Blow","Rampage"],"picked":"Flex","floor":3},{"not_picked":["Wild Strike","Battle Trance"],"picked":"Anger","floor":4},{"not_picked":["Headbutt","Anger"],"picked":"Shockwave","floor":5},{"not_picked":["True Grit","Hemokinesis"],"picked":"Blood for Blood","floor":7},{"not_picked":["Perfected Strike","Dropkick"],"picked":"Flex","floor":10},{"not_picked":["Flex","Twin Strike"],"picked":"Dual Wield","floor":11},{"not_picked":["Dual Wield","Whirlwind"],"picked":"Heavy Blade","floor":13},{"not_picked":["Twin Strike","Reckless Charge"],"picked":"Flame Barrier","floor":14}],"player_experience":420775,"potions_floor_usage":[10,11,16],"damage_taken":[{"damage":17,"enemies":"2 Louse","floor":1,"turns":4},{"damage":1,"enemies":"Cultist","floor":3,"turns":4},{"damage":15,"enemies":"Small Slimes","floor":4,"turns":5},{"damage":7,"enemies":"Looter","floor":5,"turns":3},{"damage":18,"enemies":"Lagavulin","floor":7,"turns":7},{"damage":14,"enemies":"3 Sentries","floor":10,"turns":5},{"damage":14,"enemies":"Exordium Wildlife","floor":11,"turns":5},{"damage":30,"enemies":"3 Sentries","floor":13,"turns":8},{"damage":17,"enemies":"3 Louse","floor":14,"turns":4},{"damage":46,"enemies":"The Guardian","floor":16,"turns":9}],"relics_obtained":[{"floor":7,"key":"Vajra"},{"floor":9,"key":"Omamori"},{"floor":13,"key":"Juzu Bracelet"}],"event_choices":[{"event_name":"Big Fish","player_choice":"Banana","floor":2,"damage_taken":0},{"event_name":"Dead Adventurer","player_choice":"Searched \u00272\u0027 times","floor":10,"damage_taken":0},{"event_name":"Shining Light","player_choice":"Entered Light","floor":12,"damage_taken":0}],"boss_relics":[],"items_purged_floors":[],"potions_floor_spawned":[3,4,5,11],"seed_played":"-2222069758397987951","killed_by":"The Guardian","ascension_level":1,"potions_obtained":[{"floor":3,"key":"Explosive Potion"},{"floor":4,"key":"SpeedPotion"},{"floor":5,"key":"BloodPotion"},{"floor":11,"key":"SkillPotion"}],"is_trial":false}