{"gold_per_floor":[144,189,87,132,177,177,177,222,247,337,47,47,21,96,96,396,396,441,291,312,54,54,54,144,144,169,169,194,284,284,329,329,629,629,674,353,353,4,49,139,139,184,209,209,299,299,344,389,389,389],"floor_reached":51,"playtime":2217,"items_purged":[],"score":866,"play_id":"3e263438-0ed5-40dc-baa8-de318c87bf0e","local_time":"20180915132543","daily_mods":["Brewmaster","Midas","Binary"],"is_ascension_mode":false,"campfire_choices":[{"floor":6.0,"key":"REST"},{"floor":15.0,"key":"REST"},{"floor":23,"key":"REST"},{"floor":25,"key":"REST"},{"floor":32,"key":"REST"},{"floor":46,"key":"REST"},{"floor":49,"key":"REST"}],"neow_cost":"","seed_source_timestamp":0,"circlet_count":0,"master_deck":["Defend_G","Defend_G","Defend_G","Defend_G","Strike_G","Strike_G","Strike_G+1","Strike_G","Strike_G","Survivor","Neutralize","Venomology","Venomology","Venomology","Venomology+1","Venomology","Backstab","Blur","Noxious Fumes+1","Deadly Poison","Choke","PiercingWail","Footwork","Dagger Throw+1","Die Die Die+1","Caltrops+1","Terror","Sucker Punch+1","Well Laid Plans","Poisoned Stab+1","Catalyst","Malaise","Quick Slash+1","Infinite Blades","Backflip+1","PiercingWail+1","Riddle With Holes+1","Catalyst+1","Deadly Poison+1","Madness+1","Madness+1","Footwork+1","Dodge and Roll+1"],"special_seed":17789,"relics":["Ring of the Snake","White Beast Statue","Bronze Scales","Juzu Bracelet","Molten Egg 2","Black Star","Snake Skull","Red Mask","Bag of Marbles","Bottled Lightning","Mummified Hand","Orichalcum","Regal Pillow","Strawberry","Anchor","Letter Opener","WristBlade","Paper Crane","Toxic Egg 2","Art of War","Boot","Blood Vial","Oddly Smooth Stone","Happy Flower"],"potions_floor_usage":[20,24,24,24,24,29,31,33,33,33,33,33,33,35,35,39,39,40,40,40,40,41,42,45,45,45,45,47,48,48,48,48,50,50,50,50,50,50,50,50],"damage_taken":[{"damage":5.0,"enemies":"Jaw Worm","floor":1.0,"turns":5.0},{"damage":0.0,"enemies":"Small Slimes","floor":2.0,"turns":3.0},{"damage":0.0,"enemies":"Cultist","floor":4.0,"turns":4.0},{"damage":5.0,"enemies":"Exordium Thugs","floor":5.0,"turns":6.0},{"damage":0.0,"enemies":"3 Louse","floor":8.0,"turns":2.0},{"damage":4.0,"enemies":"Gremlin Nob","floor":10.0,"turns":4.0},{"damage":36.0,"enemies":"Hexaghost","floor":16.0,"turns":9.0},{"damage":0.0,"enemies":"3 Byrds","floor":18.0,"turns":3.0},{"damage":20,"enemies":"Masked Bandits","floor":20,"turns":3},{"damage":0,"enemies":"Gremlin Leader","floor":24,"turns":6},{"damage":9,"enemies":"Book of Stabbing","floor":29,"turns":4},{"damage":0,"enemies":"Shell Parasite","floor":31,"turns":3},{"damage":58,"enemies":"Champ","floor":33,"turns":9},{"damage":4,"enemies":"3 Darklings","floor":35,"turns":3},{"damage":0,"enemies":"3 Shapes","floor":39,"turns":4},{"damage":26,"enemies":"Nemesis","floor":40,"turns":5},{"damage":0,"enemies":"3 Darklings","floor":41,"turns":1},{"damage":5,"enemies":"Spire Growth","floor":42,"turns":4},{"damage":13,"enemies":"2 Orb Walkers","floor":45,"turns":3},{"damage":5,"enemies":"Maw","floor":47,"turns":5},{"damage":12,"enemies":"Reptomancer","floor":48,"turns":5},{"damage":53,"enemies":"Awakened One","floor":50,"turns":17}],"seed_played":"-4759966678403300837","potions_obtained":[{"floor":1.0,"key":"Block Potion"},{"floor":2.0,"key":"FearPotion"},{"floor":5.0,"key":"Explosive Potion"},{"floor":10.0,"key":"LiquidBronze"},{"floor":16.0,"key":"EssenceOfSteel"},{"floor":20,"key":"EssenceOfSteel"},{"floor":24,"key":"Regen Potion"},{"floor":31,"key":"SpeedPotion"},{"floor":33,"key":"Swift Potion"},{"floor":35,"key":"Fire Potion"},{"floor":40,"key":"Dexterity Potion"},{"floor":45,"key":"Regen Potion"},{"floor":48,"key":"Block Potion"}],"is_trial":false,"path_per_floor":["M","M","$","M","M","R","?","M","T","E","$","?","$","?","R","B",null,"M","$","?","$","?","R","E","R","T","?","T","E","T","M","R","B",null,"M","$","?","$","M","E","M","M","T","?","E","R","M","M","R","B"],"character_chosen":"THE_SILENT","items_purchased":["Noxious Fumes","Deadly Poison","Molten Egg 2","Footwork","Dagger Throw+1","Snake Skull","Bag of Marbles","Sucker Punch+1","Well Laid Plans","Paper Crane","Infinite Blades","Toxic Egg 2","Backflip+1","PiercingWail+1"],"campfire_rested":7,"item_purchase_floors":[3,3,11,11,13,19,21,21,21,36,36,38,38,38],"current_hp_per_floor":[70,70,70,70,65,70,70,70,70,66,66,52,52,52,70,34,70,70,70,50,50,50,70,70,70,70,70,70,68,68,68,77,19,77,73,73,73,73,77,51,51,46,46,36,25,63,75,65,77,24],"gold":389,"neow_bonus":"","is_prod":false,"is_daily":true,"chose_seed":false,"campfire_upgraded":0,"win_rate":0,"timestamp":1537010743,"path_taken":["M","M","$","M","M","R","?","M","T","E","?","?","?","?","R","BOSS","M","$","?","$","?","R","E","R","T","?","?","E","?","M","R","BOSS","M","$","?","$","M","E","M","M","T","?","E","R","M","M","R","BOSS"],"build_version":"2018-09-06","purchased_purges":0,"victory":true,"max_hp_per_floor":[70,70,70,70,70,70,70,70,70,70,70,70,70,70,70,70,70,70,70,70,70,70,70,70,70,70,70,70,77,77,77,77,77,77,77,77,77,77,77,77,77,77,77,77,77,77,77,77,77,77],"card_choices":[{"not_picked":["Infinite Blades"],"picked":"Backstab","floor":1.0},{"not_picked":["PiercingWail"],"picked":"Blur","floor":2.0},{"not_picked":["Concentrate","Calculated Gamble"],"picked":"SKIP","floor":4.0},{"not_picked":["Blade Dance"],"picked":"Choke","floor":5.0},{"not_picked":["Quick Slash"],"picked":"PiercingWail","floor":8.0},{"not_picked":["Quick Slash","Setup"],"picked":"SKIP","floor":10.0},{"not_picked":["Doppelganger"],"picked":"Die Die Die+1","floor":16.0},{"not_picked":["Flying Knee+1"],"picked":"Caltrops+1","floor":18.0},{"not_picked":["Slice+1"],"picked":"Terror","floor":20},{"not_picked":["Concentrate"],"picked":"Poisoned Stab+1","floor":24},{"not_picked":["Reflex+1","Underhanded Strike+1"],"picked":"SKIP","floor":29},{"not_picked":["Heel Hook+1"],"picked":"Catalyst","floor":31},{"not_picked":["Night Terror"],"picked":"Malaise","floor":33},{"not_picked":["Bane+1"],"picked":"Quick Slash+1","floor":35},{"not_picked":["Eviscerate+1"],"picked":"Riddle With Holes+1","floor":39},{"not_picked":["Cloak And Dagger+1"],"picked":"Catalyst+1","floor":40},{"not_picked":["Expertise+1"],"picked":"Deadly Poison+1","floor":42},{"not_picked":["Well Laid Plans","Reflex+1"],"picked":"SKIP","floor":45},{"not_picked":["Dash+1"],"picked":"Footwork+1","floor":47},{"not_picked":["PiercingWail+1"],"picked":"Dodge and Roll+1","floor":48}],"player_experience":1440678,"relics_obtained":[{"floor":9.0,"key":"Bronze Scales"},{"floor":10.0,"key":"Juzu Bracelet"},{"floor":20,"key":"Red Mask"},{"floor":24,"key":"Bottled Lightning"},{"floor":24,"key":"Mummified Hand"},{"floor":26,"key":"Orichalcum"},{"floor":28,"key":"Regal Pillow"},{"floor":29,"key":"Strawberry"},{"floor":29,"key":"Anchor"},{"floor":30,"key":"Letter Opener"},{"floor":40,"key":"Art of War"},{"floor":40,"key":"Boot"},{"floor":43,"key":"Blood Vial"},{"floor":45,"key":"Oddly Smooth Stone"},{"floor":45,"key":"Happy Flower"}],"event_choices":[{"event_name":"Living Wall","player_choice":"Grow","floor":7.0,"damage_taken":0.0},{"event_name":"Shining Light","player_choice":"Entered Light","floor":12.0,"damage_taken":0.0},{"event_name":"Golden Wing","player_choice":"Gained Gold","floor":14.0,"damage_taken":0.0},{"event_name":"Masked Bandits","player_choice":"Fought Bandits","floor":20,"damage_taken":0},{"event_name":"Beggar","player_choice":"Ignored","floor":22,"damage_taken":0},{"event_name":"Vampires","player_choice":"Ignored","floor":27,"damage_taken":0},{"event_name":"Falling","player_choice":"Removed Skill","floor":37,"damage_taken":0},{"event_name":"Winding Halls","player_choice":"Embrace Madness","floor":44,"damage_taken":0}],"is_beta":false,"boss_relics":[{"not_picked":["Coffee Dripper","Tiny House"],"picked":"Black Star"},{"not_picked":["Sozu","HoveringKite"],"picked":"WristBlade"}],"items_purged_floors":[],"is_endless":false,"potions_floor_spawned":[1,2,4,5,8,10,16,18,20,24,29,31,33,35,39,40,41,42,45,47,48],"ascension_level":0}