{"gold_per_floor":[112,132,149,167,17,17,35,48,48,48,48,48,48,64,64,167,167,186,32,32,51,51,51,51,51,51,69,93,113,130,163,163,163],"floor_reached":33,"playtime":4542,"items_purged":[],"score":259,"play_id":"277a1d38-214c-4878-8d30-1663ed2b5954","local_time":"20190110194645","is_ascension_mode":false,"campfire_choices":[{"data":"Corruption","floor":6,"key":"SMITH"},{"data":"Bash","floor":11,"key":"SMITH"},{"data":"Heavy Blade","floor":13,"key":"SMITH"},{"data":"Thunderclap","floor":15,"key":"SMITH"},{"data":"Reaper","floor":23,"key":"SMITH"},{"data":"Pummel","floor":25,"key":"SMITH"},{"floor":32,"key":"REST"}],"neow_cost":"PERCENT_DAMAGE","seed_source_timestamp":92873695801601,"circlet_count":0,"master_deck":["Strike_R","Defend_R","Defend_R","Defend_R","Defend_R","Bash+1","Heavy Blade+1","Corruption+1","Spot Weakness","Thunderclap+1","Entrench","Impervious+1","Pummel+1","Reaper+1","Entrench+1","Shame","Iron Wave+1","Body Slam","Entrench"],"relics":["Burning Blood","Bag of Preparation","Incense Burner","Blood Vial","Empty Cage","Bronze Scales","Kunai","MutagenicStrength","Pear","Art of War","Potion Belt","Du-Vu Doll"],"potions_floor_usage":[16,18,18,31,33],"damage_taken":[{"damage":8,"enemies":"Small Slimes","floor":1,"turns":3},{"damage":1,"enemies":"Jaw Worm","floor":2,"turns":3},{"damage":7,"enemies":"2 Louse","floor":3,"turns":3},{"damage":9,"enemies":"Blue Slaver","floor":4,"turns":3},{"damage":0,"enemies":"Large Slime","floor":7,"turns":5},{"damage":12,"enemies":"Looter","floor":8,"turns":4},{"damage":0,"enemies":"Exordium Wildlife","floor":14,"turns":3},{"damage":8,"enemies":"Slime Boss","floor":16,"turns":10},{"damage":36,"enemies":"3 Byrds","floor":18,"turns":6},{"damage":12,"enemies":"Shell Parasite","floor":21,"turns":5},{"damage":64,"enemies":"3 Cultists","floor":27,"turns":6},{"damage":33,"enemies":"Centurion and Healer","floor":29,"turns":6},{"damage":14,"enemies":"Snecko","floor":30,"turns":6},{"damage":19,"enemies":"Book of Stabbing","floor":31,"turns":5},{"damage":68,"enemies":"Collector","floor":33,"turns":10}],"seed_played":"-6235360764182929985","potions_obtained":[{"floor":3,"key":"SkillPotion"},{"floor":8,"key":"Energy Potion"},{"floor":16,"key":"PowerPotion"},{"floor":21,"key":"Regen Potion"},{"floor":31,"key":"Energy Potion"}],"is_trial":false,"path_per_floor":["M","M","M","M","$","R","M","M","T","?","R","T","R","M","R","B",null,"M","$","?","M","?","R","?","R","T","M","T","M","M","E","R","B"],"character_chosen":"IRONCLAD","items_purchased":["Bag of Preparation","Bronze Scales"],"campfire_rested":1,"item_purchase_floors":[5,19],"current_hp_per_floor":[54,59,58,55,55,55,61,55,55,55,55,55,55,63,63,63,80,59,59,59,55,55,55,65,65,65,24,24,23,24,27,54,0],"gold":163,"neow_bonus":"TRANSFORM_TWO_CARDS","is_prod":false,"is_daily":false,"chose_seed":false,"campfire_upgraded":6,"win_rate":0,"timestamp":1547111805,"path_taken":["M","M","M","M","$","R","M","M","T","?","R","?","R","M","R","BOSS","M","$","?","M","?","R","?","R","T","M","?","M","M","E","R","BOSS"],"build_version":"2019-01-03v4","purchased_purges":0,"victory":false,"max_hp_per_floor":[80,80,80,80,80,80,80,80,80,80,80,80,80,80,80,80,80,80,80,80,80,80,80,90,90,90,90,90,90,90,90,90,90],"card_choices":[{"not_picked":["Heavy Blade","Thunderclap"],"picked":"Spot Weakness","floor":1},{"not_picked":["Heavy Blade","Sword Boomerang","Pommel Strike"],"picked":"SKIP","floor":2},{"not_picked":["Perfected Strike","Anger"],"picked":"Thunderclap","floor":3},{"not_picked":["Power Through","Disarm"],"picked":"Entrench","floor":4},{"not_picked":["Body Slam","Carnage"],"picked":"Impervious","floor":7},{"not_picked":["Twin Strike","Pommel Strike","Heavy Blade"],"picked":"SKIP","floor":8},{"not_picked":["Disarm","Perfected Strike"],"picked":"Pummel","floor":14},{"not_picked":["Berserk","Fiend Fire"],"picked":"Reaper","floor":16},{"not_picked":["Havoc","Pommel Strike"],"picked":"Entrench+1","floor":18},{"not_picked":["Sword Boomerang+1","Wild Strike","Power Through"],"picked":"SKIP","floor":21},{"not_picked":["Offering","Searing Blow"],"picked":"Iron Wave+1","floor":27},{"not_picked":["Cleave","Combust","Body Slam"],"picked":"SKIP","floor":29},{"not_picked":["Combust+1","Iron Wave"],"picked":"Body Slam","floor":30},{"not_picked":["Juggernaut","Rupture"],"picked":"Entrench","floor":31}],"player_experience":402039,"relics_obtained":[{"floor":9,"key":"Incense Burner"},{"floor":12,"key":"Blood Vial"},{"floor":26,"key":"Art of War"},{"floor":28,"key":"Potion Belt"},{"floor":31,"key":"Du-Vu Doll"}],"event_choices":[{"damage_healed":0,"gold_gain":0,"player_choice":"Grow","damage_taken":0,"max_hp_gain":0,"max_hp_loss":0,"event_name":"Living Wall","floor":10,"gold_loss":0,"cards_upgraded":["Impervious"]},{"damage_healed":0,"gold_gain":0,"player_choice":"Opened","damage_taken":0,"relics_obtained":["Kunai"],"max_hp_gain":0,"max_hp_loss":0,"event_name":"The Mausoleum","floor":20,"gold_loss":0},{"damage_healed":0,"gold_gain":0,"player_choice":"Inject Mutagens","damage_taken":0,"relics_obtained":["MutagenicStrength"],"max_hp_gain":0,"max_hp_loss":0,"event_name":"Drug Dealer","floor":22,"gold_loss":0},{"damage_healed":0,"gold_gain":0,"player_choice":"Stole Relic","damage_taken":0,"relics_obtained":["Pear"],"max_hp_gain":0,"max_hp_loss":0,"event_name":"Addict","floor":24,"gold_loss":0,"cards_obtained":["Shame"]}],"is_beta":false,"boss_relics":[{"not_picked":["Black Blood","Velvet Choker"],"picked":"Empty Cage"}],"items_purged_floors":[],"is_endless":false,"potions_floor_spawned":[3,8,16,21,31],"killed_by":"Collector","ascension_level":0}