{"path_per_floor":["M","?","M","M","?","E","R","E","T","R","E","M","M","T","R","B",null,"M","M","$","?","M"],"character_chosen":"DEFECT","items_purchased":["Pen Nib","Art of War"],"gold_per_floor":[115,115,129,140,140,172,172,231,277,277,312,325,340,363,363,462,462,473,491,115,115,134,134],"floor_reached":23,"campfire_rested":1,"playtime":1736,"item_purchase_floors":[20,20],"current_hp_per_floor":[68,68,68,67,52,18,40,40,40,40,40,40,40,40,40,34,65,61,63,63,49,33,0],"items_purged":["Strike_B"],"gold":134,"score":326,"play_id":"dd8f59c4-b101-4aa3-80c6-6acac8e2ead3","local_time":"20180616121722","is_prod":false,"is_daily":false,"chose_seed":false,"is_ascension_mode":true,"campfire_upgraded":2,"win_rate":0,"timestamp":1529144242,"campfire_choices":[{"floor":7,"key":"REST"},{"data":"Zap","floor":10,"key":"SMITH"},{"data":"Dualcast","floor":15,"key":"SMITH"}],"path_taken":["M","?","?","M","?","E","R","E","T","R","E","M","?","?","R","BOSS","M","M","$","?","?","E"],"build_version":"2018-06-14v2","seed_source_timestamp":156028478105765,"purchased_purges":1,"victory":false,"master_deck":["Strike_B+1","Strike_B+1","Strike_B+1","Defend_B","Defend_B","Defend_B","Defend_B","Zap+1","Dualcast+1","Compile Driver","Coolheaded+1","Double Energy","Leap","Coolheaded","Chill","Sweeping Beam","Coolheaded+1","Chill+1"],"max_hp_per_floor":[75,75,75,75,75,75,75,75,75,75,75,75,75,75,75,75,75,75,75,75,80,80,80],"relics":["Cracked Core","Symbiotic Virus","Tiny Chest","Whetstone","Bronze Scales","Blood Vial","Black Star","Pen Nib","Art of War"],"card_choices":[{"not_picked":["Static Discharge","Reprogram"],"picked":"Compile Driver","floor":1},{"not_picked":["Rip and Tear","Beam Cell"],"picked":"Coolheaded","floor":3},{"not_picked":["Streamline","Scrape"],"picked":"Double Energy","floor":4},{"not_picked":["Barrage","Hologram"],"picked":"Leap","floor":6},{"not_picked":["Amplify","Reboot"],"picked":"Coolheaded","floor":8},{"not_picked":["Recycle","Barrage"],"picked":"Chill","floor":11},{"not_picked":["Cold Snap","Rebound"],"picked":"Sweeping Beam","floor":12},{"not_picked":["Rebound","Hologram","Creative AI"],"picked":"SKIP","floor":13},{"not_picked":["Reinforced Body+1","Recycle"],"picked":"Coolheaded+1","floor":18},{"not_picked":["Reinforced Body","Rebound"],"picked":"Chill+1","floor":19},{"not_picked":["Storm+1","Rebound+1","Coolheaded"],"picked":"SKIP","floor":22}],"player_experience":129634,"potions_floor_usage":[11,11,12,16,18,22],"damage_taken":[{"damage":7,"enemies":"Jaw Worm","floor":1,"turns":3},{"damage":0,"enemies":"Cultist","floor":3,"turns":3},{"damage":1,"enemies":"2 Louse","floor":4,"turns":2},{"damage":34,"enemies":"Lagavulin","floor":6,"turns":6},{"damage":0,"enemies":"3 Sentries","floor":8,"turns":7},{"damage":0,"enemies":"Gremlin Nob","floor":11,"turns":2},{"damage":0,"enemies":"Lots of Slimes","floor":12,"turns":1},{"damage":0,"enemies":"Large Slime","floor":13,"turns":4},{"damage":8,"enemies":"Hexaghost","floor":16,"turns":9},{"damage":6,"enemies":"Shell Parasite","floor":18,"turns":6},{"damage":0,"enemies":"Spheric Guardian","floor":19,"turns":3},{"damage":18,"enemies":"Centurion and Healer","floor":22,"turns":10},{"damage":37,"enemies":"Book of Stabbing","floor":23,"turns":7}],"relics_obtained":[{"floor":6,"key":"Symbiotic Virus"},{"floor":8,"key":"Tiny Chest"},{"floor":9,"key":"Whetstone"},{"floor":11,"key":"Bronze Scales"},{"floor":14,"key":"Blood Vial"}],"event_choices":[{"event_name":"The Woman in Blue","player_choice":"Bought 0 Potions","floor":2,"damage_taken":0},{"event_name":"Shining Light","player_choice":"Entered Light","floor":5,"damage_taken":0},{"event_name":"Forgotten Altar","player_choice":"Shed Blood","floor":21,"damage_taken":0}],"boss_relics":[{"not_picked":["Runic Pyramid","Philosopher\u0027s Stone"],"picked":"Black Star"}],"items_purged_floors":[20],"is_endless":false,"potions_floor_spawned":[1,8,11,12,16,19],"seed_played":"-4436153166329396241","killed_by":"Book of Stabbing","ascension_level":5,"potions_obtained":[{"floor":1,"key":"Fire Potion"},{"floor":8,"key":"SkillPotion"},{"floor":11,"key":"PowerPotion"},{"floor":12,"key":"SteroidPotion"},{"floor":16,"key":"GamblersBrew"},{"floor":19,"key":"Swift Potion"}],"is_trial":false}