{"gold_per_floor":[364,364,69,89,103,103,28,62,139,214,233,233,233,252,252,348,348,358,374,374,274,274,274,306,306,306,325,325,325,325,325,325,325],"floor_reached":33,"playtime":1586,"items_purged":["Strike_G","Defend_G"],"score":288,"play_id":"ec3a0ab9-24e0-4ae3-9352-743ce33636fa","local_time":"20180812011708","is_ascension_mode":false,"campfire_choices":[{"data":"Neutralize","floor":6,"key":"SMITH"},{"data":"Quick Slash","floor":13,"key":"SMITH"},{"floor":15,"key":"REST"},{"data":"Bite","floor":23,"key":"SMITH"},{"floor":25,"key":"REST"},{"data":"RitualDagger","floor":32,"key":"SMITH"}],"neow_cost":"TEN_PERCENT_HP_LOSS","seed_source_timestamp":88322516929241,"circlet_count":0,"master_deck":["Defend_G","Defend_G","Defend_G","Defend_G","Survivor","Neutralize+1","Blade Dance+1","Quick Slash+1","Dagger Throw","Deadly Poison","Cloak And Dagger","Outmaneuver","Deadly Poison","Flying Knee","Blade Dance","Quick Slash","Bite+1","Bite","Bite","Bite","Bite","Dagger Spray","RitualDagger+1","Normality"],"relics":["Ring of the Snake","Thread and Needle","Orichalcum","Question Card","Regal Pillow","Orrery","Ice Cream","The Courier","Potion Belt","Girya"],"potions_floor_usage":[8,16,24,30],"damage_taken":[{"damage":1,"enemies":"Jaw Worm","floor":1,"turns":5},{"damage":0,"enemies":"Cultist","floor":4,"turns":4},{"damage":0,"enemies":"2 Louse","floor":5,"turns":2},{"damage":21,"enemies":"3 Sentries","floor":8,"turns":11},{"damage":0,"enemies":"Looter","floor":11,"turns":2},{"damage":0,"enemies":"Blue Slaver","floor":14,"turns":3},{"damage":16,"enemies":"The Guardian","floor":16,"turns":17},{"damage":12,"enemies":"Spheric Guardian","floor":18,"turns":6},{"damage":9,"enemies":"3 Byrds","floor":19,"turns":5},{"damage":50,"enemies":"Slavers","floor":24,"turns":7},{"damage":12,"enemies":"Snecko","floor":27,"turns":6},{"damage":11,"enemies":"Snake Plant","floor":30,"turns":2},{"damage":56,"enemies":"Automaton","floor":33,"turns":6}],"seed_played":"-7812866772791579763","potions_obtained":[{"floor":5,"key":"Dexterity Potion"},{"floor":8,"key":"Ancient Potion"},{"floor":11,"key":"Explosive Potion"},{"floor":16,"key":"EssenceOfSteel"},{"floor":19,"key":"SmokeBomb"}],"is_trial":false,"path_per_floor":["M","?","$","M","M","R","$","E","T","?","M","?","R","M","R","B",null,"M","M","?","$","?","R","E","R","T","M","?","T","M","?","R"],"character_chosen":"THE_SILENT","items_purchased":["Thread and Needle"],"campfire_rested":2,"item_purchase_floors":[3],"current_hp_per_floor":[62,62,62,62,62,62,62,41,41,30,30,30,30,30,63,47,63,51,42,42,42,42,42,9,37,37,38,32,32,25,25,25,0],"gold":325,"neow_bonus":"TWO_FIFTY_GOLD","is_prod":false,"is_daily":false,"chose_seed":false,"campfire_upgraded":4,"win_rate":0,"timestamp":1534002428,"path_taken":["M","?","$","M","M","R","$","E","T","?","M","?","R","?","R","BOSS","M","?","?","$","?","R","E","R","T","M","?","?","?","?","R","BOSS"],"build_version":"2018-08-09","purchased_purges":2,"victory":false,"max_hp_per_floor":[63,63,63,63,63,63,63,63,63,63,63,63,63,63,63,63,63,63,63,44,44,44,44,44,44,44,44,44,44,44,44,44,44],"card_choices":[{"not_picked":["Dagger Throw","Dodge and Roll"],"picked":"Blade Dance","floor":1},{"not_picked":["Catalyst","Acrobatics","Bane"],"picked":"SKIP","floor":4},{"not_picked":["Dodge and Roll","Predator"],"picked":"Quick Slash","floor":5},{"not_picked":["Finisher","Heel Hook","Reflex"],"picked":"SKIP","floor":8},{"not_picked":["Deflect","Calculated Gamble","Bane","Bullet Time"],"picked":"SKIP","floor":11},{"not_picked":["Underhanded Strike","Dodge and Roll","Deadly Poison"],"picked":"Dagger Throw","floor":14},{"not_picked":["Acrobatics","Slice","Quick Slash"],"picked":"Deadly Poison","floor":17},{"not_picked":["Riddle With Holes","Masterful Stab","Unload"],"picked":"Cloak And Dagger","floor":17},{"not_picked":["Quick Slash","Reflex","Backflip"],"picked":"Outmaneuver","floor":17},{"not_picked":["Underhanded Strike","Outmaneuver","Accuracy"],"picked":"Deadly Poison","floor":17},{"not_picked":["Expertise","Terror","Slice"],"picked":"Flying Knee","floor":17},{"not_picked":["Backflip","Prepared","Predator"],"picked":"Blade Dance","floor":18},{"not_picked":["Accuracy","Tools of the Trade","Acrobatics"],"picked":"Quick Slash","floor":19},{"not_picked":["Underhanded Strike","Eviscerate","Tactician","Dagger Throw"],"picked":"SKIP","floor":24},{"not_picked":["Eviscerate","Heel Hook+1","Accuracy","PiercingWail"],"picked":"SKIP","floor":27}],"player_experience":308780,"relics_obtained":[{"floor":8,"key":"Orichalcum"},{"floor":9,"key":"Question Card"},{"floor":24,"key":"Ice Cream"},{"floor":26,"key":"The Courier"},{"floor":29,"key":"Potion Belt"}],"event_choices":[{"event_name":"Upgrade Shrine","player_choice":"Upgraded","floor":2,"damage_taken":0},{"event_name":"World of Goop","player_choice":"Gather Gold","floor":10,"damage_taken":0},{"event_name":"WeMeetAgain","player_choice":"Potion","floor":12,"damage_taken":0},{"event_name":"Vampires","player_choice":"Became a vampire","floor":20,"damage_taken":0},{"event_name":"The Library","player_choice":"Read","floor":22,"damage_taken":0},{"event_name":"Nest","player_choice":"Joined the Cult","floor":28,"damage_taken":0},{"event_name":"Accursed Blacksmith","player_choice":"Rummage","floor":31,"damage_taken":0}],"is_beta":false,"boss_relics":[{"not_picked":["Astrolabe","Lizard Tail"],"picked":"Orrery"}],"items_purged_floors":[7,21],"is_endless":false,"potions_floor_spawned":[5,8,11,16,19],"killed_by":"Automaton","ascension_level":0}