{"gold_per_floor":[216,216,234,184,284,284,303,334,397,409,436,448,460,490,502,585,597,623,635],"floor_reached":19,"playtime":759,"items_purged":[],"score":276,"play_id":"b9222230-3937-4a18-b1b5-361f05d32147","local_time":"20180806111440","is_ascension_mode":true,"campfire_choices":[{"data":"Zap","floor":6,"key":"SMITH"},{"data":"Coolheaded","floor":10,"key":"SMITH"},{"floor":13,"key":"REST"},{"floor":15,"key":"REST"}],"neow_cost":"NONE","seed_source_timestamp":1013892735524441,"circlet_count":0,"master_deck":["Strike_B","Strike_B","Strike_B","Defend_B","Defend_B","Defend_B","Defend_B","Zap+1","Dualcast","AscendersBane","Consume","BootSequence","Coolheaded+1","Electrodynamics","Genetic Algorithm","Loop","Buffer","Glacier","Cold Snap","Leap","Redo","Fusion","Core Surge"],"relics":["Cracked Core","MawBank","Lantern","Orrery"],"potions_floor_usage":[8,16,19],"damage_taken":[{"damage":7,"enemies":"Small Slimes","floor":1,"turns":3},{"damage":14,"enemies":"Jaw Worm","floor":3,"turns":4},{"damage":0,"enemies":"2 Louse","floor":7,"turns":3},{"damage":11,"enemies":"3 Sentries","floor":8,"turns":7},{"damage":7,"enemies":"Exordium Thugs","floor":11,"turns":4},{"damage":9,"enemies":"2 Fungi Beasts","floor":14,"turns":3},{"damage":33,"enemies":"Slime Boss","floor":16,"turns":7},{"damage":18,"enemies":"Spheric Guardian","floor":18,"turns":6},{"damage":61,"floor":19,"turns":4}],"seed_played":"-7699054325754213164","potions_obtained":[{"floor":7,"key":"Fire Potion"},{"floor":8,"key":"Strength Potion"},{"floor":18,"key":"EssenceOfSteel"}],"is_trial":false,"path_per_floor":["M","?","M","?","?","R","M","E","T","R","M","$","R","M","R","B",null,"M"],"character_chosen":"DEFECT","items_purchased":[],"campfire_rested":2,"item_purchase_floors":[],"current_hp_per_floor":[61,66,52,52,52,52,52,41,41,41,34,34,58,49,73,40,70,52,0],"gold":635,"neow_bonus":"HUNDRED_GOLD","is_prod":false,"is_daily":false,"chose_seed":false,"campfire_upgraded":2,"win_rate":0,"timestamp":1533568480,"path_taken":["M","?","M","?","?","R","M","E","T","R","M","$","R","M","R","BOSS","M","?"],"build_version":"2018-08-02","purchased_purges":0,"victory":false,"max_hp_per_floor":[75,80,80,80,80,80,80,80,80,80,80,80,80,80,80,80,80,80,80],"card_choices":[{"not_picked":["Sweeping Beam","Stack"],"picked":"Consume","floor":1},{"not_picked":["Gash","Ball Lightning"],"picked":"BootSequence","floor":3},{"not_picked":["Compile Driver","Self Repair"],"picked":"Coolheaded","floor":7},{"not_picked":["Go for the Eyes","Chaos"],"picked":"Electrodynamics","floor":8},{"not_picked":["Streamline","Gash"],"picked":"Genetic Algorithm","floor":11},{"not_picked":["Streamline","Redo"],"picked":"Loop","floor":14},{"not_picked":["Thunder Strike","Electrodynamics"],"picked":"Buffer","floor":16},{"not_picked":["Redo","Aggregate"],"picked":"Glacier","floor":17},{"not_picked":["Steam Power","Beam Cell"],"picked":"Cold Snap","floor":17},{"not_picked":["Redo","Go for the Eyes"],"picked":"Leap","floor":17},{"not_picked":["Stack","Conserve Battery"],"picked":"Redo","floor":17},{"not_picked":["Go for the Eyes","Conserve Battery"],"picked":"Fusion","floor":17},{"not_picked":["Barrage","Reprogram"],"picked":"Core Surge","floor":18}],"player_experience":1448880,"relics_obtained":[{"floor":8,"key":"MawBank"},{"floor":9,"key":"Lantern"}],"event_choices":[{"event_name":"Big Fish","player_choice":"Donut","floor":2,"damage_taken":0},{"event_name":"The Cleric","player_choice":"Card Removal","floor":4,"damage_taken":0},{"event_name":"Golden Shrine","player_choice":"Pray","floor":5,"damage_taken":0},{"event_name":"Masked Bandits","player_choice":"Fought over 635 gold","floor":19,"damage_taken":0}],"is_beta":false,"boss_relics":[{"not_picked":["Runic Dome","Eternal Feather"],"picked":"Orrery"}],"items_purged_floors":[],"is_endless":false,"potions_floor_spawned":[7,8,18],"ascension_level":13}