{"gold_per_floor":[117,135,152,152,22,22,47,18,102,112,112,132,132,132,132,210,210,227,237,249,249,265,265,275,275,301,301],"floor_reached":27,"playtime":1424,"items_purged":["Strike_B"],"score":419,"play_id":"dc33b276-da22-4b64-9f29-ca2c2a0a9ba9","local_time":"20190130200754","is_ascension_mode":true,"campfire_choices":[{"data":"Go for the Eyes","floor":6,"key":"SMITH"},{"floor":11,"key":"REST"},{"floor":15,"key":"REST"},{"floor":23,"key":"REST"},{"floor":25,"key":"REST"}],"neow_cost":"NONE","seed_source_timestamp":545327686794696,"circlet_count":0,"master_deck":["AscendersBane","Defend_B","Defend_B","Defend_B+1","Defend_B","Zap","Dualcast","Genetic Algorithm","Go for the Eyes+1","Gash","Ball Lightning","Cold Snap","Gash","White Noise","Beam Cell","Core Surge","Compile Driver","Steam","Self Repair","Fission","Coolheaded+1","Beam Cell"],"relics":["Cracked Core","Bag of Preparation","Pen Nib","Tiny Chest","Letter Opener","Empty Cage","War Paint"],"potions_floor_usage":[7,7,27],"damage_taken":[{"damage":1,"enemies":"2 Louse","floor":1,"turns":3},{"damage":1,"enemies":"Cultist","floor":2,"turns":3},{"damage":8,"enemies":"Jaw Worm","floor":3,"turns":3},{"damage":25,"enemies":"3 Sentries","floor":7,"turns":5},{"damage":12,"enemies":"3 Louse","floor":10,"turns":5},{"damage":9,"enemies":"Red Slaver","floor":12,"turns":3},{"damage":25,"enemies":"Hexaghost","floor":16,"turns":9},{"damage":5,"enemies":"Shell Parasite","floor":18,"turns":4},{"damage":10,"enemies":"Spheric Guardian","floor":19,"turns":5},{"damage":16,"enemies":"Cultist and Chosen","floor":20,"turns":6},{"damage":21,"enemies":"Sentry and Sphere","floor":22,"turns":7},{"damage":22,"enemies":"Snake Plant","floor":24,"turns":5},{"damage":46,"enemies":"Gremlin Leader","floor":27,"turns":7}],"seed_played":"-1513290859983817388","potions_obtained":[{"floor":1,"key":"LiquidBronze"},{"floor":2,"key":"Strength Potion"},{"floor":16,"key":"GamblersBrew"}],"is_trial":false,"path_per_floor":["M","M","M","?","$","R","E","$","T","M","R","M","?","T","R","B",null,"M","M","M","?","M","R","M","R","T","E"],"character_chosen":"DEFECT","items_purchased":["Ball Lightning","Gash"],"campfire_rested":4,"item_purchase_floors":[5,8],"current_hp_per_floor":[63,62,54,54,54,54,29,29,29,17,38,29,29,29,50,25,60,55,45,29,29,15,36,21,42,42,0],"gold":301,"neow_bonus":"RANDOM_COMMON_RELIC","is_prod":false,"is_daily":false,"chose_seed":false,"campfire_upgraded":1,"win_rate":0,"timestamp":1548896874,"path_taken":["M","M","M","?","$","R","E","$","T","?","R","M","?","?","R","BOSS","M","M","M","?","?","R","M","R","T","E"],"build_version":"2019-01-23","purchased_purges":1,"victory":false,"max_hp_per_floor":[71,71,71,71,71,71,71,71,71,71,71,71,71,71,71,71,71,71,71,71,71,71,71,71,71,71,71],"card_choices":[{"not_picked":["Rip and Tear","Barrage"],"picked":"Genetic Algorithm","floor":1},{"not_picked":["Lockon","Steam"],"picked":"Go for the Eyes","floor":2},{"not_picked":["Reprogram","Compile Driver"],"picked":"Gash","floor":3},{"not_picked":["Steam","Turbo"],"picked":"Cold Snap","floor":7},{"not_picked":["Conserve Battery","Turbo"],"picked":"White Noise","floor":10},{"not_picked":["Redo","Coolheaded"],"picked":"Beam Cell","floor":12},{"not_picked":["Multi-Cast","Hyperbeam"],"picked":"Core Surge","floor":16},{"not_picked":["Stack","Blizzard"],"picked":"Compile Driver","floor":18},{"not_picked":["Lockon","Steam Power"],"picked":"Steam","floor":19},{"not_picked":["Coolheaded","Steam"],"picked":"Self Repair","floor":20},{"not_picked":["Lockon","Tempest"],"picked":"Coolheaded","floor":22},{"not_picked":["Capacitor","Sweeping Beam"],"picked":"Beam Cell","floor":24}],"player_experience":2244096,"relics_obtained":[{"floor":7,"key":"Pen Nib"},{"floor":9,"key":"Tiny Chest"},{"floor":14,"key":"Letter Opener"},{"floor":26,"key":"War Paint"}],"event_choices":[{"damage_healed":0,"gold_gain":0,"player_choice":"Got Potions","damage_taken":0,"max_hp_gain":0,"max_hp_loss":0,"event_name":"Lab","floor":4,"gold_loss":0},{"damage_healed":0,"gold_gain":0,"player_choice":"Ignored","damage_taken":0,"max_hp_gain":0,"max_hp_loss":0,"event_name":"Shining Light","floor":13,"gold_loss":0},{"damage_healed":0,"gold_gain":0,"cards_transformed":["Strike_B"],"player_choice":"Transformed","damage_taken":0,"max_hp_gain":0,"max_hp_loss":0,"event_name":"Transmorgrifier","floor":21,"gold_loss":0,"cards_obtained":["Fission"]}],"is_beta":false,"boss_relics":[{"not_picked":["Pandora\u0027s Box","Eternal Feather"],"picked":"Empty Cage"}],"items_purged_floors":[5],"is_endless":false,"potions_floor_spawned":[1,2,16],"killed_by":"Gremlin Leader","ascension_level":19}