{"gold_per_floor":[117,7,17,35,35,35,35,35,35,35],"floor_reached":10,"playtime":672,"items_purged":[],"score":56,"play_id":"1ae6fcad-e957-4316-9e8e-6df3b2d1c08e","local_time":"20190105125728","is_ascension_mode":false,"campfire_choices":[{"data":"PiercingWail","floor":6,"key":"SMITH"}],"neow_cost":"NONE","seed_source_timestamp":1302450731535936,"circlet_count":0,"master_deck":["Defend_G","Defend_G","Defend_G","Defend_G","Defend_G","Strike_G","Strike_G","Strike_G","Strike_G","Strike_G","Survivor","Neutralize","Deadly Poison","PiercingWail+1","Catalyst","Well Laid Plans","Deflect","Outmaneuver"],"relics":["Ring of the Snake","Prayer Wheel","Kunai"],"potions_floor_usage":[10],"damage_taken":[{"damage":5,"enemies":"Jaw Worm","floor":1,"turns":4},{"damage":0,"enemies":"2 Louse","floor":3,"turns":2},{"damage":0,"enemies":"Small Slimes","floor":4,"turns":4},{"damage":72,"enemies":"Gremlin Nob","floor":10,"turns":5}],"seed_played":"3167711083136001152","potions_obtained":[{"floor":3,"key":"Dexterity Potion"}],"is_trial":false,"path_per_floor":["M","$","M","M","?","R","?","?","T","E"],"character_chosen":"THE_SILENT","items_purchased":["Catalyst","Well Laid Plans"],"campfire_rested":0,"item_purchase_floors":[2,2],"current_hp_per_floor":[65,65,65,65,65,65,65,65,65,0],"gold":35,"neow_bonus":"THREE_CARDS","is_prod":false,"is_daily":false,"chose_seed":false,"campfire_upgraded":1,"win_rate":0.0,"timestamp":1546721848,"path_taken":["M","$","M","M","?","R","?","?","T","E"],"build_version":"2019-01-03v4","purchased_purges":0,"victory":false,"max_hp_per_floor":[70,70,70,70,70,70,70,70,70,70],"card_choices":[{"not_picked":["Escape Plan","Slice"],"picked":"Deadly Poison","floor":0},{"not_picked":["Flying Knee","Underhanded Strike"],"picked":"PiercingWail","floor":1},{"not_picked":["Reflex","Quick Slash"],"picked":"Deflect","floor":3},{"not_picked":["Expertise","Dagger Spray"],"picked":"Outmaneuver","floor":4}],"player_experience":58047,"relics_obtained":[{"floor":9,"key":"Kunai"}],"event_choices":[{"damage_healed":0,"gold_gain":0,"player_choice":"Leave","damage_taken":0,"max_hp_gain":0,"max_hp_loss":0,"event_name":"The Cleric","floor":5,"gold_loss":0},{"damage_healed":0,"gold_gain":0,"player_choice":"Ignored","damage_taken":0,"max_hp_gain":0,"max_hp_loss":0,"event_name":"Golden Wing","floor":7,"gold_loss":0},{"damage_healed":0,"gold_gain":0,"player_choice":"Searched \u00271\u0027 times","damage_taken":0,"relics_obtained":["Prayer Wheel"],"max_hp_gain":0,"max_hp_loss":0,"event_name":"Dead Adventurer","floor":8,"gold_loss":0}],"is_beta":false,"boss_relics":[],"items_purged_floors":[],"is_endless":false,"potions_floor_spawned":[3],"killed_by":"Gremlin Nob","ascension_level":0}