{"gold_per_floor":[109,34,54,67,142,142,169,169,193,193,225,225,253,153,153,255,255,274,274,149,169,182,182,198,223,223,21,36,94,109,109],"floor_reached":31,"playtime":1798,"items_purged":["Strike_R","Strike_R","Defend_R","Anger"],"score":377,"play_id":"0de645d6-c859-4351-8c03-ef3973ccc554","local_time":"20180628144713","is_ascension_mode":true,"campfire_choices":[{"data":"Bash","floor":6,"key":"SMITH"},{"data":"Seeing Red","floor":8,"key":"SMITH"},{"floor":12,"key":"REST"},{"data":"Demon Form","floor":15,"key":"SMITH"},{"floor":23,"key":"REST"}],"neow_cost":"TEN_PERCENT_HP_LOSS","seed_source_timestamp":148418679320020,"circlet_count":0,"master_deck":["Strike_R","Strike_R","Defend_R","Defend_R","Bash+1","Seeing Red+1","Demon Form+1","Feed","Impervious","Feel No Pain","Heavy Blade"],"relics":["Burning Blood","Pen Nib","Bag of Preparation","Singing Bowl","Fusion Hammer","Nloth\u0027s Gift","Orichalcum","Champion Belt","Tiny Chest"],"potions_floor_usage":[7,11,13,16,22,25,29,29],"damage_taken":[{"damage":0,"enemies":"2 Louse","floor":1,"turns":2},{"damage":2,"enemies":"Jaw Worm","floor":3,"turns":2},{"damage":0,"enemies":"Small Slimes","floor":4,"turns":3},{"damage":32,"enemies":"Gremlin Nob","floor":7,"turns":4},{"damage":10,"enemies":"Lagavulin","floor":11,"turns":3},{"damage":31,"enemies":"3 Sentries","floor":13,"turns":7},{"damage":9,"enemies":"Slime Boss","floor":16,"turns":6},{"damage":11,"enemies":"Shell Parasite","floor":18,"turns":3},{"damage":2,"enemies":"Chosen","floor":21,"turns":3},{"damage":12,"enemies":"Centurion and Healer","floor":22,"turns":5},{"damage":14,"enemies":"3 Cultists","floor":24,"turns":4},{"damage":57,"enemies":"Slavers","floor":25,"turns":6},{"damage":10,"enemies":"Sentry and Sphere","floor":28,"turns":4},{"damage":34,"enemies":"Gremlin Leader","floor":29,"turns":6},{"damage":11,"enemies":"Snecko","floor":30,"turns":4},{"damage":23,"enemies":"Centurion and Healer","floor":31,"turns":4}],"seed_played":"-7882964852364456803","potions_obtained":[{"floor":3,"key":"Energy Potion"},{"floor":4,"key":"Regen Potion"},{"floor":7,"key":"Fire Potion"},{"floor":10,"key":"AttackPotion"},{"floor":13,"key":"Poison Potion"},{"floor":22,"key":"Regen Potion"},{"floor":28,"key":"Fire Potion"},{"floor":30,"key":"FearPotion"}],"is_trial":false,"path_per_floor":["M","$","M","M","?","R","E","R","T","?","E","R","E","$","R","B",null,"M","?","$","M","M","R","M","E","T","$","M","E","M"],"character_chosen":"IRONCLAD","items_purchased":["Explosive Potion"],"campfire_rested":2,"item_purchase_floors":[27],"current_hp_per_floor":[72,72,72,72,61,61,47,47,47,47,43,72,47,47,47,47,75,72,72,72,81,78,85,82,45,45,45,46,20,20,0],"gold":109,"neow_bonus":"REMOVE_TWO","is_prod":false,"is_daily":false,"chose_seed":false,"campfire_upgraded":3,"win_rate":0,"timestamp":1530215233,"path_taken":["M","$","M","M","?","R","E","R","T","?","E","R","E","?","R","BOSS","M","?","$","M","?","R","M","E","T","$","M","E","M","M"],"build_version":"2018-06-27","purchased_purges":4,"victory":false,"max_hp_per_floor":[72,72,72,72,72,72,72,72,72,72,72,72,72,72,72,75,75,77,77,77,82,85,85,90,90,90,90,95,97,102,105],"card_choices":[{"not_picked":["Body Slam","Wild Strike"],"picked":"Anger","floor":1},{"not_picked":["Clash","Thunderclap","Wild Strike"],"picked":"SKIP","floor":3},{"not_picked":["Sword Boomerang","True Grit","Headbutt"],"picked":"SKIP","floor":4},{"not_picked":["Reckless Charge","Havoc"],"picked":"Seeing Red","floor":7},{"not_picked":["Twin Strike","Feel No Pain"],"picked":"Demon Form","floor":11},{"not_picked":["Cleave","Shrug It Off"],"picked":"Feed","floor":13},{"not_picked":["Juggernaut","Berserk"],"picked":"Impervious","floor":16},{"not_picked":["Armaments","Thunderclap","Pommel Strike"],"picked":"Singing Bowl","floor":18},{"not_picked":["Dropkick","Pommel Strike","Intimidate"],"picked":"Singing Bowl","floor":21},{"not_picked":["Metallicize","Body Slam"],"picked":"Feel No Pain","floor":22},{"not_picked":["Twin Strike+1","Brutality","Warcry+1"],"picked":"Singing Bowl","floor":24},{"not_picked":["Spot Weakness+1","Rupture"],"picked":"Heavy Blade","floor":25},{"not_picked":["Clash","Havoc+1","Sword Boomerang"],"picked":"Singing Bowl","floor":28},{"not_picked":["Armaments","Iron Wave","Spot Weakness+1"],"picked":"Singing Bowl","floor":29},{"not_picked":["Armaments","Clothesline","Headbutt"],"picked":"Singing Bowl","floor":30}],"player_experience":157682,"relics_obtained":[{"floor":7,"key":"Pen Nib"},{"floor":9,"key":"Bag of Preparation"},{"floor":11,"key":"Regal Pillow"},{"floor":13,"key":"Singing Bowl"},{"floor":25,"key":"Orichalcum"},{"floor":26,"key":"Champion Belt"},{"floor":29,"key":"Tiny Chest"}],"event_choices":[{"event_name":"World of Goop","player_choice":"Gather Gold","floor":5,"damage_taken":0},{"event_name":"The Lab","player_choice":"Got Potions","floor":10,"damage_taken":0},{"event_name":"N\u0027loth","player_choice":"Traded a Regal Pillow","floor":19,"damage_taken":0}],"boss_relics":[{"not_picked":["Busted Crown","Ectoplasm"],"picked":"Fusion Hammer"}],"items_purged_floors":[2,14,20,27],"is_endless":false,"potions_floor_spawned":[3,4,7,13,22,28,30],"killed_by":"Centurion and Healer","ascension_level":4}