{"gold_per_floor":[117,117,127,52,64,99,99,125,125,125,142,159,172,14,14,91,91,106,106,106,120,138,138,118,135,135,135,154,12,12,23,23,23],"floor_reached":33,"playtime":1157,"items_purged":[],"score":517,"play_id":"b8465a57-4ae3-4e39-962c-65adde9f4b68","local_time":"20181222194221","is_ascension_mode":true,"campfire_choices":[{"floor":7.0,"key":"REST"},{"data":"Static Discharge","floor":10.0,"key":"SMITH"},{"floor":15.0,"key":"REST"},{"floor":23.0,"key":"REST"},{"floor":27.0,"key":"REST"},{"floor":30.0,"key":"REST"},{"floor":32.0,"key":"REST"}],"neow_cost":"NONE","seed_source_timestamp":230628418113402,"circlet_count":0,"master_deck":["AscendersBane","Strike_B","Strike_B","Defend_B","Defend_B","Defend_B","Defend_B","Zap","Dualcast","Static Discharge+1","Electrodynamics","Conserve Battery","Leap","Consume","Biased Cognition","Hologram","Rebound","Storm","Compile Driver","Echo Form","Go for the Eyes","Thunder Strike","Force Field","Static Discharge","Writhe","FTL","Reinforced Body","Leap","Coolheaded","Ball Lightning","Defragment","Stack","Tempest","Heatsinks","Conserve Battery+1"],"special_seed":0,"relics":["Cracked Core","NeowsBlessing","Dream Catcher","Mercury Hourglass","Bag of Preparation","Fusion Hammer","Matryoshka","Juzu Bracelet"],"potions_floor_usage":[33,33],"damage_taken":[{"damage":0.0,"enemies":"Small Slimes","floor":1.0,"turns":1.0},{"damage":0.0,"enemies":"Cultist","floor":3.0,"turns":1.0},{"damage":0.0,"enemies":"2 Louse","floor":5.0,"turns":1.0},{"damage":16.0,"enemies":"3 Sentries","floor":6.0,"turns":5.0},{"damage":25.0,"enemies":"Lagavulin","floor":8.0,"turns":4.0},{"damage":28.0,"enemies":"Exordium Thugs","floor":11.0,"turns":3.0},{"damage":15.0,"enemies":"Exordium Wildlife","floor":12.0,"turns":2.0},{"damage":0.0,"enemies":"Blue Slaver","floor":13.0,"turns":4.0},{"damage":12.0,"enemies":"Hexaghost","floor":16.0,"turns":4.0},{"damage":1.0,"enemies":"3 Byrds","floor":18.0,"turns":1.0},{"damage":31.0,"enemies":"Chosen","floor":21.0,"turns":3.0},{"damage":10.0,"enemies":"Snake Plant","floor":22.0,"turns":2.0},{"damage":9.0,"enemies":"Snecko","floor":25.0,"turns":4.0},{"damage":25.0,"enemies":"Sentry and Sphere","floor":28.0,"turns":3.0},{"damage":29.0,"enemies":"Shelled Parasite and Fungi","floor":31.0,"turns":6.0},{"damage":50,"enemies":"Champ","floor":33,"turns":9}],"seed_played":"-829802613356766212","potions_obtained":[{"floor":1.0,"key":"PowerPotion"},{"floor":3.0,"key":"FearPotion"},{"floor":6.0,"key":"FocusPotion"},{"floor":16.0,"key":"Regen Potion"},{"floor":21.0,"key":"Fire Potion"},{"floor":24.0,"key":"Strength Potion"},{"floor":25.0,"key":"Weak Potion"},{"floor":31.0,"key":"Block Potion"}],"is_trial":false,"path_per_floor":["M","?","M","?","M","E","R","E","T","R","M","M","M","$","R","B",null,"M","?","?","M","M","R","?","M","T","R","M","$","R","M","R","B"],"character_chosen":"DEFECT","items_purchased":["Echo Form","Defragment","Stack"],"campfire_rested":6,"item_purchase_floors":[14,29,29],"current_hp_per_floor":[64,64,64,64,64,48,69,44,44,44,16,1,1,1,22,10,56,55,55,55,24,19,40,40,31,31,52,27,27,48,19,40,0],"gold":23,"neow_bonus":"THREE_ENEMY_KILL","is_prod":false,"is_daily":false,"chose_seed":false,"campfire_upgraded":1,"win_rate":0,"timestamp":1545525741,"path_taken":["M","?","?","?","M","E","R","E","T","R","M","M","M","?","R","BOSS","M","?","?","M","M","R","?","?","T","R","M","?","R","M","R","BOSS"],"build_version":"2018-12-20","purchased_purges":0,"victory":false,"max_hp_per_floor":[71,71,71,71,71,71,71,71,71,71,71,71,71,71,71,71,71,71,71,71,71,71,71,71,71,71,71,71,71,71,71,71,71],"card_choices":[{"not_picked":["Sweeping Beam","Blizzard"],"picked":"Static Discharge","floor":1.0},{"not_picked":["Gash","Compile Driver"],"picked":"Conserve Battery","floor":3.0},{"not_picked":["Fusion","FTL"],"picked":"Leap","floor":5.0},{"not_picked":["Sweeping Beam","Static Discharge"],"picked":"Consume","floor":6.0},{"not_picked":["Rip and Tear","Undo"],"picked":"Biased Cognition","floor":7.0},{"not_picked":["Streamline","Aggregate"],"picked":"Hologram","floor":8.0},{"not_picked":["Chaos","Gash"],"picked":"Rebound","floor":11.0},{"not_picked":["Melter","Rebound"],"picked":"Storm","floor":12.0},{"not_picked":["Multi-Cast","Sweeping Beam"],"picked":"Compile Driver","floor":13.0},{"not_picked":["Skim","Redo"],"picked":"Go for the Eyes","floor":15.0},{"not_picked":["Reboot","Fission"],"picked":"Thunder Strike","floor":16.0},{"not_picked":["Leap","Streamline"],"picked":"Force Field","floor":18.0},{"not_picked":["Rebound","Turbo+1"],"picked":"FTL","floor":21.0},{"not_picked":["Gash","Beam Cell"],"picked":"Reinforced Body","floor":22.0},{"not_picked":["Sweeping Beam","Beam Cell"],"picked":"Leap","floor":23.0},{"not_picked":["Beam Cell","Rip and Tear","Streamline"],"picked":"SKIP","floor":25.0},{"not_picked":["Meteor Strike","Recycle"],"picked":"Coolheaded","floor":27.0},{"not_picked":["Compile Driver","Rebound"],"picked":"Ball Lightning","floor":28.0},{"not_picked":["Skim","Steam"],"picked":"Tempest","floor":30.0},{"not_picked":["Conserve Battery","Aggregate"],"picked":"Heatsinks","floor":31.0},{"not_picked":["Fusion+1","Recycle"],"picked":"Conserve Battery+1","floor":32.0}],"player_experience":1933140,"relics_obtained":[{"floor":6.0,"key":"Dream Catcher"},{"floor":8.0,"key":"Mercury Hourglass"},{"floor":9.0,"key":"Bag of Preparation"},{"floor":26.0,"key":"Juzu Bracelet"}],"event_choices":[{"damage_healed":0.0,"max_hp_gain":0.0,"max_hp_loss":0.0,"gold_gain":0.0,"cards_transformed":["Strike_B"],"event_name":"Transmorgrifier","player_choice":"Transformed","floor":2.0,"gold_loss":0.0,"damage_taken":0.0,"cards_obtained":["Electrodynamics"]},{"cards_removed":["Strike_B"],"damage_healed":0.0,"max_hp_gain":0.0,"max_hp_loss":0.0,"gold_gain":0.0,"event_name":"The Cleric","player_choice":"Card Removal","floor":4.0,"gold_loss":75.0,"damage_taken":0.0},{"damage_healed":0.0,"max_hp_gain":0.0,"max_hp_loss":0.0,"gold_gain":0.0,"event_name":"The Library","player_choice":"Read","floor":19.0,"gold_loss":0.0,"damage_taken":0.0,"cards_obtained":["Static Discharge"]},{"damage_healed":0.0,"max_hp_gain":0.0,"max_hp_loss":0.0,"gold_gain":0.0,"event_name":"The Mausoleum","player_choice":"Opened","floor":20.0,"gold_loss":0.0,"damage_taken":0.0,"relics_obtained":["Matryoshka"],"cards_obtained":["Writhe"]},{"damage_healed":0.0,"max_hp_gain":0.0,"max_hp_loss":0.0,"gold_gain":0.0,"event_name":"The Woman in Blue","player_choice":"Bought 1 Potion","floor":24.0,"gold_loss":0.0,"damage_taken":0.0}],"is_beta":false,"boss_relics":[{"not_picked":["Eternal Feather","Runic Dome"],"picked":"Fusion Hammer"}],"items_purged_floors":[],"is_endless":false,"potions_floor_spawned":[1,3,6,16,21,25,31],"killed_by":"Champ","ascension_level":18}