{"gold_per_floor":[113,131,10,0,0,27,27,54,81,81,98,98,113,123,123,222,222,239,239,253,253,15,15],"floor_reached":23,"playtime":1104,"items_purged":["Defend_R"],"score":236,"play_id":"1d709dbf-d207-4b1b-b472-1b539a04fe8e","local_time":"20180703221352","is_ascension_mode":true,"campfire_choices":[{"data":"Shrug It Off","floor":7,"key":"SMITH"},{"data":"Perfected Strike","floor":15,"key":"SMITH"}],"neow_cost":"NONE","seed_source_timestamp":3964139600778,"circlet_count":0,"master_deck":["Strike_R+1","Strike_R+1","Strike_R+1","Strike_R+1","Strike_R+1","Defend_R+1","Defend_R+1","Bash","Perfected Strike+1","Rage","Shrug It Off+1","Impervious","Carnage","Thunderclap","Perfected Strike+1","Double Tap","Shrug It Off"],"relics":["Burning Blood","Thread and Needle","Odd Mushroom","Regal Pillow","Philosopher\u0027s Stone","Shuriken"],"potions_floor_usage":[16,16,16,23],"damage_taken":[{"damage":3,"enemies":"Jaw Worm","floor":1,"turns":4},{"damage":0,"enemies":"2 Louse","floor":2,"turns":2},{"damage":11,"enemies":"3 Sentries","floor":6,"turns":8},{"damage":14,"floor":8,"turns":5},{"damage":0,"enemies":"Cultist","floor":11,"turns":2},{"damage":0,"enemies":"2 Fungi Beasts","floor":13,"turns":3},{"damage":0,"enemies":"Exordium Wildlife","floor":14,"turns":3},{"damage":40,"enemies":"Hexaghost","floor":16,"turns":10},{"damage":13,"enemies":"2 Thieves","floor":18,"turns":4},{"damage":52,"enemies":"3 Byrds","floor":20,"turns":5},{"damage":11,"enemies":"Gremlin Leader","floor":23,"turns":3}],"seed_played":"-5209770281366779389","potions_obtained":[{"floor":6,"key":"Strength Potion"},{"floor":11,"key":"SkillPotion"},{"floor":14,"key":"Weak Potion"},{"floor":20,"key":"EssenceOfSteel"}],"is_trial":false,"path_per_floor":["M","M","$","?","?","E","R","?","T","$","M","?","M","M","R","B",null,"M","?","M","?","$"],"character_chosen":"IRONCLAD","items_purchased":["Shrug It Off","Shuriken"],"campfire_rested":0,"item_purchase_floors":[3,22],"current_hp_per_floor":[80,80,80,80,80,75,75,67,67,67,73,66,72,78,78,44,71,64,56,10,10,10,0],"gold":15,"neow_bonus":"THREE_CARDS","is_prod":false,"is_daily":false,"chose_seed":false,"campfire_upgraded":2,"win_rate":0,"timestamp":1530670432,"path_taken":["M","M","$","?","?","E","R","?","T","?","?","?","M","M","R","BOSS","M","?","?","?","$","E"],"build_version":"2018-06-28","purchased_purges":1,"victory":false,"max_hp_per_floor":[80,80,80,80,80,80,80,80,80,80,80,80,80,80,80,80,80,80,80,80,80,80,80],"card_choices":[{"not_picked":["True Grit","Wild Strike"],"picked":"Perfected Strike","floor":0},{"not_picked":["Anger","Havoc","Heavy Blade"],"picked":"SKIP","floor":1},{"not_picked":["Bloodletting","Wild Strike"],"picked":"Rage","floor":2},{"not_picked":["Disarm","Demon Form"],"picked":"Impervious","floor":6},{"not_picked":["Evolve","Dropkick"],"picked":"Carnage","floor":8},{"not_picked":["Feel No Pain","Infernal Blade","Havoc"],"picked":"SKIP","floor":11},{"not_picked":["Iron Wave","Sword Boomerang"],"picked":"Thunderclap","floor":13},{"not_picked":["Disarm","Metallicize"],"picked":"Perfected Strike","floor":14},{"not_picked":["Juggernaut","Feed"],"picked":"Double Tap","floor":16},{"not_picked":["Anger","Disarm"],"picked":"Shrug It Off","floor":18},{"not_picked":["Evolve","Body Slam+1","Whirlwind+1"],"picked":"SKIP","floor":20}],"player_experience":945278,"relics_obtained":[{"floor":6,"key":"Thread and Needle"},{"floor":8,"key":"Odd Mushroom"},{"floor":9,"key":"Regal Pillow"}],"event_choices":[{"event_name":"World of Goop","player_choice":"Left","floor":4,"damage_taken":0},{"event_name":"Living Wall","player_choice":"Grow","floor":5,"damage_taken":0},{"event_name":"Mushrooms","player_choice":"Fought Mushrooms","floor":8,"damage_taken":0},{"event_name":"Golden Wing","player_choice":"Card Removal","floor":12,"damage_taken":0},{"event_name":"Wheel of Change","player_choice":"Damage","floor":19,"damage_taken":0},{"event_name":"Back to Basics","player_choice":"Simplicity","floor":21,"damage_taken":0}],"boss_relics":[{"not_picked":["Black Star","Coffee Dripper"],"picked":"Philosopher\u0027s Stone"}],"items_purged_floors":[3],"is_endless":false,"potions_floor_spawned":[6,11,13,14,20],"killed_by":"Gremlin Leader","ascension_level":5}