{"gold_per_floor":[218,228,243,257,182,182,257,287,310,310,325,53,84,101,101,199,199,217,144,158,83,103,103,103],"floor_reached":24,"playtime":1133,"items_purged":["Strike_B","Defend_B","Defend_B"],"score":256,"play_id":"13a03ade-4073-4bdb-be29-672d528eb372","local_time":"20190212141820","is_ascension_mode":true,"campfire_choices":[{"data":"Zap","floor":6,"key":"SMITH"},{"data":"Coolheaded","floor":10,"key":"SMITH"},{"floor":15,"key":"REST"},{"data":"Creative AI","floor":23,"key":"SMITH"}],"neow_cost":"NONE","seed_source_timestamp":3905393409863,"circlet_count":0,"master_deck":["Strike_B","Strike_B","Defend_B","Defend_B","Zap+1","Dualcast","Cold Snap","Compile Driver","Rebound","Chill","Coolheaded+1","Reprogram","Electrodynamics","Creative AI+1","Turbo+1","Turbo"],"relics":["Cracked Core","Smiling Mask","DataDisk","Art of War","Sozu"],"potions_floor_usage":[],"damage_taken":[{"damage":0,"enemies":"2 Louse","floor":1,"turns":2},{"damage":0,"enemies":"Small Slimes","floor":2,"turns":2},{"damage":0,"enemies":"Jaw Worm","floor":3,"turns":3},{"damage":9,"enemies":"3 Louse","floor":4,"turns":3},{"damage":24,"enemies":"Gremlin Nob","floor":8,"turns":4},{"damage":7,"enemies":"Lots of Slimes","floor":11,"turns":4},{"damage":0,"enemies":"3 Sentries","floor":13,"turns":7},{"damage":2,"enemies":"Gremlin Gang","floor":14,"turns":3},{"damage":29,"enemies":"Hexaghost","floor":16,"turns":12},{"damage":13,"enemies":"Shell Parasite","floor":18,"turns":8},{"damage":8,"enemies":"2 Thieves","floor":20,"turns":3},{"damage":23,"enemies":"3 Cultists","floor":22,"turns":5},{"damage":42,"enemies":"Book of Stabbing","floor":24,"turns":4}],"seed_played":"-1456452791106065312","potions_obtained":[{"floor":4,"key":"Energy Potion"},{"floor":11,"key":"Fire Potion"},{"floor":14,"key":"SneckoOil"},{"floor":16,"key":"LiquidBronze"}],"is_trial":false,"path_per_floor":["M","M","M","M","$","R","?","E","T","R","M","$","E","M","R","B",null,"M","$","M","?","M","R","E"],"character_chosen":"DEFECT","items_purchased":["DataDisk","Reprogram","Turbo"],"campfire_rested":1,"item_purchase_floors":[12,12,19],"current_hp_per_floor":[75,75,75,66,66,66,55,31,31,31,24,24,24,22,44,15,75,62,62,54,54,31,31,0],"gold":103,"neow_bonus":"HUNDRED_GOLD","is_prod":false,"is_daily":false,"chose_seed":false,"campfire_upgraded":3,"win_rate":0,"timestamp":1549977500,"path_taken":["M","M","M","M","$","R","?","E","T","R","M","$","E","M","R","BOSS","M","$","M","?","M","R","E"],"build_version":"2019-01-23","purchased_purges":3,"victory":false,"max_hp_per_floor":[75,75,75,75,75,75,75,75,75,75,75,75,75,75,75,75,75,75,75,75,75,75,75,75],"card_choices":[{"not_picked":["Ball Lightning","Coolheaded"],"picked":"Cold Snap","floor":1},{"not_picked":["Streamline","Redo"],"picked":"Compile Driver","floor":2},{"not_picked":["Barrage","Hello World"],"picked":"Rebound","floor":3},{"not_picked":["Skim","Beam Cell"],"picked":"Chill","floor":4},{"not_picked":["Gash","Chaos"],"picked":"Coolheaded","floor":8},{"not_picked":["Steam","Skim","Streamline"],"picked":"SKIP","floor":11},{"not_picked":["Beam Cell","Echo Form"],"picked":"Electrodynamics","floor":13},{"not_picked":["Stack","Self Repair","Hologram"],"picked":"SKIP","floor":14},{"not_picked":["Buffer","Amplify"],"picked":"Creative AI","floor":16},{"not_picked":["Coolheaded","Sunder"],"picked":"Turbo+1","floor":18},{"not_picked":["Leap+1","Gash","FTL"],"picked":"SKIP","floor":20},{"not_picked":["Steam","FTL","Rebound"],"picked":"SKIP","floor":22}],"player_experience":63677,"relics_obtained":[{"floor":8,"key":"Smiling Mask"},{"floor":13,"key":"Art of War"}],"event_choices":[{"damage_healed":0,"gold_gain":75,"player_choice":"Gather Gold","damage_taken":11,"max_hp_gain":0,"max_hp_loss":0,"event_name":"World of Goop","floor":7,"gold_loss":0},{"cards_removed":["Strike_B"],"damage_healed":0,"gold_gain":0,"player_choice":"Gave Gold","damage_taken":0,"max_hp_gain":0,"max_hp_loss":0,"event_name":"Beggar","floor":21,"gold_loss":75}],"is_beta":false,"boss_relics":[{"not_picked":["Calling Bell","Ectoplasm"],"picked":"Sozu"}],"items_purged_floors":[5,12,19],"is_endless":false,"potions_floor_spawned":[4,11,14,16,22],"killed_by":"Book of Stabbing","ascension_level":2}