{"gold_per_floor":[11,34,45,56,56,56,56,56,56,79,95,170,17,192,192,192],"floor_reached":16,"playtime":512,"items_purged":[],"score":117,"play_id":"d70d041e-6bc8-4724-b6ff-5b0c19a27345","local_time":"20180714204608","is_ascension_mode":true,"campfire_choices":[{"data":"Whirlwind","floor":6,"key":"SMITH"},{"data":"Flame Barrier","floor":8,"key":"SMITH"},{"floor":15,"key":"REST"}],"neow_cost":"NO_GOLD","seed_source_timestamp":79564061528274,"circlet_count":0,"master_deck":["Strike_R","Strike_R","Strike_R","Strike_R","Strike_R","Defend_R","Defend_R","Defend_R","Defend_R","Bash","Whirlwind+1","Sword Boomerang","Flame Barrier+1","Pummel","Flex","Reaper"],"relics":["Burning Blood","Charon\u0027s Ashes","Bag of Marbles","Golden Idol","Omamori"],"potions_floor_usage":[11,16],"damage_taken":[{"damage":1,"enemies":"Cultist","floor":1,"turns":4},{"damage":12,"enemies":"Small Slimes","floor":3,"turns":2},{"damage":0,"enemies":"2 Louse","floor":4,"turns":1},{"damage":13,"enemies":"Blue Slaver","floor":10,"turns":2},{"damage":3,"enemies":"2 Fungi Beasts","floor":11,"turns":2},{"damage":74,"enemies":"Hexaghost","floor":16,"turns":9}],"seed_played":"-3787685446938109948","potions_obtained":[{"floor":1,"key":"PowerPotion"},{"floor":10,"key":"EssenceOfSteel"}],"is_trial":false,"path_per_floor":["M","T","M","M","$","R","?","R","T","M","M","?","$","?","R"],"character_chosen":"IRONCLAD","items_purchased":["Reaper"],"campfire_rested":1,"item_purchase_floors":[13],"current_hp_per_floor":[77,77,71,77,77,77,57,57,57,50,53,42,42,42,66,0],"gold":192,"neow_bonus":"ONE_RARE_RELIC","is_prod":false,"is_daily":false,"chose_seed":false,"campfire_upgraded":2,"win_rate":0,"timestamp":1531615568,"path_taken":["M","?","M","M","$","R","?","R","T","M","M","?","$","?","R","BOSS"],"build_version":"2018-07-12","purchased_purges":0,"victory":false,"max_hp_per_floor":[80,80,80,80,80,80,80,80,80,80,80,80,80,80,80,80],"card_choices":[{"not_picked":["Rupture","Pommel Strike"],"picked":"Whirlwind","floor":1},{"not_picked":["Sentinel","Wild Strike"],"picked":"Sword Boomerang","floor":3},{"not_picked":["Warcry","Heavy Blade"],"picked":"Flame Barrier","floor":4},{"not_picked":["Ghostly Armor","Perfected Strike"],"picked":"Pummel","floor":10},{"not_picked":["Shrug It Off","Pommel Strike"],"picked":"Flex","floor":11}],"player_experience":1102660,"relics_obtained":[{"floor":2,"key":"Bag of Marbles"},{"floor":9,"key":"Omamori"}],"event_choices":[{"event_name":"Golden Idol","player_choice":"Take Damage","floor":7,"damage_taken":0},{"event_name":"World of Goop","player_choice":"Gather Gold","floor":12,"damage_taken":0},{"event_name":"Liars Game","player_choice":"agreed","floor":14,"damage_taken":0}],"boss_relics":[],"items_purged_floors":[],"is_endless":false,"potions_floor_spawned":[1,10],"killed_by":"Hexaghost","ascension_level":6}