{"gold_per_floor":[110,128,128,144,144,144,319,319,319,319,319,334,334,91,91,194,194,212,212,212,225,150,150,1,1,53,81,93,93,107,107,107,107],"floor_reached":33,"playtime":1501,"items_purged":[],"score":351,"play_id":"9abcaf9c-e96b-4872-9f30-0d418cc39d85","local_time":"20190116224704","is_ascension_mode":false,"campfire_choices":[{"data":"Corruption","floor":6,"key":"SMITH"},{"data":"Shockwave","floor":8,"key":"SMITH"},{"floor":11,"key":"REST"},{"data":"Inflame","floor":15,"key":"SMITH"},{"floor":23,"key":"REST"},{"data":"Offering","floor":25,"key":"SMITH"},{"data":"Spot Weakness","floor":32,"key":"SMITH"}],"neow_cost":"PERCENT_DAMAGE","seed_source_timestamp":18863408105128,"circlet_count":0,"master_deck":["Strike_R","Strike_R","Strike_R","Defend_R","Defend_R","Defend_R","Defend_R+1","Bash","Iron Wave+1","Shockwave+1","Corruption+1","Doubt","Inflame+1","Decay","Spot Weakness+1","Offering+1","Backflip","Necronomicurse","Reaper","Leap","Exhume","Prepared+1","Outmaneuver","Writhe"],"special_seed":0,"relics":["Burning Blood","Du-Vu Doll","PrismaticShard","Philosopher\u0027s Stone","Necronomicon","Blood Vial","Orichalcum","Red Skull","MutagenicStrength","Matryoshka"],"potions_floor_usage":[16,16,27,33],"damage_taken":[{"damage":6,"enemies":"Cultist","floor":1,"turns":3},{"damage":9,"enemies":"2 Louse","floor":2,"turns":3},{"damage":2,"enemies":"Small Slimes","floor":4,"turns":4},{"damage":8,"enemies":"Red Slaver","floor":12,"turns":5},{"damage":19,"enemies":"Slime Boss","floor":16,"turns":11},{"damage":51,"enemies":"3 Byrds","floor":18,"turns":5},{"damage":24,"enemies":"Shell Parasite","floor":21,"turns":3},{"damage":29,"enemies":"Book of Stabbing","floor":27,"turns":5},{"damage":20,"enemies":"Snake Plant","floor":28,"turns":4},{"damage":18,"enemies":"Sentry and Sphere","floor":30,"turns":3},{"damage":111,"enemies":"Champ","floor":33,"turns":9}],"seed_played":"6120982172613268910","potions_obtained":[{"floor":1,"key":"PowerPotion"},{"floor":12,"key":"Block Potion"},{"floor":21,"key":"GamblersBrew"},{"floor":27,"key":"SteroidPotion"}],"is_trial":false,"path_per_floor":["M","M","?","M","?","R","?","R","T","$","R","M","?","$","R","B",null,"M","?","?","M","?","R","$","R","T","E","M","?","M","?","R","B"],"character_chosen":"IRONCLAD","items_purchased":["Spot Weakness","PrismaticShard","Blood Vial"],"campfire_rested":2,"item_purchase_floors":[14,14,24],"current_hp_per_floor":[56,53,46,50,34,34,34,34,34,34,58,56,56,56,56,43,80,35,19,19,13,13,37,37,37,37,46,56,56,68,68,68,0],"gold":107,"neow_bonus":"ONE_RARE_RELIC","is_prod":false,"is_daily":false,"chose_seed":false,"campfire_upgraded":5,"win_rate":0,"timestamp":1547641024,"path_taken":["M","?","?","M","?","R","?","R","T","$","R","M","?","$","R","BOSS","M","?","?","?","?","R","$","R","T","E","M","?","M","?","R","BOSS"],"build_version":"2019-01-10","purchased_purges":0,"victory":false,"max_hp_per_floor":[80,80,80,80,80,80,80,80,80,80,80,80,80,80,80,80,80,80,80,80,80,80,80,80,80,80,80,80,80,80,80,80,80],"card_choices":[{"not_picked":["Feel No Pain","Thunderclap"],"picked":"Iron Wave","floor":1},{"not_picked":["Searing Blow","Carnage"],"picked":"Shockwave","floor":2},{"not_picked":["Sentinel","Armaments"],"picked":"Corruption","floor":4},{"not_picked":["Reckless Charge","Wild Strike"],"picked":"Inflame","floor":12},{"not_picked":["Unload","Machine Learning"],"picked":"Offering","floor":16},{"not_picked":["Riddle With Holes","Fusion"],"picked":"Backflip","floor":18},{"not_picked":["Fire Breathing","Anger"],"picked":"Leap","floor":21},{"not_picked":["Distraction","Enlightenment"],"picked":"Exhume","floor":27},{"not_picked":["Well Laid Plans","Deep Breath"],"picked":"Prepared+1","floor":28},{"not_picked":["Streamline","Undo"],"picked":"Outmaneuver","floor":30}],"player_experience":452627,"relics_obtained":[{"floor":19,"key":"Necronomicon"},{"floor":26,"key":"Orichalcum"},{"floor":27,"key":"Red Skull"}],"event_choices":[{"cards_removed":["Strike_R"],"damage_healed":0,"gold_gain":0,"player_choice":"Card Removal","damage_taken":7,"max_hp_gain":0,"max_hp_loss":0,"event_name":"Golden Wing","floor":3,"gold_loss":0},{"damage_healed":0,"gold_gain":0,"player_choice":"Entered Light","damage_taken":16,"max_hp_gain":0,"max_hp_loss":0,"event_name":"Shining Light","floor":5,"gold_loss":0,"cards_upgraded":["Iron Wave","Defend_R"]},{"damage_healed":0,"gold_gain":175,"player_choice":"AGREE","damage_taken":0,"max_hp_gain":0,"max_hp_loss":0,"event_name":"Liars Game","floor":7,"gold_loss":0,"cards_obtained":["Doubt"]},{"damage_healed":0,"gold_gain":0,"player_choice":"Cursed","damage_taken":0,"max_hp_gain":0,"max_hp_loss":0,"event_name":"Wheel of Change","floor":13,"gold_loss":0,"cards_obtained":["Decay"]},{"damage_healed":0,"gold_gain":0,"player_choice":"Obtained Book","damage_taken":16,"max_hp_gain":0,"max_hp_loss":0,"event_name":"Cursed Tome","floor":19,"gold_loss":0},{"damage_healed":0,"gold_gain":0,"player_choice":"1 cards matched","damage_taken":0,"max_hp_gain":0,"max_hp_loss":0,"event_name":"Match and Keep!","floor":20,"gold_loss":0,"cards_obtained":["Reaper"]},{"cards_removed":["Strike_R"],"damage_healed":0,"gold_gain":0,"player_choice":"Gave Gold","damage_taken":0,"max_hp_gain":0,"max_hp_loss":0,"event_name":"Beggar","floor":22,"gold_loss":75},{"damage_healed":0,"gold_gain":0,"player_choice":"Inject Mutagens","damage_taken":0,"relics_obtained":["MutagenicStrength"],"max_hp_gain":0,"max_hp_loss":0,"event_name":"Drug Dealer","floor":29,"gold_loss":0},{"damage_healed":0,"gold_gain":0,"player_choice":"Opened","damage_taken":0,"relics_obtained":["Matryoshka"],"max_hp_gain":0,"max_hp_loss":0,"event_name":"The Mausoleum","floor":31,"gold_loss":0,"cards_obtained":["Writhe"]}],"is_beta":false,"boss_relics":[{"not_picked":["Coffee Dripper","Eternal Feather"],"picked":"Philosopher\u0027s Stone"}],"items_purged_floors":[],"is_endless":false,"potions_floor_spawned":[1,12,21,27],"killed_by":"Champ","ascension_level":0}