{"path_per_floor":["M","M","?","?","$","E","$","M","T","?","M","R","M","M","R","B",null,"M","?","$","M","M","R","M","R","T","?","R","$","R","$","R"],"character_chosen":"IRONCLAD","items_purchased":["Combust","Good Instincts"],"gold_per_floor":[209,223,223,223,148,173,4,17,40,5,20,20,37,49,49,146,146,157,192,67,80,91,91,101,101,101,101,101,8,8,8,8,8],"floor_reached":33,"campfire_rested":2,"playtime":2784,"item_purchase_floors":[7,29],"current_hp_per_floor":[80,80,73,73,73,43,43,46,46,66,72,72,77,80,80,46,80,73,56,56,38,31,55,51,75,75,56,56,56,56,56,56,0],"items_purged":["Strike_R","Strike_R","Strike_R"],"gold":8,"score":270,"play_id":"b28dae99-f5b0-4b36-9550-a0702b14bf9c","local_time":"20180623214023","is_prod":false,"is_daily":false,"chose_seed":false,"is_ascension_mode":false,"campfire_upgraded":5,"win_rate":0.0,"timestamp":1529808023,"campfire_choices":[{"data":"Armaments","floor":12,"key":"SMITH"},{"data":"Combust","floor":15,"key":"SMITH"},{"floor":23,"key":"REST"},{"floor":25,"key":"REST"},{"data":"Seeing Red","floor":28,"key":"SMITH"},{"data":"Brutality","floor":30,"key":"SMITH"},{"data":"Anger","floor":32,"key":"SMITH"}],"path_taken":["M","M","?","?","$","E","$","M","T","?","?","R","M","?","R","BOSS","M","?","?","M","M","R","M","R","T","?","R","$","R","$","R","BOSS"],"build_version":"2018-06-21","seed_source_timestamp":375357529334014,"purchased_purges":3,"circlet_count":0,"victory":false,"master_deck":["Defend_R","Defend_R","Defend_R","Defend_R","Bash","Anger+1","Cleave","Armaments+1","Combust+1","Shrug It Off","Fire Breathing","Rupture","Brutality+1","Pommel Strike","Rampage+1","Pummel","Armaments+1","Seeing Red+1","Bite","Bite","Bite","Bite","Bite","Good Instincts"],"max_hp_per_floor":[80,80,80,80,80,80,80,80,80,80,80,80,80,80,80,80,80,80,80,80,80,80,80,80,80,80,56,56,56,56,56,56,56],"relics":["Burning Blood","Vajra","Anchor","Runic Pyramid","Red Mask","Bronze Scales"],"card_choices":[{"not_picked":["Clash","Reckless Charge"],"picked":"Anger","floor":1},{"not_picked":["Perfected Strike","Inflame"],"picked":"Cleave","floor":2},{"not_picked":["Sword Boomerang","Thunderclap"],"picked":"Armaments","floor":6},{"not_picked":["Iron Wave","Power Through"],"picked":"Shrug It Off","floor":8},{"not_picked":["Clash","Perfected Strike","Entrench"],"picked":"SKIP","floor":11},{"not_picked":["Seeing Red","Body Slam"],"picked":"Fire Breathing","floor":13},{"not_picked":["Flame Barrier","Sword Boomerang"],"picked":"Rupture","floor":14},{"not_picked":["Barricade","Limit Break"],"picked":"Brutality","floor":16},{"not_picked":["Hemokinesis","Whirlwind"],"picked":"Pommel Strike","floor":18},{"not_picked":["Hemokinesis","Disarm"],"picked":"Rampage+1","floor":19},{"not_picked":["Dual Wield+1","Shockwave"],"picked":"Pummel","floor":21},{"not_picked":["True Grit","Perfected Strike+1"],"picked":"Armaments+1","floor":22},{"not_picked":["Dual Wield","Ghostly Armor"],"picked":"Seeing Red","floor":24}],"player_experience":22981,"potions_floor_usage":[],"damage_taken":[{"damage":0,"enemies":"Small Slimes","floor":1,"turns":4},{"damage":1,"enemies":"Cultist","floor":2,"turns":3},{"damage":36,"enemies":"Lagavulin","floor":6,"turns":7},{"damage":3,"enemies":"Jaw Worm","floor":8,"turns":3},{"damage":0,"enemies":"Looter","floor":11,"turns":3},{"damage":1,"enemies":"2 Fungi Beasts","floor":13,"turns":2},{"damage":1,"enemies":"Lots of Slimes","floor":14,"turns":2},{"damage":40,"enemies":"Hexaghost","floor":16,"turns":8},{"damage":13,"enemies":"2 Thieves","floor":18,"turns":3},{"damage":23,"floor":19,"turns":4},{"damage":24,"enemies":"3 Byrds","floor":21,"turns":4},{"damage":13,"enemies":"Snecko","floor":22,"turns":5},{"damage":10,"enemies":"Snake Plant","floor":24,"turns":5},{"damage":78,"enemies":"Collector","floor":33,"turns":7}],"relics_obtained":[{"floor":6,"key":"Vajra"},{"floor":9,"key":"Anchor"},{"floor":19,"key":"Red Mask"},{"floor":26,"key":"Bronze Scales"}],"event_choices":[{"event_name":"Golden Wing","player_choice":"Card Removal","floor":3,"damage_taken":0},{"event_name":"Living Wall","player_choice":"Forget","floor":4,"damage_taken":0},{"event_name":"The Cleric","player_choice":"Healed","floor":10,"damage_taken":0},{"event_name":"Masked Bandits","player_choice":"Fought over 157 gold","floor":19,"damage_taken":0},{"event_name":"Vampires","player_choice":"Became a vampire","floor":27,"damage_taken":0}],"boss_relics":[{"not_picked":["Velvet Choker","Eternal Feather"],"picked":"Runic Pyramid"}],"items_purged_floors":[5,7,20],"is_endless":false,"potions_floor_spawned":[2,13,14,16,18,24],"seed_played":"-6333608327081954730","killed_by":"Collector","ascension_level":0,"potions_obtained":[{"floor":2,"key":"GamblersBrew"},{"floor":13,"key":"SkillPotion"},{"floor":14,"key":"Dexterity Potion"},{"floor":16,"key":"Swift Potion"},{"floor":24,"key":"Poison Potion"}],"is_trial":false}