{"gold_per_floor":[110,185,135,148,168,168,196,18,18,30,45,61,61,61],"floor_reached":14,"playtime":1110,"items_purged":["Strike_B"],"score":97,"play_id":"04667f7e-c35c-4c73-8715-7c792e983b3a","local_time":"20180710212354","is_ascension_mode":true,"campfire_choices":[{"data":"Recycle","floor":6,"key":"SMITH"},{"floor":13,"key":"REST"}],"neow_cost":"","seed_source_timestamp":36420851663206,"circlet_count":0,"master_deck":["Strike_B","Strike_B","Defend_B","Defend_B","Defend_B","Defend_B","Zap","Dualcast","Recycle+1","Redo","Redo","Hologram","Dramatic Entrance","Gash","Streamline","Rainbow","Sweeping Beam","Genetic Algorithm","Gash"],"relics":["Cracked Core","Pear","Prayer Wheel"],"potions_floor_usage":[7,7,10],"damage_taken":[{"damage":5,"enemies":"Jaw Worm","floor":1,"turns":4},{"damage":11,"enemies":"2 Louse","floor":4,"turns":3},{"damage":10,"enemies":"Small Slimes","floor":5,"turns":5},{"damage":25,"enemies":"3 Sentries","floor":7,"turns":9},{"damage":10,"enemies":"Exordium Wildlife","floor":10,"turns":4},{"damage":0,"enemies":"2 Fungi Beasts","floor":11,"turns":2},{"damage":9,"enemies":"Exordium Thugs","floor":12,"turns":3},{"damage":38,"enemies":"Gremlin Nob","floor":14,"turns":3}],"seed_played":"324626805073851255","potions_obtained":[{"floor":1,"key":"LiquidBronze"},{"floor":5,"key":"SkillPotion"},{"floor":7,"key":"AttackPotion"}],"is_trial":false,"path_per_floor":["M","?","?","M","M","R","E","$","T","M","M","M","R"],"character_chosen":"DEFECT","items_purchased":["Dramatic Entrance"],"campfire_rested":1,"item_purchase_floors":[8],"current_hp_per_floor":[70,59,59,48,38,38,23,23,23,13,13,4,29,0],"gold":61,"neow_bonus":"","is_prod":false,"is_daily":false,"chose_seed":false,"campfire_upgraded":1,"win_rate":0,"timestamp":1531223634,"path_taken":["M","?","?","M","M","R","E","$","T","M","M","?","R","E"],"build_version":"2018-07-05","purchased_purges":1,"victory":false,"max_hp_per_floor":[75,75,75,75,75,75,85,85,85,85,85,85,85,85],"card_choices":[{"not_picked":["Conserve Battery","Barrage"],"picked":"Recycle","floor":1},{"not_picked":["Reprogram","Rip and Tear"],"picked":"Redo","floor":4},{"not_picked":["Turbo","Force Field"],"picked":"Redo","floor":5},{"not_picked":["Amplify","Cold Snap"],"picked":"Hologram","floor":7},{"not_picked":["Doom and Gloom","Compile Driver"],"picked":"Gash","floor":10},{"not_picked":["Turbo","White Noise"],"picked":"Streamline","floor":10},{"not_picked":["Streamline","Ball Lightning"],"picked":"Rainbow","floor":11},{"not_picked":["Turbo","Cold Snap"],"picked":"Sweeping Beam","floor":11},{"not_picked":["Conserve Battery","Coolheaded"],"picked":"Genetic Algorithm","floor":12},{"not_picked":["Go for the Eyes","Chaos"],"picked":"Gash","floor":12}],"player_experience":69761,"relics_obtained":[{"floor":7,"key":"Pear"},{"floor":9,"key":"Prayer Wheel"}],"event_choices":[{"event_name":"World of Goop","player_choice":"Gather Gold","floor":2,"damage_taken":0},{"event_name":"The Cleric","player_choice":"Card Removal","floor":3,"damage_taken":0}],"boss_relics":[],"items_purged_floors":[8],"is_endless":false,"potions_floor_spawned":[1,5,7],"killed_by":"Gremlin Nob","ascension_level":1}