{"path_per_floor":["M","?","?","$","M","R","?","?","T","?","M","M","$","E","R","B",null,"M","$","?","$","M","R","?","M","T","R","$","?","R","M","R","B",null,"M","?","M","?","$","R","?","M","T","R","M","$","R","$","R"],"character_chosen":"IRONCLAD","items_purchased":["Heavy Blade","Wild Strike","Shrug It Off+1","Flash of Steel","Havoc+1","Shrug It Off+1","Fiend Fire","Limit Break+1","Bandage Up+1"],"gold_per_floor":[109,187,187,39,51,51,151,181,181,256,266,281,35,63,63,165,165,177,78,78,6,26,26,0,13,13,13,13,13,13,31,31,127,127,145,145,163,163,6,6,6,26,98,98,118,14,14,14,14,14],"floor_reached":50,"campfire_rested":7,"playtime":1997,"item_purchase_floors":[4,4,13,13,19,19,21,39,46],"current_hp_per_floor":[80,80,80,80,80,80,80,80,80,69,75,59,59,46,70,35,80,76,76,76,76,66,66,66,48,48,72,72,66,80,53,77,46,80,48,38,16,85,85,85,61,30,30,69,31,31,70,70,99,0],"items_purged":["Strike_R","Defend_R"],"gold":14,"score":634,"play_id":"92b51f13-2b8e-4e12-918e-05fd196d0189","local_time":"20180622225746","is_prod":false,"is_daily":false,"chose_seed":false,"is_ascension_mode":false,"campfire_upgraded":2,"win_rate":0,"timestamp":1529726266,"campfire_choices":[{"data":"Inflame","floor":6,"key":"SMITH"},{"floor":15,"key":"REST"},{"data":"Dark Embrace","floor":23,"key":"SMITH"},{"floor":27,"key":"REST"},{"floor":30,"key":"REST"},{"floor":32,"key":"REST"},{"floor":40,"key":"DIG"},{"floor":44,"key":"REST"},{"floor":47,"key":"REST"},{"floor":49,"key":"REST"}],"path_taken":["M","?","?","$","?","R","?","?","T","?","M","?","$","E","R","BOSS","M","$","?","$","M","R","?","M","T","R","$","?","R","?","R","BOSS","M","?","M","?","$","R","?","?","T","R","M","?","R","$","R","BOSS"],"build_version":"2018-06-21","seed_source_timestamp":81672725083680,"purchased_purges":2,"circlet_count":0,"victory":false,"master_deck":["Strike_R","Strike_R","Strike_R","Defend_R","Defend_R","Defend_R","Bash+1","Inflame+1","Heavy Blade","Wild Strike","Thunderclap","Flex+1","Shrug It Off+1","Flash of Steel","Sever Soul","Dark Embrace+1","Sever Soul","Havoc+1","Shrug It Off+1","Writhe","Fiend Fire","True Grit+1","RitualDagger","Demon Form","Madness+1","Madness+1","Limit Break+1","Carnage+1","Bandage Up+1"],"max_hp_per_floor":[80,80,80,80,80,80,80,80,80,80,80,80,80,80,80,80,80,80,80,80,80,80,80,80,80,80,80,80,80,80,80,80,80,80,80,80,85,85,85,85,99,99,99,99,99,99,99,99,99,99],"relics":["Burning Blood","Toxic Egg 2","Letter Opener","Lizard Tail","Bronze Scales","Shovel","Eternal Feather","Mercury Hourglass","Mango","Molten Egg 2"],"card_choices":[{"not_picked":["Clash","Flex"],"picked":"Inflame","floor":1},{"not_picked":["Twin Strike","Burning Pact","Pommel Strike"],"picked":"SKIP","floor":5},{"not_picked":["Heavy Blade","Pommel Strike"],"picked":"Thunderclap","floor":11},{"not_picked":["True Grit+1","Cleave"],"picked":"Flex+1","floor":12},{"not_picked":["Evolve","Warcry+1"],"picked":"Sever Soul","floor":14},{"not_picked":["Fiend Fire","Reaper"],"picked":"Dark Embrace","floor":16},{"not_picked":["Flex+1","Anger"],"picked":"Sever Soul","floor":18},{"not_picked":["Whirlwind","Clothesline"],"picked":"Sentinel+1","floor":22},{"not_picked":["Cleave","Headbutt"],"picked":"True Grit+1","floor":25},{"not_picked":["Flex+1","Searing Blow","Metallicize+1"],"picked":"SKIP","floor":31},{"not_picked":["Immolate","Brutality"],"picked":"Demon Form","floor":33},{"not_picked":["Flex+1","Twin Strike+1","Body Slam"],"picked":"SKIP","floor":35},{"not_picked":["Twin Strike","Dropkick+1","Metallicize"],"picked":"SKIP","floor":37},{"not_picked":["Iron Wave+1","Blood for Blood"],"picked":"Carnage+1","floor":41},{"not_picked":["Perfected Strike","Power Through+1","Body Slam"],"picked":"SKIP","floor":42},{"not_picked":["Headbutt+1","Wild Strike+1","Evolve"],"picked":"SKIP","floor":45}],"player_experience":262130,"potions_floor_usage":[37,37,37,37,42,50],"damage_taken":[{"damage":1,"enemies":"Jaw Worm","floor":1,"turns":3},{"damage":1,"enemies":"Cultist","floor":5,"turns":3},{"damage":0,"enemies":"Small Slimes","floor":11,"turns":3},{"damage":22,"enemies":"Exordium Thugs","floor":12,"turns":5},{"damage":19,"enemies":"3 Sentries","floor":14,"turns":7},{"damage":41,"enemies":"Hexaghost","floor":16,"turns":8},{"damage":10,"enemies":"Spheric Guardian","floor":18,"turns":3},{"damage":16,"enemies":"Chosen","floor":22,"turns":4},{"damage":24,"enemies":"Snake Plant","floor":25,"turns":3},{"damage":33,"enemies":"Centurion and Healer","floor":31,"turns":5},{"damage":120,"enemies":"Automaton","floor":33,"turns":13},{"damage":38,"enemies":"Flame Bruiser 1 Orb","floor":35,"turns":6},{"damage":33,"enemies":"Orb Walker","floor":37,"turns":3},{"damage":44,"floor":41,"turns":6},{"damage":37,"enemies":"3 Darklings","floor":42,"turns":6},{"damage":44,"enemies":"Sphere and 2 Shapes","floor":45,"turns":6},{"damage":101,"enemies":"Time Eater","floor":50,"turns":6}],"relics_obtained":[{"floor":9,"key":"Toxic Egg 2"},{"floor":14,"key":"Letter Opener"},{"floor":26,"key":"Shovel"},{"floor":40,"key":"Mercury Hourglass"},{"floor":41,"key":"Mango"},{"floor":43,"key":"Molten Egg 2"}],"event_choices":[{"event_name":"Golden Wing","player_choice":"Gained Gold","floor":2,"damage_taken":0},{"event_name":"Purifier","player_choice":"One Purge","floor":3,"damage_taken":0},{"event_name":"Golden Shrine","player_choice":"Pray","floor":7,"damage_taken":0},{"event_name":"Dead Adventurer","player_choice":"Searched \u00272\u0027 times","floor":8,"damage_taken":0},{"event_name":"World of Goop","player_choice":"Gather Gold","floor":10,"damage_taken":0},{"event_name":"The Mausoleum","player_choice":"Yes","floor":20,"damage_taken":0},{"event_name":"Masked Bandits","player_choice":"Paid Bandits 26 gold","floor":24,"damage_taken":0},{"event_name":"Nest","player_choice":"Joined the Cult","floor":29,"damage_taken":0},{"event_name":"Winding Halls","player_choice":"Embrace Madness","floor":36,"damage_taken":0},{"event_name":"Bonfire Elementals","player_choice":"UNCOMMON","floor":38,"damage_taken":0},{"event_name":"MindBloom","player_choice":"Fight","floor":41,"damage_taken":0}],"boss_relics":[{"not_picked":["Ectoplasm","Runic Pyramid"],"picked":"Lizard Tail"},{"not_picked":["Coffee Dripper","Runic Dome"],"picked":"Eternal Feather"}],"items_purged_floors":[4,13],"is_endless":false,"potions_floor_spawned":[14,31,33,35,41,45],"seed_played":"8732456522717685031","killed_by":"Time Eater","ascension_level":0,"potions_obtained":[{"floor":14,"key":"Dexterity Potion"},{"floor":31,"key":"EntropicBrew"},{"floor":33,"key":"Fruit Juice"},{"floor":41,"key":"EssenceOfSteel"},{"floor":45,"key":"Swift Potion"}],"is_trial":false}