{"gold_per_floor":[10,28,28,28,48,48,73,73,73,99,99,115,129,148,148,247,247,258,272,30,30,30,58,75,75,98,98,117,152,152,177,177,177],"floor_reached":33,"playtime":2395,"items_purged":[],"score":413,"play_id":"2ed72661-8ecc-4a7b-aea2-a5d28f2f10b3","local_time":"20180627164210","is_ascension_mode":true,"campfire_choices":[{"data":"Flame Barrier","floor":6.0,"key":"SMITH"},{"data":"Armaments","floor":8.0,"key":"SMITH"},{"data":"1","floor":11.0,"key":"LIFT"},{"data":"2","floor":15.0,"key":"LIFT"},{"data":"3","floor":25.0,"key":"LIFT"},{"floor":27.0,"key":"REST"},{"data":"True Grit","floor":32,"key":"SMITH"}],"neow_cost":"","seed_source_timestamp":432615448210019,"circlet_count":0,"master_deck":["Strike_R","Strike_R","Strike_R","Defend_R","Defend_R","Defend_R","Defend_R","Bash+1","Cleave","Armaments+1","Flame Barrier+1","Pummel+1","Flex","Seeing Red","Sword Boomerang","Twin Strike","True Grit+1","Berserk","Bludgeon","Iron Wave+1","Rage+1","Normality"],"special_seed":0,"relics":["Burning Blood","Ice Cream","Bottled Lightning","Girya","Busted Crown","Toxic Egg 2","Bronze Scales","Singing Bowl","Smiling Mask","The Courier","Whetstone"],"potions_floor_usage":[29,33],"damage_taken":[{"damage":9.0,"enemies":"Small Slimes","floor":1.0,"turns":4.0},{"damage":5.0,"enemies":"2 Louse","floor":2.0,"turns":4.0},{"damage":1.0,"enemies":"Jaw Worm","floor":5.0,"turns":6.0},{"damage":30.0,"enemies":"Lagavulin","floor":7.0,"turns":9.0},{"damage":14.0,"enemies":"3 Sentries","floor":10.0,"turns":6.0},{"damage":0.0,"enemies":"Looter","floor":12.0,"turns":2.0},{"damage":5.0,"enemies":"Exordium Wildlife","floor":13.0,"turns":3.0},{"damage":0.0,"enemies":"2 Fungi Beasts","floor":14.0,"turns":3.0},{"damage":68.0,"enemies":"Hexaghost","floor":16.0,"turns":11.0},{"damage":7.0,"enemies":"2 Thieves","floor":18.0,"turns":3.0},{"damage":0.0,"enemies":"3 Byrds","floor":19.0,"turns":2.0},{"damage":27.0,"enemies":"Book of Stabbing","floor":23.0,"turns":5.0},{"damage":5.0,"enemies":"Snecko","floor":24.0,"turns":3.0},{"damage":0,"enemies":"Centurion and Healer","floor":28,"turns":4},{"damage":7,"enemies":"Slavers","floor":29,"turns":4},{"damage":83,"enemies":"Champ","floor":33,"turns":7}],"seed_played":"-3449330706749526946","potions_obtained":[{"floor":1.0,"key":"Regen Potion"},{"floor":10.0,"key":"SkillPotion"},{"floor":12.0,"key":"Regen Potion"},{"floor":16.0,"key":"Explosive Potion"},{"floor":18.0,"key":"Block Potion"},{"floor":23.0,"key":"Energy Potion"},{"floor":29,"key":"BloodPotion"}],"is_trial":false,"path_per_floor":["M","M","?","?","M","R","E","R","T","E","R","M","M","M","R","B",null,"M","M","$","?","?","E","M","R","T","R","M","E","?","T","R"],"character_chosen":"IRONCLAD","items_purchased":["Toxic Egg 2"],"campfire_rested":1,"item_purchase_floors":[],"current_hp_per_floor":[69,70,70,70,75,75,51,51,51,57,57,63,64,70,70,23,66,65,71,71,56,56,35,36,36,36,61,69,70,70,70,70,0],"gold":177,"neow_bonus":"","is_prod":false,"is_daily":false,"chose_seed":false,"campfire_upgraded":3,"win_rate":0,"timestamp":1530110530,"path_taken":["M","M","?","?","M","R","E","R","T","E","R","M","M","M","R","BOSS","M","M","$","?","?","E","M","R","T","R","M","E","?","?","R","BOSS"],"build_version":"2018-06-26","purchased_purges":0,"victory":false,"max_hp_per_floor":[80,80,80,80,80,80,80,80,80,80,80,80,80,80,80,80,80,80,80,80,85,85,85,85,85,85,85,87,89,89,89,89,89],"card_choices":[{"not_picked":["Reckless Charge","Bloodletting"],"picked":"Armaments","floor":1.0},{"not_picked":["Perfected Strike","Twin Strike"],"picked":"Flame Barrier","floor":2.0},{"not_picked":["Searing Blow","Sword Boomerang"],"picked":"Flex","floor":5.0},{"not_picked":["Warcry","Burning Pact"],"picked":"Seeing Red","floor":7.0},{"not_picked":["Flex","Anger"],"picked":"Sword Boomerang","floor":10.0},{"not_picked":["Flex","Anger"],"picked":"Twin Strike","floor":12.0},{"not_picked":["Havoc","Bloodletting"],"picked":"True Grit","floor":13.0},{"not_picked":["Searing Blow","Clash"],"picked":"Berserk","floor":14.0},{"not_picked":["Feed","Impervious"],"picked":"Bludgeon","floor":16.0},{"not_picked":["Hemokinesis+1"],"picked":"SKIP","floor":18.0},{"not_picked":[],"picked":"Iron Wave+1","floor":19.0},{"not_picked":[],"picked":"Rage+1","floor":23.0},{"not_picked":["Blood for Blood"],"picked":"SKIP","floor":24.0},{"not_picked":["Clash+1"],"picked":"Singing Bowl","floor":28},{"not_picked":["Hemokinesis"],"picked":"Singing Bowl","floor":29}],"player_experience":184331,"relics_obtained":[{"floor":7.0,"key":"Ice Cream"},{"floor":9.0,"key":"Bottled Lightning"},{"floor":10.0,"key":"Girya"},{"floor":23.0,"key":"Bronze Scales"},{"floor":26.0,"key":"Singing Bowl"},{"floor":29,"key":"Smiling Mask"},{"floor":31,"key":"Whetstone"}],"event_choices":[{"event_name":"The Cleric","player_choice":"Leave","floor":3.0,"damage_taken":0.0},{"event_name":"Living Wall","player_choice":"Change","floor":4.0,"damage_taken":0.0},{"event_name":"Forgotten Altar","player_choice":"Shed Blood","floor":21.0,"damage_taken":0.0},{"event_name":"Drug Dealer","player_choice":"Ignored","floor":22.0,"damage_taken":0.0},{"event_name":"Accursed Blacksmith","player_choice":"Rummage","floor":30,"damage_taken":0}],"boss_relics":[{"not_picked":["Runic Pyramid","Black Blood"],"picked":"Busted Crown"}],"items_purged_floors":[],"is_endless":false,"potions_floor_spawned":[1,10,12,16,18,23,29],"killed_by":"Champ","ascension_level":8}