{"gold_per_floor":[116,27,43,55,69,99,99,99,123,140,140],"floor_reached":11,"playtime":1806,"items_purged":[],"score":146,"play_id":"e36abc1b-8e27-4856-ad45-421eaf2e43bd","local_time":"20190201205520","is_ascension_mode":true,"campfire_choices":[{"floor":7.0,"key":"REST"}],"neow_cost":"NONE","seed_source_timestamp":720557122036664,"circlet_count":0,"master_deck":["AscendersBane","Strike_B","Strike_B","Strike_B","Defend_B","Defend_B","Defend_B","Defend_B","Zap","Dualcast","Glacier","Capacitor","Ball Lightning","Leap","Coolheaded","Creative AI","Steam"],"special_seed":0,"relics":["Cracked Core","NeowsBlessing","Bronze Scales","Bag of Preparation"],"potions_floor_usage":[],"damage_taken":[{"damage":0.0,"enemies":"Cultist","floor":1.0,"turns":1.0},{"damage":0.0,"enemies":"2 Louse","floor":3.0,"turns":1.0},{"damage":0.0,"enemies":"Small Slimes","floor":4.0,"turns":1.0},{"damage":6.0,"enemies":"2 Fungi Beasts","floor":5.0,"turns":4.0},{"damage":25.0,"enemies":"Lagavulin","floor":6.0,"turns":8.0},{"damage":34,"enemies":"Exordium Thugs","floor":10,"turns":5},{"damage":29,"enemies":"Gremlin Nob","floor":11,"turns":3}],"seed_played":"7870539829489831486","potions_obtained":[{"floor":1.0,"key":"SpeedPotion"},{"floor":4.0,"key":"SteroidPotion"},{"floor":5.0,"key":"Explosive Potion"}],"is_trial":false,"path_per_floor":["M","$","M","M","M","E","R","?","T","M","E"],"character_chosen":"DEFECT","items_purchased":["Capacitor"],"campfire_rested":1,"item_purchase_floors":[2],"current_hp_per_floor":[64,64,64,64,58,33,54,47,47,13,0],"gold":140,"neow_bonus":"THREE_ENEMY_KILL","is_prod":false,"is_daily":false,"chose_seed":false,"campfire_upgraded":0,"win_rate":0,"timestamp":1549072520,"path_taken":["M","$","M","M","?","E","R","?","T","M","E"],"build_version":"2019-01-23","purchased_purges":0,"victory":false,"max_hp_per_floor":[71,71,71,71,71,71,71,71,71,71,71],"card_choices":[{"not_picked":["Rip and Tear","Streamline"],"picked":"Glacier","floor":1.0},{"not_picked":["Tempest","Redo"],"picked":"Ball Lightning","floor":3.0},{"not_picked":["Beam Cell","Stack"],"picked":"Leap","floor":4.0},{"not_picked":["Barrage","Sweeping Beam"],"picked":"Coolheaded","floor":5.0},{"not_picked":["Stack","Capacitor"],"picked":"Creative AI","floor":6.0},{"not_picked":["Ball Lightning","Conserve Battery"],"picked":"Steam","floor":10}],"player_experience":2278921,"relics_obtained":[{"floor":6.0,"key":"Bronze Scales"},{"floor":9.0,"key":"Bag of Preparation"}],"event_choices":[{"cards_removed":["Strike_B"],"damage_healed":0.0,"max_hp_gain":0.0,"max_hp_loss":0.0,"gold_gain":0.0,"event_name":"Golden Wing","player_choice":"Card Removal","floor":8.0,"gold_loss":0.0,"damage_taken":7.0}],"is_beta":false,"boss_relics":[],"items_purged_floors":[],"is_endless":false,"potions_floor_spawned":[1,4,5],"killed_by":"Gremlin Nob","ascension_level":19}