{"gold_per_floor":[112,129,139,150,65,65,97,97,97,97,109,109,141,13,13,84,84,100,100,110,50,50,80,80,80,80,114,132,132,73,73,73,73],"floor_reached":33,"playtime":1672,"items_purged":["Strike_G"],"score":586,"play_id":"a96cdfd6-e8d2-4f16-9f73-a8ee26e30ae2","local_time":"20190211160935","is_ascension_mode":true,"campfire_choices":[{"data":"Neutralize","floor":6,"key":"SMITH"},{"floor":10,"key":"REST"},{"floor":15,"key":"REST"},{"floor":25,"key":"REST"},{"data":"Flechettes","floor":29,"key":"SMITH"},{"floor":32,"key":"REST"}],"neow_cost":"PERCENT_DAMAGE","seed_source_timestamp":231326278716765,"circlet_count":0,"master_deck":["AscendersBane","Defend_G+1","Defend_G+1","Defend_G+1","Defend_G+1","Defend_G+1","Strike_G+1","Strike_G+1","Strike_G+1","Strike_G+1","Survivor","Neutralize+1","Finesse","Swift Strike","Dagger Spray","Acrobatics","Flechettes+1","Backflip","Die Die Die","Leg Sweep","Backstab","Predator","Glass Knife","PiercingWail","Infinite Blades","Crippling Poison","Deflect","Escape Plan","Footwork"],"relics":["Ring of the Snake","The Courier","Ninja Scroll","Omamori","Pen Nib","Strawberry","Runic Pyramid","Boot","Prayer Wheel","Enchiridion","Oddly Smooth Stone","Art of War"],"potions_floor_usage":[13,16,23,31,33],"damage_taken":[{"damage":0,"enemies":"2 Louse","floor":1,"turns":2},{"damage":3,"enemies":"Jaw Worm","floor":2,"turns":3},{"damage":0,"enemies":"Small Slimes","floor":3,"turns":2},{"damage":0,"enemies":"3 Louse","floor":4,"turns":3},{"damage":17,"enemies":"3 Sentries","floor":7,"turns":6},{"damage":0,"enemies":"Gremlin Gang","floor":11,"turns":1},{"damage":23,"enemies":"Lagavulin","floor":13,"turns":6},{"damage":45,"enemies":"The Guardian","floor":16,"turns":19},{"damage":11,"enemies":"Spheric Guardian","floor":18,"turns":4},{"damage":0,"enemies":"3 Byrds","floor":20,"turns":4},{"damage":20,"enemies":"Gremlin Leader","floor":23,"turns":6},{"damage":11,"enemies":"Slavers","floor":27,"turns":5},{"damage":4,"enemies":"Snake Plant","floor":28,"turns":4},{"damage":0,"enemies":"Shelled Parasite and Fungi","floor":31,"turns":1},{"damage":66,"enemies":"Collector","floor":33,"turns":7}],"seed_played":"-1122161578616395898","potions_obtained":[{"floor":1,"key":"Fire Potion"},{"floor":7,"key":"Explosive Potion"},{"floor":11,"key":"Swift Potion"},{"floor":16,"key":"AttackPotion"},{"floor":18,"key":"Block Potion"},{"floor":27,"key":"PowerPotion"},{"floor":28,"key":"SmokeBomb"}],"is_trial":false,"path_per_floor":["M","M","M","M","$","R","E","?","T","R","M","?","E","$","R","B",null,"M","?","M","$","?","E","?","R","T","E","M","R","$","M","R","B"],"character_chosen":"THE_SILENT","items_purchased":["Die Die Die","Strawberry","Footwork"],"campfire_rested":4,"item_purchase_floors":[5,14,30],"current_hp_per_floor":[44,41,41,41,41,41,24,29,29,50,50,45,22,29,52,7,60,49,49,49,49,49,29,8,31,31,20,16,16,16,16,39,0],"gold":73,"neow_bonus":"RANDOM_COLORLESS_2","is_prod":false,"is_daily":false,"chose_seed":false,"campfire_upgraded":2,"win_rate":0,"timestamp":1549897775,"path_taken":["M","M","M","M","$","R","E","?","T","R","M","?","E","?","R","BOSS","M","?","M","$","?","E","?","R","T","E","M","R","?","M","R","BOSS"],"build_version":"2019-01-23","purchased_purges":1,"victory":false,"max_hp_per_floor":[66,66,66,66,66,66,66,71,71,71,71,71,71,78,78,78,78,78,78,78,78,78,78,78,78,78,78,78,78,78,78,78,78],"card_choices":[{"not_picked":["Dodge and Roll","Accuracy"],"picked":"Dagger Spray","floor":1},{"not_picked":["All Out Attack","Sucker Punch"],"picked":"Acrobatics","floor":2},{"not_picked":["PiercingWail","Underhanded Strike"],"picked":"Flechettes","floor":3},{"not_picked":["PiercingWail","Bane"],"picked":"Backflip","floor":4},{"not_picked":["Choke","Deadly Poison"],"picked":"Leg Sweep","floor":7},{"not_picked":["Riddle With Holes","Deflect"],"picked":"Backstab","floor":11},{"not_picked":["Slice","Heel Hook"],"picked":"Predator","floor":13},{"not_picked":["Storm of Steel","Tools of the Trade"],"picked":"Glass Knife","floor":16},{"not_picked":["Sucker Punch","Dagger Throw"],"picked":"PiercingWail","floor":18},{"not_picked":["Prepared+1","Escape Plan"],"picked":"Infinite Blades","floor":20},{"not_picked":["All Out Attack","Backflip"],"picked":"Crippling Poison","floor":23},{"not_picked":["Finisher","Underhanded Strike"],"picked":"Deflect","floor":27},{"not_picked":["Deflect","Poisoned Stab"],"picked":"Escape Plan","floor":28},{"not_picked":["Flechettes","Poisoned Stab","Well Laid Plans"],"picked":"SKIP","floor":28}],"player_experience":1399276,"relics_obtained":[{"floor":7,"key":"The Courier"},{"floor":9,"key":"Ninja Scroll"},{"floor":13,"key":"Pen Nib"},{"floor":23,"key":"Prayer Wheel"},{"floor":24,"key":"Enchiridion"},{"floor":26,"key":"Oddly Smooth Stone"},{"floor":27,"key":"Art of War"}],"event_choices":[{"damage_healed":0,"gold_gain":0,"player_choice":"Donut","damage_taken":0,"max_hp_gain":5,"max_hp_loss":0,"event_name":"Big Fish","floor":8,"gold_loss":0},{"damage_healed":0,"gold_gain":0,"player_choice":"Success","damage_taken":5,"relics_obtained":["Omamori"],"max_hp_gain":0,"max_hp_loss":0,"event_name":"Scrap Ooze","floor":12,"gold_loss":0},{"damage_healed":0,"gold_gain":0,"player_choice":"Stole Relic","damage_taken":0,"relics_obtained":["Boot"],"max_hp_gain":0,"max_hp_loss":0,"event_name":"Addict","floor":19,"gold_loss":0,"cards_obtained":["Shame"]},{"damage_healed":0,"gold_gain":0,"player_choice":"Simplicity","damage_taken":0,"max_hp_gain":0,"max_hp_loss":0,"event_name":"Back to Basics","floor":22,"gold_loss":0,"cards_upgraded":["Defend_G","Defend_G","Defend_G","Defend_G","Defend_G","Strike_G","Strike_G","Strike_G","Strike_G"]},{"damage_healed":0,"gold_gain":0,"player_choice":"Obtained Book","damage_taken":21,"max_hp_gain":0,"max_hp_loss":0,"event_name":"Cursed Tome","floor":24,"gold_loss":0}],"is_beta":false,"boss_relics":[{"not_picked":["Ectoplasm","Pandora\u0027s Box"],"picked":"Runic Pyramid"}],"items_purged_floors":[21],"is_endless":false,"potions_floor_spawned":[1,7,11,16,18,20,27,28],"killed_by":"Collector","ascension_level":20}