{"path_per_floor":["M","?","M","?","?","R","?","M","T","M","M","$","E","?","R"],"character_chosen":"THE_SILENT","items_purchased":["Ninja Scroll","Strawberry"],"gold_per_floor":[116,291,310,310,410,410,410,434,434,459,484,19,60,60,60,60],"floor_reached":16,"campfire_rested":1,"playtime":862,"item_purchase_floors":[12,12],"current_hp_per_floor":[65,65,65,58,58,70,53,58,58,58,58,65,50,69,69,0],"items_purged":["Strike_G"],"gold":60,"score":100,"play_id":"0bd6088a-68dd-4795-8282-1e5377547e3f","local_time":"20180604111924","is_prod":false,"is_daily":false,"chose_seed":false,"is_ascension_mode":false,"campfire_upgraded":1,"win_rate":0.0,"timestamp":1528125564,"campfire_choices":[{"floor":6,"key":"REST"},{"data":"Choke","floor":15,"key":"SMITH"}],"path_taken":["M","?","?","?","?","R","?","M","T","M","M","$","E","?","R","BOSS"],"build_version":"2018-05-31","seed_source_timestamp":320801274046800,"purchased_purges":1,"victory":false,"master_deck":["Defend_G","Defend_G","Defend_G","Defend_G","Defend_G","Strike_G","Strike_G","Strike_G","Survivor","Neutralize","Flying Knee","Cloak And Dagger","Doubt","Choke+1","Caltrops","Slice","Cloak And Dagger","Dagger Spray","Parasite"],"max_hp_per_floor":[70,70,70,70,70,70,70,70,70,70,70,77,77,77,77,77],"relics":["Ring of the Snake","Golden Idol","Lantern","Ninja Scroll","Strawberry","Blood Vial"],"card_choices":[{"not_picked":["Expertise","Eviscerate"],"picked":"Flying Knee","floor":0},{"not_picked":["Malaise","Slice"],"picked":"Cloak And Dagger","floor":1},{"not_picked":["PiercingWail","Outmaneuver"],"picked":"Choke","floor":3},{"not_picked":["Concentrate","Malaise"],"picked":"Caltrops","floor":8},{"not_picked":["Bouncing Flask","Riddle With Holes"],"picked":"Slice","floor":10},{"not_picked":["Finisher","Prepared"],"picked":"Cloak And Dagger","floor":11},{"not_picked":["Dagger Throw","Cloak And Dagger"],"picked":"Dagger Spray","floor":13}],"player_experience":327024,"potions_floor_usage":[8,11,16],"damage_taken":[{"damage":5,"enemies":"2 Louse","floor":1,"turns":3},{"damage":0,"enemies":"Small Slimes","floor":3,"turns":3},{"damage":0,"enemies":"Cultist","floor":8,"turns":2},{"damage":0,"enemies":"Looter","floor":10,"turns":3},{"damage":0,"enemies":"Blue Slaver","floor":11,"turns":2},{"damage":15,"enemies":"3 Sentries","floor":13,"turns":6},{"damage":74,"enemies":"Hexaghost","floor":16,"turns":12}],"relics_obtained":[{"floor":9,"key":"Lantern"},{"floor":13,"key":"Blood Vial"}],"event_choices":[{"event_name":"Liars Game","player_choice":"agreed","floor":2,"damage_taken":0},{"event_name":"Golden Wing","player_choice":"Card Removal","floor":4,"damage_taken":0},{"event_name":"Golden Shrine","player_choice":"Pray","floor":5,"damage_taken":0},{"event_name":"Golden Idol","player_choice":"Take Damage","floor":7,"damage_taken":0},{"event_name":"Mushrooms","player_choice":"Healed and dodged fight","floor":14,"damage_taken":0}],"boss_relics":[],"items_purged_floors":[12],"potions_floor_spawned":[1,3,13],"seed_played":"-5651819236984431435","killed_by":"Hexaghost","ascension_level":0,"potions_obtained":[{"floor":1,"key":"AttackPotion"},{"floor":3,"key":"Regen Potion"},{"floor":13,"key":"Explosive Potion"}],"is_trial":false}