{"gold_per_floor":[110,35,110,124,134,166,166,166,166,178,189,217,217,217,217,296,296,282,300,68,68,19,19,53,53,53,67,67,0,34,45,45,45],"floor_reached":33,"playtime":1680,"items_purged":["Strike_G"],"score":513,"play_id":"ccd0a8b2-6093-4794-8403-ac957d48da09","local_time":"20180731160433","is_ascension_mode":true,"campfire_choices":[{"floor":8.0,"key":"REST"},{"floor":15.0,"key":"REST"},{"data":"Cloak And Dagger","floor":23.0,"key":"SMITH"},{"floor":25.0,"key":"REST"},{"floor":32,"key":"REST"}],"neow_cost":"NONE","seed_source_timestamp":0,"circlet_count":0,"master_deck":["Defend_G","Defend_G","Defend_G+1","Defend_G","Defend_G","Strike_G","Strike_G","Strike_G","Survivor","Neutralize","AscendersBane","Well Laid Plans","Quick Slash","Dash","Dagger Spray","Glass Knife","Finisher","Sucker Punch+1","Adrenaline","Dodge and Roll","Slice","Cloak And Dagger+1","Backflip","Cloak And Dagger","Dodge and Roll","Noxious Fumes"],"special_seed":0,"relics":["Ring of the Snake","Orichalcum","Mummified Hand","Kunai","Thread and Needle","White Beast Statue","Vajra","Dream Catcher","Matryoshka","Strawberry"],"potions_floor_usage":[30,30,33,33],"damage_taken":[{"damage":6.0,"enemies":"Jaw Worm","floor":1.0,"turns":4.0},{"damage":6.0,"enemies":"2 Louse","floor":4.0,"turns":3.0},{"damage":0.0,"enemies":"Cultist","floor":5.0,"turns":5.0},{"damage":8.0,"enemies":"Gremlin Nob","floor":6.0,"turns":4.0},{"damage":4.0,"enemies":"Looter","floor":10.0,"turns":4.0},{"damage":0.0,"enemies":"2 Fungi Beasts","floor":11.0,"turns":3.0},{"damage":1.0,"enemies":"3 Sentries","floor":12.0,"turns":7.0},{"damage":11.0,"enemies":"Slime Boss","floor":16.0,"turns":10.0},{"damage":10.0,"enemies":"2 Thieves","floor":18.0,"turns":4.0},{"damage":3.0,"enemies":"Shell Parasite","floor":19.0,"turns":6.0},{"damage":13.0,"enemies":"Book of Stabbing","floor":24.0,"turns":6.0},{"damage":0.0,"enemies":"Cultist and Chosen","floor":27.0,"turns":5.0},{"damage":45,"enemies":"Gremlin Leader","floor":30,"turns":15},{"damage":4,"enemies":"Chosen and Byrds","floor":31,"turns":6},{"damage":54,"enemies":"Champ","floor":33,"turns":16}],"seed_played":"727772183268947359","potions_obtained":[{"floor":4.0,"key":"AttackPotion"},{"floor":10.0,"key":"Energy Potion"},{"floor":11.0,"key":"LiquidBronze"},{"floor":18.0,"key":"Fire Potion"},{"floor":24.0,"key":"Weak Potion"},{"floor":27.0,"key":"Weak Potion"},{"floor":30,"key":"LiquidBronze"},{"floor":31,"key":"Dexterity Potion"}],"is_trial":false,"path_per_floor":["M","$","?","M","M","E","?","R","T","M","M","E","?","?","R","B",null,"M","M","$","?","$","R","E","R","T","M","?","?","E","M","R"],"character_chosen":"THE_SILENT","items_purchased":["Well Laid Plans","Vajra","Cloak And Dagger"],"campfire_rested":4,"item_purchase_floors":[2,20,22],"current_hp_per_floor":[53,53,42,36,36,28,28,47,47,43,43,42,22,27,48,37,63,53,50,50,50,50,50,37,58,58,58,58,58,20,16,39,0],"gold":45,"neow_bonus":"RANDOM_COMMON_RELIC","is_prod":false,"is_daily":false,"chose_seed":false,"campfire_upgraded":1,"win_rate":0,"timestamp":1533045873,"path_taken":["M","$","?","M","?","E","?","R","T","M","M","E","?","?","R","BOSS","M","M","$","?","$","R","E","R","T","?","?","?","E","?","R","BOSS"],"build_version":"2018-07-26","purchased_purges":1,"victory":false,"max_hp_per_floor":[66,66,66,66,66,66,66,66,66,66,66,66,66,71,71,71,71,71,71,71,71,71,71,71,71,71,71,71,71,78,78,78,78],"card_choices":[{"not_picked":["Outmaneuver","Bane","Backflip"],"picked":"SKIP","floor":1.0},{"not_picked":["Underhanded Strike","Bane"],"picked":"Quick Slash","floor":4.0},{"not_picked":["Slice","Skewer"],"picked":"Dash","floor":5.0},{"not_picked":["Riddle With Holes","Concentrate"],"picked":"Dagger Spray","floor":6.0},{"not_picked":["Sucker Punch","Quick Slash"],"picked":"Glass Knife","floor":10.0},{"not_picked":["Prepared","Blur"],"picked":"Finisher","floor":11.0},{"not_picked":["Deadly Poison","Masterful Stab"],"picked":"Sucker Punch","floor":12.0},{"not_picked":["Bullet Time","Die Die Die"],"picked":"Adrenaline","floor":16.0},{"not_picked":["Quick Slash","Setup"],"picked":"Dodge and Roll","floor":18.0},{"not_picked":["Deadly Poison","Deflect"],"picked":"Slice","floor":19.0},{"not_picked":["Eviscerate","Expertise","Flechettes"],"picked":"SKIP","floor":24.0},{"not_picked":["Eviscerate","Expertise"],"picked":"Backflip","floor":25.0},{"not_picked":["Deadly Poison+1","Poisoned Stab"],"picked":"Cloak And Dagger","floor":27.0},{"not_picked":["Prepared","Slice","Doppelganger"],"picked":"SKIP","floor":30},{"not_picked":["Prepared","Riddle With Holes"],"picked":"Dodge and Roll","floor":31},{"not_picked":["Slice","Endless Agony"],"picked":"Noxious Fumes","floor":32}],"player_experience":1211724,"relics_obtained":[{"floor":6.0,"key":"Mummified Hand"},{"floor":9.0,"key":"Kunai"},{"floor":12.0,"key":"Thread and Needle"},{"floor":24.0,"key":"Dream Catcher"},{"floor":26.0,"key":"Matryoshka"},{"floor":30,"key":"Strawberry"}],"event_choices":[{"event_name":"World of Goop","player_choice":"Gather Gold","floor":3.0,"damage_taken":0.0},{"event_name":"Liars Game","player_choice":"disagreed","floor":7.0,"damage_taken":0.0},{"event_name":"Shining Light","player_choice":"Entered Light","floor":13.0,"damage_taken":0.0},{"event_name":"Big Fish","player_choice":"Donut","floor":14.0,"damage_taken":0.0},{"event_name":"Beggar","player_choice":"Ignored","floor":21.0,"damage_taken":0.0},{"event_name":"Purifier","player_choice":"One Purge","floor":28.0,"damage_taken":0.0},{"event_name":"Masked Bandits","player_choice":"Paid Bandits 67 gold","floor":29.0,"damage_taken":0.0}],"is_beta":false,"boss_relics":[{"not_picked":["Coffee Dripper","Tiny House"],"picked":"White Beast Statue"}],"items_purged_floors":[20],"is_endless":false,"potions_floor_spawned":[4,10,11,18,19,24,27,30,31],"killed_by":"Champ","ascension_level":15}