{"gold_per_floor":[114,114,114,3,18,48,48,78,153,168,198,198,213,488,488,588,588,603,246,261,276,291,321,321,351,376,376,401,431,446,476,476,576,626,641,423,438,453,468,498,513,543,568,598,613,336,351,381,381,381],"floor_reached":51,"playtime":3014,"items_purged":[],"score":1317,"play_id":"aed9885f-d65e-4373-81f6-9900017572a4","local_time":"20190115110843","daily_mods":["Insanity","Time Dilation","Elite Swarm"],"is_ascension_mode":false,"campfire_choices":[{"data":"Coolheaded","floor":7.0,"key":"SMITH"},{"data":"Biased Cognition","floor":12.0,"key":"SMITH"},{"data":"Sunder","floor":15.0,"key":"SMITH"},{"data":"Heatsinks","floor":24.0,"key":"SMITH"},{"data":"Seek","floor":27.0,"key":"SMITH"},{"data":"Machine Learning","floor":32.0,"key":"SMITH"},{"data":"Capacitor","floor":49,"key":"SMITH"}],"neow_cost":"","seed_source_timestamp":0,"circlet_count":0,"master_deck":["Gash","Rebound","Streamline","Consume","Hello World","Beam Cell","Sunder+1","Gash","Coolheaded+1","Compile Driver","Steam","Cold Snap","Beam Cell","Stack","Recycle","Genetic Algorithm","Sweeping Beam","Rebound","BootSequence","Steam Power","Recycle","Sweeping Beam+1","Glacier","Steam","Beam Cell","Steam+1","Recycle","Ball Lightning","Gash","Redo+1","Hologram","Go for the Eyes","Ball Lightning","Barrage","Lockon","Ball Lightning","Stack","Fusion","Darkness","Doom and Gloom","Reinforced Body","Reprogram","Darkness","Redo","Leap","Fusion","Redo","Cold Snap","Leap","Lockon","Hologram","Heatsinks+1","Aggregate","Sweeping Beam","Rainbow","Biased Cognition+1","Aggregate","Electrodynamics","Coolheaded","Regret","Core Surge","Static Discharge","Capacitor+1","Chill","Stack","Hologram","Buffer","Seek+1","Machine Learning+1","Barrage+1","Creative AI","Machine Learning","Blizzard+1","Undo+1","Storm","Sweeping Beam","Stack+1","Creative AI","Static Discharge","Heatsinks+1","Creative AI","Biased Cognition","Sweeping Beam+1","Consume","Defragment","Compile Driver+1","Storm","Multi-Cast"],"special_seed":17911,"relics":["Cracked Core","Bottled Lightning","Happy Flower","Mummified Hand","Kunai","Sozu","Symbiotic Virus","Mango","Ancient Tea Set","Juzu Bracelet","Blood Vial","Ice Cream","Nunchaku","Tiny House","Bag of Preparation","Prayer Wheel","Molten Egg 2","War Paint","Bronze Scales","Chemical X","Whetstone"],"potions_floor_usage":[33],"damage_taken":[{"damage":0.0,"enemies":"2 Louse","floor":1.0,"turns":2.0},{"damage":0.0,"enemies":"Cultist","floor":5.0,"turns":3.0},{"damage":0.0,"enemies":"3 Sentries","floor":6.0,"turns":7.0},{"damage":0.0,"enemies":"Lagavulin","floor":8.0,"turns":5.0},{"damage":0.0,"enemies":"Jaw Worm","floor":10.0,"turns":1.0},{"damage":0.0,"enemies":"Gremlin Nob","floor":11.0,"turns":1.0},{"damage":0.0,"enemies":"Gremlin Gang","floor":13.0,"turns":2.0},{"damage":0.0,"enemies":"Slime Boss","floor":16.0,"turns":5.0},{"damage":0.0,"enemies":"3 Byrds","floor":18.0,"turns":3.0},{"damage":4.0,"enemies":"Spheric Guardian","floor":20.0,"turns":3.0},{"damage":0.0,"enemies":"Centurion and Healer","floor":21.0,"turns":4.0},{"damage":14.0,"enemies":"3 Cultists","floor":22.0,"turns":4.0},{"damage":20.0,"enemies":"Gremlin Leader","floor":23.0,"turns":5.0},{"damage":2.0,"enemies":"Book of Stabbing","floor":25.0,"turns":5.0},{"damage":3.0,"enemies":"Slavers","floor":29.0,"turns":5.0},{"damage":0.0,"enemies":"Snake Plant","floor":30.0,"turns":3.0},{"damage":23.0,"enemies":"Gremlin Leader","floor":31.0,"turns":6.0},{"damage":3,"enemies":"Automaton","floor":33,"turns":9},{"damage":6,"enemies":"3 Shapes","floor":35,"turns":3},{"damage":0,"enemies":"Orb Walker","floor":37,"turns":3},{"damage":1,"enemies":"Jaw Worm Horde","floor":38,"turns":4},{"damage":0,"enemies":"Spire Growth","floor":39,"turns":4},{"damage":0,"enemies":"Reptomancer","floor":40,"turns":4},{"damage":4,"enemies":"Maw","floor":41,"turns":6},{"damage":0,"enemies":"Giant Head","floor":42,"turns":7},{"damage":0,"enemies":"Nemesis","floor":44,"turns":5},{"damage":0,"enemies":"3 Darklings","floor":45,"turns":1},{"damage":0,"enemies":"Spire Growth","floor":47,"turns":3},{"damage":0,"enemies":"Giant Head","floor":48,"turns":4},{"damage":11,"enemies":"Donu and Deca","floor":50,"turns":5}],"seed_played":"-1374087961846543557","potions_obtained":[{"floor":3.0,"key":"PowerPotion"},{"floor":3.0,"key":"Fire Potion"},{"floor":3.0,"key":"Weak Potion"},{"floor":11.0,"key":"Weak Potion"}],"is_trial":false,"path_per_floor":["M","$","?","$","M","E","R","E","T","M","E","R","M","?","R","B",null,"M","$","M","M","M","E","R","E","T","R","T","E","M","E","R","B",null,"M","$","M","M","M","E","M","E","T","E","M","$","M","E","R","B",null],"character_chosen":"DEFECT","items_purchased":["Heatsinks","Aggregate","Capacitor","Symbiotic Virus","Chill","Bag of Preparation","Storm","Defragment","Chemical X"],"campfire_rested":0,"item_purchase_floors":[4,4,19,19,19,36,36,46,46],"current_hp_per_floor":[75,75,75,75,75,75,75,75,75,75,75,75,75,75,75,75,75,75,75,71,71,57,51,51,49,49,49,49,48,50,29,29,28,94,88,88,90,91,93,94,90,92,92,94,94,94,94,94,94,83],"gold":381,"neow_bonus":"","is_prod":false,"is_daily":true,"chose_seed":false,"campfire_upgraded":7,"win_rate":0,"timestamp":1547546923,"path_taken":["M","$","?","$","M","E","R","E","T","?","E","R","M","?","R","BOSS","M","$","M","M","?","E","R","E","T","R","?","E","M","E","R","BOSS","M","$","M","M","M","E","M","E","T","E","M","$","M","E","R","BOSS"],"build_version":"2019-01-10","purchased_purges":0,"victory":true,"max_hp_per_floor":[75,75,75,75,75,75,75,75,75,75,75,75,75,75,75,75,75,75,75,75,75,75,89,89,89,89,89,89,89,89,89,89,89,94,94,94,94,94,94,94,94,94,94,94,94,94,94,94,94,94],"card_choices":[{"not_picked":["Steam","Turbo"],"picked":"Hologram","floor":1.0},{"not_picked":["Auto Shields","Steam"],"picked":"Sweeping Beam","floor":5.0},{"not_picked":["Biased Cognition","Machine Learning"],"picked":"Rainbow","floor":6.0},{"not_picked":["Amplify","Meteor Strike"],"picked":"Biased Cognition","floor":8.0},{"not_picked":["Darkness","Steam"],"picked":"Aggregate","floor":10.0},{"not_picked":["Core Surge","Reboot"],"picked":"Electrodynamics","floor":11.0},{"not_picked":["Cold Snap","Sweeping Beam"],"picked":"Coolheaded","floor":13.0},{"not_picked":["Fission","Meteor Strike"],"picked":"Core Surge","floor":16.0},{"not_picked":["Chaos","Streamline"],"picked":"Static Discharge","floor":18.0},{"not_picked":["Steam","Leap","Redo"],"picked":"SKIP","floor":20.0},{"not_picked":["Scrape","Melter"],"picked":"Stack","floor":21.0},{"not_picked":["Lockon","Go for the Eyes"],"picked":"Hologram","floor":22.0},{"not_picked":["Fission","Amplify"],"picked":"Buffer","floor":23.0},{"not_picked":["All For One","Amplify"],"picked":"Seek","floor":25.0},{"not_picked":["Meteor Strike","Reboot"],"picked":"Machine Learning","floor":29.0},{"not_picked":["Force Field","Cold Snap"],"picked":"Barrage","floor":30.0},{"not_picked":["Buffer","Amplify"],"picked":"Creative AI","floor":31.0},{"not_picked":["Thunder Strike","Core Surge"],"picked":"Machine Learning","floor":33},{"not_picked":["Streamline","Turbo+1"],"picked":"Blizzard","floor":34},{"not_picked":["Coolheaded","Melter+1"],"picked":"Undo+1","floor":35},{"not_picked":["Go for the Eyes","Melter","Sunder"],"picked":"SKIP","floor":37},{"not_picked":["Undo+1","Consume"],"picked":"Sweeping Beam","floor":38},{"not_picked":["Conserve Battery","Go for the Eyes"],"picked":"Stack+1","floor":39},{"not_picked":["Biased Cognition","Fission"],"picked":"Creative AI","floor":40},{"not_picked":["Hologram","Skim"],"picked":"Static Discharge","floor":41},{"not_picked":["Ball Lightning","Redo"],"picked":"Heatsinks+1","floor":41},{"not_picked":["Electrodynamics","Seek"],"picked":"Creative AI","floor":42},{"not_picked":["Echo Form","Amplify"],"picked":"Biased Cognition","floor":44},{"not_picked":["Steam+1","Fusion"],"picked":"Sweeping Beam+1","floor":45},{"not_picked":["Rip and Tear+1","Conserve Battery"],"picked":"Consume","floor":45},{"not_picked":["Redo+1","Cold Snap+1"],"picked":"Compile Driver+1","floor":47},{"not_picked":["Ball Lightning+1","Cold Snap+1"],"picked":"Storm","floor":47},{"not_picked":["Hyperbeam+1","Creative AI"],"picked":"Multi-Cast","floor":48}],"player_experience":1885898,"relics_obtained":[{"floor":6.0,"key":"Bottled Lightning"},{"floor":8.0,"key":"Happy Flower"},{"floor":9.0,"key":"Mummified Hand"},{"floor":11.0,"key":"Kunai"},{"floor":23.0,"key":"Mango"},{"floor":25.0,"key":"Ancient Tea Set"},{"floor":26.0,"key":"Juzu Bracelet"},{"floor":28.0,"key":"Blood Vial"},{"floor":29.0,"key":"Ice Cream"},{"floor":31.0,"key":"Nunchaku"},{"floor":40,"key":"Prayer Wheel"},{"floor":42,"key":"Molten Egg 2"},{"floor":43,"key":"War Paint"},{"floor":44,"key":"Bronze Scales"},{"floor":48,"key":"Whetstone"}],"event_choices":[{"damage_healed":0.0,"max_hp_gain":0.0,"max_hp_loss":0.0,"gold_gain":0.0,"event_name":"Lab","player_choice":"Got Potions","floor":3.0,"gold_loss":0.0,"damage_taken":0.0},{"damage_healed":0.0,"max_hp_gain":0.0,"max_hp_loss":0.0,"gold_gain":275.0,"event_name":"Golden Shrine","player_choice":"Desecrate","floor":14.0,"gold_loss":0.0,"damage_taken":0.0,"cards_obtained":["Regret"]}],"is_beta":false,"boss_relics":[{"not_picked":["Calling Bell","Astrolabe"],"picked":"Sozu"},{"not_picked":["Empty Cage","Lizard Tail"],"picked":"Tiny House"}],"items_purged_floors":[],"is_endless":false,"potions_floor_spawned":[6,11,13,16,18,22,23,38,39,40,45,48],"ascension_level":0}