{"gold_per_floor":[118,138,150,163,163,163,189,189,189,206,216,241,261,204,204,281,281,298,73,73,73,85,85,111,111,137,157,157,167,167,177,177,255,255,265,265,40,40],"floor_reached":38,"playtime":1955,"items_purged":["Regret","Injury"],"score":754,"play_id":"9e9ba0cc-7e45-4fb6-b2d0-e84fa9123f44","local_time":"20180715170132","is_ascension_mode":true,"campfire_choices":[{"data":"Skewer","floor":6,"key":"SMITH"},{"data":"Cloak And Dagger","floor":8,"key":"SMITH"},{"floor":15,"key":"REST"},{"floor":23,"key":"REST"},{"floor":25,"key":"REST"},{"data":"After Image","floor":30,"key":"SMITH"},{"data":"Cloak And Dagger","floor":32,"key":"SMITH"}],"neow_cost":"NONE","seed_source_timestamp":406387060972642,"circlet_count":0,"master_deck":["Defend_G","Defend_G","Defend_G","Defend_G","Defend_G","Strike_G","Strike_G","Strike_G","Strike_G","Survivor","Neutralize+1","AscendersBane","Sucker Punch","Skewer+1","Cloak And Dagger+1","Flying Knee","Infinite Blades","Footwork","Die Die Die+1","Quick Slash+1","After Image+1","Cloak And Dagger+1","A Thousand Cuts","Deflect","Backflip","Accuracy"],"relics":["Ring of the Snake","Molten Egg 2","Dead Branch","Torii","Calling Bell","Vajra","Matryoshka","Sundial","Bag of Preparation","Pen Nib","Boot","Lantern","Cursed Key"],"potions_floor_usage":[7,24,33],"damage_taken":[{"damage":0,"enemies":"2 Louse","floor":1,"turns":3},{"damage":0,"enemies":"Cultist","floor":2,"turns":4},{"damage":0,"enemies":"Small Slimes","floor":3,"turns":3},{"damage":0,"enemies":"2 Fungi Beasts","floor":4,"turns":4},{"damage":29,"enemies":"Gremlin Nob","floor":7,"turns":5},{"damage":6,"enemies":"Large Slime","floor":10,"turns":6},{"damage":3,"enemies":"Exordium Wildlife","floor":11,"turns":6},{"damage":8,"enemies":"3 Sentries","floor":12,"turns":7},{"damage":0,"enemies":"3 Louse","floor":13,"turns":2},{"damage":30,"enemies":"The Guardian","floor":16,"turns":14},{"damage":27,"enemies":"Spheric Guardian","floor":18,"turns":5},{"damage":15,"enemies":"Shell Parasite","floor":22,"turns":9},{"damage":21,"enemies":"Gremlin Leader","floor":24,"turns":11},{"damage":0,"enemies":"Snake Plant","floor":27,"turns":4},{"damage":18,"enemies":"Cultist and Chosen","floor":29,"turns":6},{"damage":2,"enemies":"Snecko","floor":31,"turns":6},{"damage":21,"enemies":"Automaton","floor":33,"turns":12},{"damage":42,"enemies":"3 Darklings","floor":35,"turns":4},{"damage":14,"enemies":"3 Shapes","floor":38,"turns":1}],"seed_played":"8559712698716230160","potions_obtained":[{"floor":4,"key":"PowerPotion"},{"floor":10,"key":"PowerPotion"},{"floor":11,"key":"Poison Potion"},{"floor":18,"key":"Ancient Potion"},{"floor":29,"key":"SkillPotion"},{"floor":33,"key":"GhostInAJar"}],"is_trial":false,"path_per_floor":["M","M","M","M","?","R","E","R","T","M","M","E","M","?","R","B",null,"M","$","?","?","M","R","E","R","T","M","?","M","R","M","R","B",null,"M","?","$"],"character_chosen":"THE_SILENT","items_purchased":["Bag of Preparation","Backflip","Accuracy"],"campfire_rested":3,"item_purchase_floors":[19,37,37],"current_hp_per_floor":[59,59,59,59,59,59,30,30,30,24,21,13,13,13,32,2,50,23,23,23,23,8,27,6,25,25,25,66,48,48,46,46,25,56,14,14,14,0],"gold":40,"neow_bonus":"UPGRADE_CARD","is_prod":false,"is_daily":false,"chose_seed":false,"campfire_upgraded":4,"win_rate":0,"timestamp":1531666892,"path_taken":["M","M","M","M","?","R","E","R","T","M","M","E","M","?","R","BOSS","M","$","?","?","M","R","E","R","T","M","?","M","R","?","R","BOSS","M","?","$","?"],"build_version":"2018-07-12","purchased_purges":2,"victory":false,"max_hp_per_floor":[66,66,66,66,66,66,66,66,66,66,66,66,66,66,66,66,66,66,66,66,66,66,66,66,66,66,66,66,66,66,66,66,66,66,66,66,66,66],"card_choices":[{"not_picked":["Underhanded Strike","Dagger Throw"],"picked":"Sucker Punch","floor":1},{"not_picked":["Reflex","Acrobatics","Dagger Throw"],"picked":"SKIP","floor":2},{"not_picked":["Expertise","Backflip"],"picked":"Skewer","floor":3},{"not_picked":["Dagger Spray","Heel Hook"],"picked":"Cloak And Dagger","floor":4},{"not_picked":["Dodge and Roll","Deflect"],"picked":"Infinite Blades","floor":7},{"not_picked":["Slice+1","Acrobatics"],"picked":"Footwork","floor":10},{"not_picked":["Backflip","Deadly Poison","Eviscerate+1"],"picked":"SKIP","floor":11},{"not_picked":["PiercingWail","Backflip"],"picked":"Die Die Die+1","floor":12},{"not_picked":["Dagger Spray+1","Outmaneuver"],"picked":"Quick Slash+1","floor":13},{"not_picked":["Storm of Steel","Envenom"],"picked":"After Image","floor":16},{"not_picked":["Setup","Skewer+1","Poisoned Stab+1"],"picked":"SKIP","floor":18},{"not_picked":["Setup","Blur"],"picked":"Escape Plan","floor":22},{"not_picked":["Bane+1","Flying Knee+1","Bouncing Flask"],"picked":"SKIP","floor":24},{"not_picked":["Flying Knee+1","Underhanded Strike+1","Expertise"],"picked":"SKIP","floor":27},{"not_picked":["PiercingWail","Bane+1","Expertise+1"],"picked":"SKIP","floor":29},{"not_picked":["Deadly Poison","Flying Knee+1"],"picked":"Cloak And Dagger","floor":31},{"not_picked":["Tactician","Doppelganger"],"picked":"A Thousand Cuts","floor":33},{"not_picked":["Reflex","Quick Slash+1"],"picked":"Deflect","floor":35}],"player_experience":1041990,"relics_obtained":[{"floor":7,"key":"Molten Egg 2"},{"floor":9,"key":"Dead Branch"},{"floor":12,"key":"Torii"},{"floor":17,"key":"Vajra"},{"floor":17,"key":"Matryoshka"},{"floor":17,"key":"Sundial"},{"floor":24,"key":"Pen Nib"},{"floor":26,"key":"Boot"},{"floor":26,"key":"Lantern"}],"event_choices":[{"event_name":"Transmorgrifier","player_choice":"Transform","floor":5,"damage_taken":0},{"event_name":"World of Goop","player_choice":"Left","floor":14,"damage_taken":0},{"event_name":"Ghosts","player_choice":"Ignored","floor":20,"damage_taken":0},{"event_name":"Transmorgrifier","player_choice":"Transform","floor":21,"damage_taken":0},{"event_name":"Bonfire Elementals","player_choice":"UNCOMMON","floor":28,"damage_taken":0},{"event_name":"Purifier","player_choice":"One Purge","floor":36,"damage_taken":0}],"boss_relics":[{"not_picked":["Velvet Choker","Philosopher\u0027s Stone"],"picked":"Calling Bell"},{"not_picked":["Tiny House","Pandora\u0027s Box"],"picked":"Cursed Key"}],"items_purged_floors":[19,37],"is_endless":false,"potions_floor_spawned":[4,10,11,12,16,18,29,33,35],"killed_by":"3 Shapes","ascension_level":15}