{"gold_per_floor":[219,19,34,34,34,65,65,93,93,93,93,128,153,165,165,260,260,279,294,294,294,73,73,102,102,102,102,23,39,49,62,62,165,165,178,193,49,49,49,49,69,169,169,169,204,204,0,19,19,19],"floor_reached":51,"playtime":2748,"items_purged":["Zap"],"score":1014,"play_id":"c26ce668-7210-43ae-9959-82bbe836485a","local_time":"20181206134303","is_ascension_mode":true,"campfire_choices":[{"data":"Go for the Eyes","floor":7,"key":"SMITH"},{"floor":10,"key":"REST"},{"data":"Cold Snap","floor":15,"key":"SMITH"},{"floor":23,"key":"REST"},{"floor":25,"key":"REST"},{"data":"Creative AI","floor":27,"key":"SMITH"},{"data":"Defragment","floor":32,"key":"SMITH"},{"floor":40,"key":"REST"},{"floor":44,"key":"REST"},{"floor":46,"key":"REST"},{"data":"Leap","floor":49,"key":"SMITH"}],"neow_cost":"NONE","seed_source_timestamp":51465714290699,"circlet_count":0,"master_deck":["Strike_B+1","Strike_B+1","Strike_B","Strike_B","Defend_B","Defend_B+1","Defend_B+1","Dualcast","Conserve Battery","Coolheaded","Cold Snap+1","Go for the Eyes+1","Ball Lightning","Steam","Creative AI+1","Compile Driver","Good Instincts","Defragment+1","Leap+1","Hologram+1","Amplify","Blind","Turbo+1"],"relics":["Cracked Core","War Paint","Bottled Flame","Whetstone","Pear","Lantern","Art of War","Omamori","Lizard Tail","Darkstone Periapt","Regal Pillow","Kunai","White Beast Statue","DataDisk","Calipers","Mercury Hourglass","Pen Nib","Red Mask"],"potions_floor_usage":[6,6,19,24,24,33,36,41,45,48,50,50],"damage_taken":[{"damage":2,"enemies":"Jaw Worm","floor":1,"turns":4},{"damage":11,"enemies":"Small Slimes","floor":3,"turns":3},{"damage":0,"enemies":"Lagavulin","floor":6,"turns":7},{"damage":3,"enemies":"3 Sentries","floor":8,"turns":9},{"damage":10,"enemies":"Gremlin Nob","floor":12,"turns":4},{"damage":0,"enemies":"Cultist","floor":14,"turns":3},{"damage":52,"enemies":"Slime Boss","floor":16,"turns":12},{"damage":0,"enemies":"Shell Parasite","floor":18,"turns":8},{"damage":15,"enemies":"2 Thieves","floor":19,"turns":5},{"damage":82,"enemies":"Slavers","floor":24,"turns":11},{"damage":1,"enemies":"Snake Plant","floor":29,"turns":6},{"damage":0,"enemies":"Chosen and Byrds","floor":30,"turns":8},{"damage":4,"enemies":"Centurion and Healer","floor":31,"turns":9},{"damage":21,"enemies":"Champ","floor":33,"turns":20},{"damage":8,"enemies":"3 Shapes","floor":35,"turns":8},{"damage":10,"enemies":"Orb Walker","floor":36,"turns":8},{"damage":30,"enemies":"Transient","floor":41,"turns":5},{"damage":4,"enemies":"Mind Bloom Boss Battle","floor":42,"turns":12},{"damage":43,"enemies":"Giant Head","floor":45,"turns":14},{"damage":0,"enemies":"Sphere and 2 Shapes","floor":48,"turns":7},{"damage":79,"enemies":"Awakened One","floor":50,"turns":19}],"seed_played":"3626893315477294540","potions_obtained":[{"floor":1,"key":"FocusPotion"},{"floor":3,"key":"Explosive Potion"},{"floor":18,"key":"SkillPotion"},{"floor":19,"key":"EssenceOfSteel"},{"floor":30,"key":"Ancient Potion"},{"floor":31,"key":"SkillPotion"},{"floor":33,"key":"SpeedPotion"},{"floor":35,"key":"FearPotion"},{"floor":36,"key":"FairyPotion"},{"floor":41,"key":"Dexterity Potion"},{"floor":42,"key":"PowerPotion"},{"floor":45,"key":"GamblersBrew"},{"floor":48,"key":"FocusPotion"}],"is_trial":false,"path_per_floor":["M","$","M","?","$","E","R","E","T","R","?","E","T","M","R","B",null,"M","M","?","T","$","R","E","R","T","R","$","M","M","M","R","B",null,"M","M","$","?","?","R","M","?","T","R","E","R","?","M","R","B",null],"character_chosen":"DEFECT","items_purchased":["War Paint","Coolheaded","Good Instincts","SpeedPotion","Defragment","DataDisk"],"campfire_rested":6,"item_purchase_floors":[2,2,22,22,28,37],"current_hp_per_floor":[66,66,55,55,55,55,55,52,62,85,67,57,57,57,57,5,65,65,50,50,50,50,75,35,75,75,75,75,74,74,70,70,49,76,68,58,58,58,58,85,55,51,51,85,42,82,82,82,82,3],"gold":19,"neow_bonus":"HUNDRED_GOLD","is_prod":false,"is_daily":false,"chose_seed":false,"campfire_upgraded":5,"win_rate":0,"timestamp":1544125383,"path_taken":["M","$","M","?","$","E","R","E","T","R","?","E","?","M","R","BOSS","M","?","?","?","$","R","E","R","T","R","?","?","M","M","R","BOSS","M","M","$","?","?","R","M","?","T","R","E","R","?","M","R","BOSS"],"build_version":"2018-12-06","purchased_purges":1,"victory":true,"max_hp_per_floor":[75,75,75,75,75,75,75,75,85,85,85,85,85,85,85,85,85,85,85,85,85,85,85,85,85,85,85,85,85,85,85,85,85,85,85,85,85,85,85,85,85,85,85,85,85,85,85,85,85,85],"card_choices":[{"not_picked":["Doom and Gloom","Gash"],"picked":"Conserve Battery","floor":1},{"not_picked":["Scrape","Rebound"],"picked":"Cold Snap","floor":3},{"not_picked":["Melter","Conserve Battery"],"picked":"Go for the Eyes","floor":6},{"not_picked":["Turbo","Streamline"],"picked":"Ball Lightning","floor":8},{"not_picked":["Static Discharge","Conserve Battery","Recycle"],"picked":"SKIP","floor":12},{"not_picked":["Genetic Algorithm","Double Energy"],"picked":"Steam","floor":14},{"not_picked":["Multi-Cast","Hyperbeam"],"picked":"Creative AI","floor":16},{"not_picked":["Stack","Heatsinks"],"picked":"Compile Driver","floor":18},{"not_picked":["Sweeping Beam","Coolheaded+1","Redo+1"],"picked":"SKIP","floor":19},{"not_picked":["Compile Driver","Reprogram","Fusion"],"picked":"SKIP","floor":24},{"not_picked":["Go for the Eyes","Ball Lightning"],"picked":"Leap","floor":29},{"not_picked":["Genetic Algorithm+1","Stack"],"picked":"Hologram+1","floor":30},{"not_picked":["Streamline","Sweeping Beam","Barrage"],"picked":"SKIP","floor":31},{"not_picked":["Biased Cognition","Reboot"],"picked":"Amplify","floor":33},{"not_picked":["Rebound","Streamline","Conserve Battery"],"picked":"SKIP","floor":35},{"not_picked":["Conserve Battery","Coolheaded+1","Sweeping Beam+1"],"picked":"SKIP","floor":36},{"not_picked":["Thinking Ahead","Discovery"],"picked":"Blind","floor":39},{"not_picked":["Rebound","Leap"],"picked":"Turbo+1","floor":41},{"not_picked":["Multi-Cast","Streamline","Hello World+1"],"picked":"SKIP","floor":45},{"not_picked":["Compile Driver","FTL","Conserve Battery+1"],"picked":"SKIP","floor":48}],"player_experience":565456,"relics_obtained":[{"floor":6,"key":"Bottled Flame"},{"floor":8,"key":"Whetstone"},{"floor":9,"key":"Pear"},{"floor":12,"key":"Art of War"},{"floor":13,"key":"Omamori"},{"floor":21,"key":"Darkstone Periapt"},{"floor":24,"key":"Regal Pillow"},{"floor":26,"key":"Kunai"},{"floor":42,"key":"Calipers"},{"floor":43,"key":"Mercury Hourglass"},{"floor":45,"key":"Pen Nib"}],"event_choices":[{"damage_healed":0,"gold_gain":0,"player_choice":"Ignored","damage_taken":0,"max_hp_gain":0,"max_hp_loss":0,"event_name":"Golden Idol","floor":4,"gold_loss":0},{"damage_healed":0,"gold_gain":0,"player_choice":"Success","damage_taken":18,"relics_obtained":["Lantern"],"max_hp_gain":0,"max_hp_loss":0,"event_name":"Scrap Ooze","floor":11,"gold_loss":0},{"damage_healed":0,"gold_gain":0,"player_choice":"Ignored","damage_taken":0,"max_hp_gain":0,"max_hp_loss":0,"event_name":"Ghosts","floor":20,"gold_loss":0},{"cards_removed":["Defend_B"],"damage_healed":0,"gold_gain":0,"player_choice":"Removed Skill","damage_taken":0,"max_hp_gain":0,"max_hp_loss":0,"event_name":"Falling","floor":38,"gold_loss":0},{"damage_healed":0,"gold_gain":0,"player_choice":"Memory 1","damage_taken":0,"max_hp_gain":0,"max_hp_loss":0,"event_name":"SensoryStone","floor":39,"gold_loss":0},{"damage_healed":0,"gold_gain":0,"player_choice":"Fight","damage_taken":0,"max_hp_gain":0,"max_hp_loss":0,"event_name":"MindBloom","floor":42,"gold_loss":0},{"damage_healed":0,"gold_gain":0,"player_choice":"Paid","damage_taken":0,"relics_obtained":["Red Mask"],"max_hp_gain":0,"max_hp_loss":0,"event_name":"Tomb of Lord Red Mask","floor":47,"gold_loss":204}],"is_beta":true,"boss_relics":[{"not_picked":["Pandora\u0027s Box","Orrery"],"picked":"Lizard Tail"},{"not_picked":["Coffee Dripper","Fusion Hammer"],"picked":"White Beast Statue"}],"items_purged_floors":[22],"is_endless":false,"potions_floor_spawned":[1,3,18,19,30,31,33,35,36,41,42,45,48],"ascension_level":6}