{"gold_per_floor":[116,81,81,97,5,5,35,35,62,62,90,90,102,114,114,192,192,203,203,203,203,30,30,30,30,30,30,30,30,30,30,30,30],"floor_reached":33,"playtime":771,"items_purged":[],"score":453,"play_id":"697f39aa-001d-439f-b2be-e8f89cd8bad3","local_time":"20190211144947","is_ascension_mode":true,"campfire_choices":[{"data":"True Grit","floor":6,"key":"SMITH"},{"data":"Juggernaut","floor":8,"key":"SMITH"},{"floor":10,"key":"REST"},{"data":"Bash","floor":12,"key":"SMITH"},{"floor":15,"key":"REST"},{"floor":23,"key":"REST"},{"data":"J.A.X.","floor":27,"key":"SMITH"},{"data":"Havoc","floor":29,"key":"SMITH"},{"floor":32,"key":"REST"}],"neow_cost":"NONE","seed_source_timestamp":693166176873838,"circlet_count":0,"master_deck":["AscendersBane","Strike_R+1","Strike_R+1","Strike_R+1","Strike_R+1","Defend_R+1","Defend_R+1","Defend_R+1","Defend_R+1","Bash+1","Carnage","Juggernaut+1","Havoc+1","True Grit+1","Evolve","Infernal Blade","Dropkick","Sword Boomerang","Pommel Strike","Feed","Shrug It Off","J.A.X.+1"],"relics":["Black Blood","Whetstone","Red Skull","Vajra","Sundial","Bag of Marbles","Art of War","Blue Candle"],"potions_floor_usage":[7,7,20],"damage_taken":[{"damage":14,"enemies":"2 Louse","floor":1,"turns":2},{"damage":4,"enemies":"Small Slimes","floor":4,"turns":3},{"damage":24,"enemies":"Gremlin Nob","floor":7,"turns":4},{"damage":42,"enemies":"3 Sentries","floor":11,"turns":7},{"damage":3,"enemies":"Jaw Worm","floor":13,"turns":3},{"damage":13,"enemies":"2 Fungi Beasts","floor":14,"turns":3},{"damage":24,"enemies":"Slime Boss","floor":16,"turns":6},{"damage":43,"enemies":"2 Thieves","floor":18,"turns":5},{"damage":27,"enemies":"Colosseum Slavers","floor":20,"turns":4},{"damage":67,"enemies":"Collector","floor":33,"turns":5}],"seed_played":"2508236373559713802","potions_obtained":[{"floor":1,"key":"SteroidPotion"},{"floor":4,"key":"SteroidPotion"},{"floor":18,"key":"Poison Potion"}],"is_trial":false,"path_per_floor":["M","?","?","M","$","R","E","R","T","R","E","R","M","M","R","B",null,"M","?","?","?","$","R","$","?","T","R","T","R","?","$","R","B"],"character_chosen":"IRONCLAD","items_purchased":["True Grit","Evolve","Bag of Marbles"],"campfire_rested":4,"item_purchase_floors":[5,5,22],"current_hp_per_floor":[60,75,75,75,75,75,57,57,57,75,39,39,42,35,57,39,66,36,36,19,19,19,42,42,42,42,42,42,42,42,42,65,0],"gold":30,"neow_bonus":"RANDOM_COMMON_RELIC","is_prod":false,"is_daily":false,"chose_seed":false,"campfire_upgraded":5,"win_rate":0,"timestamp":1549914587,"path_taken":["M","?","?","M","$","R","E","R","T","R","E","R","M","?","R","BOSS","M","?","?","?","$","R","?","?","T","R","?","R","?","?","R","BOSS"],"build_version":"2019-01-23","purchased_purges":0,"victory":false,"max_hp_per_floor":[75,75,75,75,75,75,75,75,75,75,75,75,75,75,75,75,75,78,78,78,78,78,78,78,78,78,78,78,78,78,78,78,78],"card_choices":[{"not_picked":["Cleave","Blood for Blood"],"picked":"Carnage","floor":1},{"not_picked":["Heavy Blade","Flex"],"picked":"Havoc","floor":4},{"not_picked":["Combust","Cleave"],"picked":"Infernal Blade","floor":7},{"not_picked":["Intimidate","Evolve"],"picked":"Dropkick","floor":11},{"not_picked":["Carnage","Iron Wave"],"picked":"Sword Boomerang","floor":13},{"not_picked":["Burning Pact","Headbutt"],"picked":"Pommel Strike","floor":14},{"not_picked":["Offering","Double Tap"],"picked":"Feed","floor":16},{"not_picked":["Cleave","Seeing Red"],"picked":"Shrug It Off","floor":18}],"player_experience":2398387,"relics_obtained":[{"floor":7,"key":"Red Skull"},{"floor":9,"key":"Vajra"},{"floor":11,"key":"Sundial"},{"floor":26,"key":"Art of War"},{"floor":28,"key":"Blue Candle"}],"event_choices":[{"damage_healed":18,"gold_gain":0,"player_choice":"Healed","damage_taken":0,"max_hp_gain":0,"max_hp_loss":0,"event_name":"The Cleric","floor":2,"gold_loss":35},{"damage_healed":0,"gold_gain":0,"cards_transformed":["Strike_R"],"player_choice":"Change","damage_taken":0,"max_hp_gain":0,"max_hp_loss":0,"event_name":"Living Wall","floor":3,"gold_loss":0,"cards_obtained":["Juggernaut"]},{"damage_healed":0,"gold_gain":0,"player_choice":"Simplicity","damage_taken":0,"max_hp_gain":0,"max_hp_loss":0,"event_name":"Back to Basics","floor":19,"gold_loss":0,"cards_upgraded":["Strike_R","Strike_R","Defend_R","Defend_R","Defend_R","Defend_R"]},{"damage_healed":0,"gold_gain":0,"player_choice":"Fight","damage_taken":0,"max_hp_gain":0,"max_hp_loss":0,"event_name":"Colosseum","floor":20,"gold_loss":0},{"damage_healed":0,"gold_gain":0,"player_choice":"Fled From Nobs","damage_taken":0,"max_hp_gain":0,"max_hp_loss":0,"event_name":"Colosseum","floor":20,"gold_loss":0},{"damage_healed":0,"gold_gain":0,"player_choice":"Ignored","damage_taken":0,"max_hp_gain":0,"max_hp_loss":0,"event_name":"Cursed Tome","floor":21,"gold_loss":0},{"damage_healed":0,"gold_gain":0,"player_choice":"Obtain J.A.X.","damage_taken":0,"max_hp_gain":0,"max_hp_loss":0,"event_name":"Drug Dealer","floor":25,"gold_loss":0,"cards_obtained":["J.A.X."]},{"damage_healed":0,"gold_gain":0,"player_choice":"Ignored","damage_taken":0,"max_hp_gain":0,"max_hp_loss":0,"event_name":"Ghosts","floor":30,"gold_loss":0}],"is_beta":false,"boss_relics":[{"not_picked":["Eternal Feather","Black Star"],"picked":"Black Blood"}],"items_purged_floors":[],"is_endless":false,"potions_floor_spawned":[1,4,18],"killed_by":"Collector","ascension_level":17}