{"gold_per_floor":[10,30,30,30,44,73,73,100,100,134,144,144,159,171,171,244,244,261,287,136,51,51,51,69,69,92,107,124,141,168,179,179,254,254,268,288,305,305,322,322,322,339,411,411,411,430,442,64,64,64],"floor_reached":51,"playtime":5576,"items_purged":["Strike_B","Strike_B"],"score":1388,"play_id":"5f0eec0c-2dcb-4506-95cc-083d04eebb9d","local_time":"20190212145159","is_ascension_mode":true,"campfire_choices":[{"data":"Buffer","floor":7.0,"key":"SMITH"},{"data":"Consume","floor":12.0,"key":"SMITH"},{"data":"Capacitor","floor":15.0,"key":"SMITH"},{"data":"Dualcast","floor":23.0,"key":"SMITH"},{"data":"Biased Cognition","floor":25.0,"key":"SMITH"},{"floor":32.0,"key":"REST"},{"floor":40,"key":"REST"},{"floor":44,"key":"REST"},{"floor":49,"key":"REST"}],"neow_cost":"NO_GOLD","seed_source_timestamp":0,"circlet_count":0,"master_deck":["AscendersBane","Strike_B","Strike_B","Defend_B","Defend_B","Defend_B","Defend_B+1","Zap+1","Dualcast+1","Buffer+1","Compile Driver","Cold Snap","Ball Lightning","Capacitor+1","BootSequence","Consume+1","Cold Snap","Biased Cognition+1","Conserve Battery+1","Defragment+1","Coolheaded","Go for the Eyes","Ball Lightning","Seek","Blizzard+1","Beam Cell+1","Turbo","Defragment","Chill+1"],"special_seed":0,"relics":["Cracked Core","Ornamental Fan","Mercury Hourglass","Kunai","Happy Flower","Black Star","Red Mask","Dream Catcher","War Paint","Cables","Torii","Lizard Tail","Letter Opener","Centennial Puzzle","Ancient Tea Set"],"potions_floor_usage":[39,50,50],"damage_taken":[{"damage":2.0,"enemies":"Small Slimes","floor":1.0,"turns":4.0},{"damage":2.0,"enemies":"Jaw Worm","floor":2.0,"turns":3.0},{"damage":0.0,"enemies":"Cultist","floor":5.0,"turns":3.0},{"damage":10.0,"enemies":"3 Sentries","floor":6.0,"turns":6.0},{"damage":8.0,"enemies":"Gremlin Nob","floor":8.0,"turns":5.0},{"damage":0.0,"enemies":"Lagavulin","floor":10.0,"turns":6.0},{"damage":0.0,"enemies":"2 Fungi Beasts","floor":11.0,"turns":2.0},{"damage":0.0,"enemies":"Large Slime","floor":13.0,"turns":4.0},{"damage":2.0,"enemies":"3 Louse","floor":14.0,"turns":2.0},{"damage":0.0,"enemies":"The Guardian","floor":16.0,"turns":8.0},{"damage":0.0,"enemies":"Shell Parasite","floor":18.0,"turns":4.0},{"damage":0.0,"enemies":"Masked Bandits","floor":19.0,"turns":3.0},{"damage":0.0,"enemies":"Chosen","floor":24.0,"turns":5.0},{"damage":0.0,"enemies":"Centurion and Healer","floor":27.0,"turns":5.0},{"damage":18.0,"enemies":"Snake Plant","floor":28.0,"turns":4.0},{"damage":14.0,"enemies":"Sentry and Sphere","floor":29.0,"turns":5.0},{"damage":0.0,"enemies":"Gremlin Leader","floor":30.0,"turns":4.0},{"damage":0.0,"enemies":"Chosen and Byrds","floor":31.0,"turns":5.0},{"damage":16.0,"enemies":"Champ","floor":33.0,"turns":11.0},{"damage":23,"enemies":"3 Darklings","floor":35,"turns":6},{"damage":0,"enemies":"3 Shapes","floor":36,"turns":4},{"damage":21,"enemies":"3 Darklings","floor":37,"turns":4},{"damage":2,"enemies":"Sphere and 2 Shapes","floor":39,"turns":4},{"damage":39,"enemies":"4 Shapes","floor":42,"turns":5},{"damage":1,"enemies":"Transient","floor":46,"turns":5},{"damage":1,"enemies":"Spire Growth","floor":47,"turns":4},{"damage":0,"enemies":"Donu and Deca","floor":50,"turns":12}],"seed_played":"1426954756025317962","potions_obtained":[{"floor":1.0,"key":"SteroidPotion"},{"floor":8.0,"key":"Explosive Potion"},{"floor":11.0,"key":"LiquidBronze"},{"floor":16.0,"key":"SpeedPotion"},{"floor":27.0,"key":"Dexterity Potion"},{"floor":28.0,"key":"Explosive Potion"},{"floor":29.0,"key":"PowerPotion"},{"floor":35,"key":"Explosive Potion"},{"floor":36,"key":"SpeedPotion"},{"floor":39,"key":"Swift Potion"},{"floor":47,"key":"Dexterity Potion"}],"is_trial":false,"path_per_floor":["M","M","?","?","M","E","R","E","T","E","M","R","M","M","R","B",null,"M","?","$","?","?","R","M","R","T","M","M","M","E","M","R","B",null,"M","M","M","?","M","R","?","M","T","R","?","M","M","$","R","B",null],"character_chosen":"DEFECT","items_purchased":["Defragment","Defragment","Ancient Tea Set","PowerPotion"],"campfire_rested":4,"item_purchase_floors":[20,48,48,48],"current_hp_per_floor":[62,60,60,60,60,50,50,42,42,42,42,42,42,40,40,40,63,63,63,63,63,63,63,63,63,63,63,45,31,31,31,52,36,62,39,39,18,18,16,37,37,35,35,56,56,55,54,54,71,71],"gold":64,"neow_bonus":"THREE_RARE_CARDS","is_prod":false,"is_daily":false,"chose_seed":false,"campfire_upgraded":5,"win_rate":0,"timestamp":1549983119,"path_taken":["M","M","?","?","M","E","R","E","T","E","M","R","M","?","R","BOSS","M","?","$","?","?","R","M","R","T","M","?","M","E","M","R","BOSS","M","?","M","?","M","R","?","?","T","R","?","M","M","$","R","BOSS"],"build_version":"2019-01-23","purchased_purges":2,"victory":true,"max_hp_per_floor":[71,71,71,71,71,71,71,71,71,71,71,71,71,71,71,71,71,71,71,71,71,71,71,71,71,71,71,71,71,71,71,71,71,71,71,71,71,71,71,71,71,71,71,71,71,71,71,71,71,71],"card_choices":[{"not_picked":["Thunder Strike","Machine Learning"],"picked":"Buffer","floor":0.0},{"not_picked":["White Noise","Beam Cell"],"picked":"Compile Driver","floor":1.0},{"not_picked":["Leap","Double Energy"],"picked":"Cold Snap","floor":2.0},{"not_picked":["Stack","Hello World"],"picked":"Ball Lightning","floor":5.0},{"not_picked":["Double Energy","Melter"],"picked":"Capacitor","floor":6.0},{"not_picked":["Ball Lightning","Fusion"],"picked":"BootSequence","floor":8.0},{"not_picked":["Sunder","Sweeping Beam"],"picked":"Conserve Battery","floor":10.0},{"not_picked":["Redo","Go for the Eyes"],"picked":"Consume","floor":11.0},{"not_picked":["Storm","Turbo","Darkness"],"picked":"SKIP","floor":13.0},{"not_picked":["Compile Driver","Ball Lightning"],"picked":"Cold Snap","floor":14.0},{"not_picked":["Creative AI","Machine Learning"],"picked":"Biased Cognition","floor":16.0},{"not_picked":["Coolheaded","Sweeping Beam"],"picked":"Conserve Battery","floor":18.0},{"not_picked":["Redo","Multi-Cast","Compile Driver"],"picked":"SKIP","floor":24.0},{"not_picked":["Ball Lightning","Conserve Battery","Force Field"],"picked":"SKIP","floor":27.0},{"not_picked":["Cold Snap","Redo"],"picked":"Coolheaded","floor":28.0},{"not_picked":["Conserve Battery+1","Aggregate"],"picked":"Go for the Eyes","floor":29.0},{"not_picked":["Chaos","Fusion","Ball Lightning"],"picked":"SKIP","floor":30.0},{"not_picked":["Hyperbeam","Coolheaded"],"picked":"Ball Lightning","floor":31.0},{"not_picked":["Fission","Amplify"],"picked":"Seek","floor":33.0},{"not_picked":["Static Discharge+1","BootSequence","Barrage"],"picked":"SKIP","floor":35},{"not_picked":["Redo+1","Sweeping Beam+1"],"picked":"Blizzard","floor":36},{"not_picked":["Leap","Scrape","Tempest"],"picked":"SKIP","floor":37},{"not_picked":["Static Discharge+1","FTL+1"],"picked":"Beam Cell+1","floor":39},{"not_picked":["Heatsinks","Genetic Algorithm","Chill"],"picked":"SKIP","floor":42},{"not_picked":["Reinforced Body+1","Cold Snap"],"picked":"Turbo","floor":44},{"not_picked":["Amplify","Redo","Beam Cell"],"picked":"SKIP","floor":46},{"not_picked":["Hologram","Streamline+1","Recycle"],"picked":"SKIP","floor":47},{"not_picked":["Chaos","Go for the Eyes"],"picked":"Chill+1","floor":49}],"player_experience":290336,"relics_obtained":[{"floor":6.0,"key":"Ornamental Fan"},{"floor":8.0,"key":"Mercury Hourglass"},{"floor":9.0,"key":"Kunai"},{"floor":10.0,"key":"Happy Flower"},{"floor":19.0,"key":"Red Mask"},{"floor":26.0,"key":"War Paint"},{"floor":30.0,"key":"Cables"},{"floor":30.0,"key":"Torii"},{"floor":43,"key":"Letter Opener"}],"event_choices":[{"damage_healed":0.0,"max_hp_gain":0.0,"max_hp_loss":0.0,"gold_gain":0.0,"event_name":"Shining Light","player_choice":"Ignored","floor":3.0,"gold_loss":0.0,"damage_taken":0.0},{"damage_healed":0.0,"max_hp_gain":0.0,"max_hp_loss":0.0,"gold_gain":0.0,"event_name":"Upgrade Shrine","player_choice":"Upgraded","floor":4.0,"gold_loss":0.0,"damage_taken":0.0,"cards_upgraded":["Zap"]},{"damage_healed":0.0,"max_hp_gain":0.0,"max_hp_loss":0.0,"gold_gain":0.0,"event_name":"Masked Bandits","player_choice":"Fought Bandits","floor":19.0,"gold_loss":0.0,"damage_taken":0.0},{"damage_healed":0.0,"max_hp_gain":0.0,"max_hp_loss":0.0,"gold_gain":0.0,"event_name":"Addict","player_choice":"Obtained Relic","floor":21.0,"gold_loss":85.0,"damage_taken":0.0,"relics_obtained":["Dream Catcher"]},{"damage_healed":0.0,"max_hp_gain":0.0,"max_hp_loss":0.0,"gold_gain":0.0,"event_name":"Upgrade Shrine","player_choice":"Upgraded","floor":22.0,"gold_loss":0.0,"damage_taken":0.0,"cards_upgraded":["Defragment"]},{"damage_healed":0,"gold_gain":0,"player_choice":"Memory 1","damage_taken":0,"max_hp_gain":0,"max_hp_loss":0,"event_name":"SensoryStone","floor":38,"gold_loss":0},{"damage_healed":0,"gold_gain":0,"player_choice":"Upgraded","damage_taken":0,"max_hp_gain":0,"max_hp_loss":0,"event_name":"Upgrade Shrine","floor":41,"gold_loss":0,"cards_upgraded":["Blizzard"]},{"cards_removed":["Conserve Battery"],"damage_healed":0,"gold_gain":0,"player_choice":"Gave Card","damage_taken":0,"relics_obtained":["Centennial Puzzle"],"max_hp_gain":0,"max_hp_loss":0,"event_name":"WeMeetAgain","floor":45,"gold_loss":0}],"is_beta":false,"boss_relics":[{"not_picked":["Fusion Hammer","White Beast Statue"],"picked":"Black Star"},{"not_picked":["Philosopher\u0027s Stone","Snecko Eye"],"picked":"Lizard Tail"}],"items_purged_floors":[20,48],"is_endless":false,"potions_floor_spawned":[1,8,11,16,18,27,28,29,35,36,39,47],"ascension_level":15}