{"path_per_floor":["M","$","?","?","?","E","R","$","T","E","M","M","M","M","R","B",null,"M","M"],"character_chosen":"DEFECT","items_purchased":["Chaos"],"gold_per_floor":[112,37,112,77,77,102,102,23,48,78,88,102,114,124,124,227,227,243,256,256],"floor_reached":20,"campfire_rested":1,"playtime":1057,"item_purchase_floors":[8],"current_hp_per_floor":[68,68,57,75,68,68,68,68,68,68,70,72,52,43,65,51,69,47,4,0],"items_purged":["Strike_B"],"gold":256,"score":304,"play_id":"e5dad46e-6c63-4715-a6a9-7523a1a6bdcd","local_time":"20180622132728","is_prod":false,"is_daily":false,"chose_seed":false,"is_ascension_mode":true,"campfire_upgraded":1,"win_rate":0,"timestamp":1529688448,"campfire_choices":[{"data":"Zap","floor":7,"key":"SMITH"},{"floor":15,"key":"REST"}],"path_taken":["M","$","?","?","?","E","R","?","T","E","M","M","?","M","R","BOSS","M","M","?"],"build_version":"2018-06-21","seed_source_timestamp":726675266551207,"purchased_purges":1,"circlet_count":0,"victory":false,"master_deck":["Strike_B","Strike_B","Defend_B","Defend_B","Defend_B","Defend_B","Zap+1","Dualcast+1","Genetic Algorithm+1","Tempest","Chaos","Coolheaded","Cold Snap","Coolheaded","Glacier","Conserve Battery","Fission","Redo","Streamline","Capacitor","Coolheaded","Cold Snap","Cold Snap"],"max_hp_per_floor":[75,75,75,75,75,75,75,75,75,75,75,75,75,75,75,75,75,75,75,75],"relics":["Cracked Core","NeowsBlessing","Happy Flower","War Paint","Blood Vial","Orrery"],"card_choices":[{"not_picked":["Ball Lightning","Blizzard"],"picked":"Genetic Algorithm","floor":1},{"not_picked":["Steam Power","Reinforced Body"],"picked":"Tempest","floor":6},{"not_picked":["Force Field","Core Surge"],"picked":"Coolheaded","floor":10},{"not_picked":["BootSequence","Tempest"],"picked":"Cold Snap","floor":11},{"not_picked":["Hologram","Leap"],"picked":"Coolheaded","floor":12},{"not_picked":["Loop","Aggregate"],"picked":"Glacier","floor":13},{"not_picked":["Gash","Beam Cell"],"picked":"Conserve Battery","floor":14},{"not_picked":["Thunder Strike","Seek"],"picked":"Fission","floor":16},{"not_picked":["Rebound","Aggregate"],"picked":"Redo","floor":17},{"not_picked":["Loop","Darkness"],"picked":"Streamline","floor":17},{"not_picked":["Redo","Glacier"],"picked":"Capacitor","floor":17},{"not_picked":["Recycle","Force Field"],"picked":"Coolheaded","floor":17},{"not_picked":["Biased Cognition","White Noise"],"picked":"Cold Snap","floor":17},{"not_picked":["Heatsinks","Tempest"],"picked":"Cold Snap","floor":18},{"not_picked":["Leap","Conserve Battery","Stack"],"picked":"SKIP","floor":19}],"player_experience":714365,"potions_floor_usage":[16,16,16,20],"damage_taken":[{"damage":0,"enemies":"Small Slimes","floor":1,"turns":1},{"damage":0,"enemies":"Gremlin Nob","floor":6,"turns":1},{"damage":0,"enemies":"3 Sentries","floor":10,"turns":1},{"damage":0,"enemies":"2 Louse","floor":11,"turns":2},{"damage":0,"enemies":"Cultist","floor":12,"turns":3},{"damage":22,"enemies":"Exordium Wildlife","floor":13,"turns":5},{"damage":11,"enemies":"Looter","floor":14,"turns":2},{"damage":16,"enemies":"Hexaghost","floor":16,"turns":13},{"damage":24,"enemies":"Spheric Guardian","floor":18,"turns":4},{"damage":45,"enemies":"3 Byrds","floor":19,"turns":6},{"damage":6,"enemies":"Snake Plant","floor":20,"turns":4}],"relics_obtained":[{"floor":6,"key":"Happy Flower"},{"floor":9,"key":"War Paint"},{"floor":10,"key":"Blood Vial"}],"event_choices":[{"event_name":"World of Goop","player_choice":"Gather Gold","floor":3,"damage_taken":0},{"event_name":"The Cleric","player_choice":"Healed","floor":4,"damage_taken":0},{"event_name":"Golden Wing","player_choice":"Card Removal","floor":5,"damage_taken":0}],"boss_relics":[{"not_picked":["Astrolabe","Runic Dome"],"picked":"Orrery"}],"items_purged_floors":[2],"is_endless":false,"potions_floor_spawned":[1,6,11,14,19],"seed_played":"-1756303666778066375","killed_by":"Snake Plant","ascension_level":6,"potions_obtained":[{"floor":1,"key":"PowerPotion"},{"floor":6,"key":"Swift Potion"},{"floor":11,"key":"Block Potion"},{"floor":14,"key":"Block Potion"},{"floor":19,"key":"Weak Potion"}],"is_trial":false}