{"gold_per_floor":[114,114,129,144,69,99,49,79,79,79,104,104,134,149,149,249,249,264,92,107,122,20,50,50,50,50,65,65,80,110,125,125,225,225,240,255,255,259,274,274,289,319,399,414,414,414,33,48,48,48],"floor_reached":51,"playtime":2866,"items_purged":["Strike_G","Strike_R","Writhe"],"score":812,"play_id":"18db17d5-be85-404a-a7a1-600a0c47edc0","local_time":"20181016115848","daily_mods":["Chimera","Colorless Cards","Careless"],"is_ascension_mode":false,"campfire_choices":[{"data":"Armaments","floor":10.0,"key":"SMITH"},{"data":"Shockwave","floor":15.0,"key":"SMITH"},{"data":"Spot Weakness","floor":24.0,"key":"SMITH"},{"data":"Limit Break","floor":32.0,"key":"SMITH"},{"data":"Blind","floor":40,"key":"SMITH"},{"data":"Whirlwind","floor":49,"key":"SMITH"}],"neow_cost":"","seed_source_timestamp":0,"circlet_count":0,"master_deck":["Bash","Survivor","Zap","Strike_B+1","Defend_R","Defend_B","Shockwave+1","Carnage","Armaments+1","Rupture+1","Thunderclap+1","Offering","Shrug It Off","Sadistic Nature+1","Corruption+1","Burning Pact","Pommel Strike","The Bomb","Spot Weakness+1","True Grit","Dramatic Entrance+1","Shrug It Off","Limit Break+1","Blind+1","Sword Boomerang","Evolve+1","Panache+1","Armaments+1","Headbutt+1","Secret Technique","Dramatic Entrance","Flash of Steel","Flex+1","Battle Trance+1","Rampage+1","Twin Strike","Writhe","Whirlwind+1","True Grit","Infernal Blade","Trip","Secret Technique"],"special_seed":17820,"relics":["Burning Blood","Frozen Egg 2","Pear","Potion Belt","Self Forming Clay","Juzu Bracelet","Champion Belt","Orrery","Whetstone","Bag of Preparation","Meat on the Bone","Dodecahedron","Philosopher\u0027s Stone","Nunchaku","Darkstone Periapt","Tiny Chest"],"potions_floor_usage":[38,38,50,50,50,50,50],"damage_taken":[{"damage":5.0,"enemies":"2 Louse","floor":1.0,"turns":3.0},{"damage":0.0,"enemies":"Cultist","floor":3.0,"turns":5.0},{"damage":0.0,"enemies":"Jaw Worm","floor":4.0,"turns":3.0},{"damage":25.0,"enemies":"Lagavulin","floor":6.0,"turns":9.0},{"damage":32.0,"enemies":"3 Sentries","floor":8.0,"turns":7.0},{"damage":12.0,"enemies":"Gremlin Nob","floor":13.0,"turns":3.0},{"damage":9.0,"enemies":"Large Slime","floor":14.0,"turns":4.0},{"damage":35.0,"enemies":"Slime Boss","floor":16.0,"turns":12.0},{"damage":20.0,"enemies":"Spheric Guardian","floor":18.0,"turns":5.0},{"damage":20.0,"enemies":"2 Thieves","floor":20.0,"turns":4.0},{"damage":6.0,"enemies":"3 Cultists","floor":21.0,"turns":3.0},{"damage":6.0,"enemies":"Gremlin Leader","floor":23.0,"turns":5.0},{"damage":6.0,"enemies":"Snecko","floor":27.0,"turns":4.0},{"damage":21.0,"enemies":"Snake Plant","floor":29.0,"turns":3.0},{"damage":23.0,"enemies":"Book of Stabbing","floor":30.0,"turns":7.0},{"damage":12.0,"enemies":"Chosen and Byrds","floor":31.0,"turns":3.0},{"damage":51.0,"enemies":"Automaton","floor":33.0,"turns":10.0},{"damage":7,"enemies":"Orb Walker","floor":35,"turns":3},{"damage":23,"enemies":"3 Darklings","floor":36,"turns":3},{"damage":12,"enemies":"Mysterious Sphere","floor":38,"turns":4},{"damage":6,"enemies":"Transient","floor":39,"turns":5},{"damage":32,"enemies":"Spire Growth","floor":41,"turns":4},{"damage":6,"enemies":"Giant Head","floor":42,"turns":6},{"damage":15,"enemies":"Sphere and 2 Shapes","floor":44,"turns":3},{"damage":14,"enemies":"Maw","floor":48,"turns":6},{"damage":42,"enemies":"Donu and Deca","floor":50,"turns":5}],"seed_played":"-5027048999782107507","potions_obtained":[{"floor":4.0,"key":"Explosive Potion"},{"floor":8.0,"key":"AttackPotion"},{"floor":13.0,"key":"FearPotion"},{"floor":16.0,"key":"Block Potion"},{"floor":20.0,"key":"Strength Potion"},{"floor":29.0,"key":"FearPotion"},{"floor":31.0,"key":"Poison Potion"},{"floor":33.0,"key":"Fire Potion"},{"floor":38,"key":"Ancient Potion"},{"floor":42,"key":"Dexterity Potion"}],"is_trial":false,"path_per_floor":["M","?","M","M","$","E","?","E","T","R","T","?","E","M","R","B",null,"M","$","M","M","$","E","R","?","T","M","?","M","E","M","R","B",null,"M","M","?","?","M","R","M","E","T","M","?","?","$","M","R","B"],"character_chosen":"IRONCLAD","items_purchased":["Spot Weakness","Shrug It Off","FearPotion","Whirlwind","True Grit","Infernal Blade","Trip"],"campfire_rested":0,"item_purchase_floors":[19,22,22,47,47,47,47],"current_hp_per_floor":[80,77,80,80,80,71,71,45,45,45,45,50,44,41,41,12,95,81,81,67,67,67,67,67,67,67,67,67,64,59,65,65,32,95,94,77,67,61,61,61,47,59,59,62,62,92,92,84,84,60],"gold":48,"neow_bonus":"","is_prod":false,"is_daily":true,"chose_seed":false,"campfire_upgraded":6,"win_rate":0,"timestamp":1539683928,"path_taken":["M","?","M","M","$","E","?","E","T","R","?","?","E","M","R","BOSS","M","$","M","M","$","E","R","?","T","M","?","M","E","M","R","BOSS","M","M","?","?","M","R","M","E","T","M","?","?","$","M","R","BOSS"],"build_version":"2018-10-11","purchased_purges":3,"victory":true,"max_hp_per_floor":[80,80,80,80,80,90,90,90,90,90,90,95,95,95,95,95,95,95,95,95,95,95,95,95,95,95,95,95,95,95,95,95,95,95,95,95,95,95,95,95,95,95,95,95,95,101,101,101,101,101],"card_choices":[{"not_picked":["Body Slam","Evolve"],"picked":"Shockwave","floor":1.0},{"not_picked":["Iron Wave","Rage"],"picked":"Carnage","floor":3.0},{"not_picked":["Forethought","Flex","Wild Strike"],"picked":"SKIP","floor":4.0},{"not_picked":["Thunderclap","Iron Wave","Good Instincts"],"picked":"SKIP","floor":6.0},{"not_picked":["Finesse","Bandage Up"],"picked":"Armaments","floor":8.0},{"not_picked":["Anger","Perfected Strike"],"picked":"Rupture+1","floor":13.0},{"not_picked":["Clothesline","Dramatic Entrance"],"picked":"Thunderclap","floor":14.0},{"not_picked":["Bludgeon","Panache+1"],"picked":"Offering","floor":16.0},{"not_picked":["Iron Wave","Cleave"],"picked":"Shrug It Off","floor":17.0},{"not_picked":["Wild Strike","Enlightenment"],"picked":"Sadistic Nature+1","floor":17.0},{"not_picked":["Dual Wield","Clash"],"picked":"Corruption+1","floor":17.0},{"not_picked":["Clothesline","Pommel Strike"],"picked":"Burning Pact","floor":17.0},{"not_picked":["Thunderclap","Ghostly Armor"],"picked":"Pommel Strike","floor":17.0},{"not_picked":["Armaments","Iron Wave"],"picked":"The Bomb","floor":18.0},{"not_picked":["Impatience","Flex"],"picked":"True Grit","floor":20.0},{"not_picked":["Clothesline","Wild Strike"],"picked":"Dramatic Entrance+1","floor":21.0},{"not_picked":["Reckless Charge","Dual Wield","Havoc"],"picked":"SKIP","floor":23.0},{"not_picked":["Trip","Armaments"],"picked":"Limit Break","floor":27.0},{"not_picked":["Deep Breath+1","Pommel Strike"],"picked":"Blind","floor":29.0},{"not_picked":["Warcry","Corruption+1"],"picked":"Sword Boomerang","floor":30.0},{"not_picked":["Purity","Second Wind"],"picked":"Evolve+1","floor":31.0},{"not_picked":["Juggernaut+1","Mayhem+1"],"picked":"Panache+1","floor":33.0},{"not_picked":["Impatience","Dual Wield"],"picked":"Armaments+1","floor":35},{"not_picked":["Deep Breath","True Grit"],"picked":"Headbutt+1","floor":36},{"not_picked":["Deep Breath","Good Instincts"],"picked":"Secret Technique","floor":37},{"not_picked":["Forethought","Trip"],"picked":"Dramatic Entrance","floor":37},{"not_picked":["Jack Of All Trades","Bandage Up"],"picked":"Flash of Steel","floor":37},{"not_picked":["Carnage","Power Through"],"picked":"Flex+1","floor":38},{"not_picked":["Pommel Strike+1","Power Through"],"picked":"Battle Trance+1","floor":39},{"not_picked":["Ghostly Armor","True Grit+1"],"picked":"Rampage+1","floor":41},{"not_picked":["Reckless Charge","Deep Breath"],"picked":"Twin Strike","floor":42},{"not_picked":["Hemokinesis","Headbutt+1","Twin Strike+1"],"picked":"SKIP","floor":44},{"not_picked":["Pommel Strike","Swift Strike+1"],"picked":"Secret Technique","floor":48}],"player_experience":1546308,"relics_obtained":[{"floor":6.0,"key":"Pear"},{"floor":8.0,"key":"Potion Belt"},{"floor":9.0,"key":"Self Forming Clay"},{"floor":11.0,"key":"Juzu Bracelet"},{"floor":13.0,"key":"Champion Belt"},{"floor":23.0,"key":"Whetstone"},{"floor":26.0,"key":"Bag of Preparation"},{"floor":30.0,"key":"Dodecahedron"},{"floor":38,"key":"Nunchaku"},{"floor":42,"key":"Darkstone Periapt"},{"floor":43,"key":"Tiny Chest"}],"event_choices":[{"event_name":"Scrap Ooze","player_choice":"success","floor":2.0,"damage_taken":3.0},{"event_name":"The Cleric","player_choice":"Card Removal","floor":7.0,"damage_taken":0.0},{"event_name":"Big Fish","player_choice":"Donut","floor":12.0,"damage_taken":0.0},{"event_name":"Beggar","player_choice":"Ignored","floor":25.0,"damage_taken":0.0},{"event_name":"The Mausoleum","player_choice":"Yes","floor":28.0,"damage_taken":0.0},{"event_name":"SensoryStone","player_choice":"Memory 3","floor":37,"damage_taken":0},{"event_name":"Mysterious Sphere","player_choice":"Fight","floor":38,"damage_taken":0},{"event_name":"Tomb of Lord Red Mask","player_choice":"Ignored","floor":45,"damage_taken":0},{"event_name":"Winding Halls","player_choice":"Writhe","floor":46,"damage_taken":0}],"is_beta":false,"boss_relics":[{"not_picked":["Pandora\u0027s Box","Fusion Hammer"],"picked":"Orrery"},{"not_picked":["Runic Pyramid","Calling Bell"],"picked":"Philosopher\u0027s Stone"}],"items_purged_floors":[5,19,47],"is_endless":false,"potions_floor_spawned":[4,8,13,16,20,29,31,33,35,38,42,44],"ascension_level":0}