{"gold_per_floor":[115,126,138,138,151,151,208,208,208,208,283,294,294,307,307,406,406,422,422,442,460,479,479,96,109,109,25,25,25,25,44,44,44],"floor_reached":33,"playtime":1346,"items_purged":["Bash"],"score":336,"play_id":"a85ab003-393c-499b-8bd1-13ff394e0160","local_time":"20181216234223","is_ascension_mode":true,"campfire_choices":[{"data":"Clothesline","floor":6,"key":"SMITH"},{"floor":8,"key":"REST"},{"data":"Twin Strike","floor":10,"key":"SMITH"},{"data":"Defend_R","floor":15,"key":"SMITH"},{"floor":23,"key":"REST"},{"floor":28,"key":"REST"},{"data":"Apotheosis","floor":32,"key":"SMITH"}],"neow_cost":"NONE","seed_source_timestamp":0,"circlet_count":0,"master_deck":["Strike_R","Strike_R","Strike_R","Strike_R","Strike_R","Defend_R+1","Defend_R","Defend_R","Defend_R","Clothesline+1","Twin Strike+1","Iron Wave","Perfected Strike+1","Battle Trance","Cleave+1","Demon Form","Iron Wave+1","Disarm","Heavy Blade+1","Metallicize","Entrench","Apotheosis+1","Pummel+1","Inflame","True Grit+1","Necronomicurse","Clothesline+1"],"special_seed":0,"relics":["Burning Blood","Molten Egg 2","Strawberry","Runic Cube","Toxic Egg 2","Necronomicon"],"potions_floor_usage":[7,7,16,20,20,20,25,31,33],"damage_taken":[{"damage":3.0,"enemies":"Small Slimes","floor":1.0,"turns":4.0},{"damage":8.0,"enemies":"2 Louse","floor":2.0,"turns":2.0},{"damage":0,"enemies":"Cultist","floor":3,"turns":4},{"damage":11,"enemies":"2 Fungi Beasts","floor":5,"turns":4},{"damage":44,"enemies":"3 Sentries","floor":7,"turns":12},{"damage":24,"enemies":"Lots of Slimes","floor":12,"turns":5},{"damage":0,"enemies":"Large Slime","floor":14,"turns":4},{"damage":57,"enemies":"The Guardian","floor":16,"turns":16},{"damage":27,"enemies":"Chosen","floor":18,"turns":5},{"damage":7,"enemies":"3 Byrds","floor":20,"turns":4},{"damage":18,"enemies":"Cultist and Chosen","floor":21,"turns":6},{"damage":17,"enemies":"Snake Plant","floor":22,"turns":4},{"damage":21,"enemies":"Shelled Parasite and Fungi","floor":25,"turns":10},{"damage":16,"enemies":"Centurion and Healer","floor":31,"turns":6},{"damage":90,"enemies":"Automaton","floor":33,"turns":10}],"seed_played":"6626691157994942056","potions_obtained":[{"floor":2,"key":"Weak Potion"},{"floor":3,"key":"Poison Potion"},{"floor":12,"key":"Weak Potion"},{"floor":19,"key":"SpeedPotion"},{"floor":19,"key":"Explosive Potion"},{"floor":19,"key":"PowerPotion"},{"floor":20,"key":"SpeedPotion"},{"floor":25,"key":"Regen Potion"},{"floor":31,"key":"Regen Potion"}],"is_trial":false,"path_per_floor":["M","M","M","M","?","M","R","?","R","T","R","?","M","?","M","R","B",null,"M","?","M","M","M","R","$","M","T","$","R","?","?","M","R","B"],"character_chosen":"IRONCLAD","items_purchased":["Metallicize","Entrench","Apotheosis","Inflame","True Grit+1"],"campfire_rested":3,"item_purchase_floors":[24,24,24,27,27],"current_hp_per_floor":[83,81,87,87,82,82,44,70,77,77,77,59,90,95,95,44,82,61,61,60,48,37,65,65,50,50,50,78,62,62,67,67,0],"gold":44,"neow_bonus":"TEN_PERCENT_HP_BONUS","is_prod":false,"is_daily":false,"chose_seed":false,"campfire_upgraded":4,"win_rate":0,"timestamp":1545025343,"path_taken":["M","M","M","?","M","R","?","R","T","R","?","M","?","M","R","BOSS","M","?","?","M","M","R","$","M","T","$","R","?","?","M","R","BOSS"],"build_version":"2018-12-13","purchased_purges":1,"victory":false,"max_hp_per_floor":[88,88,88,88,88,88,88,88,95,95,95,95,95,95,95,95,95,95,95,95,95,95,95,95,95,95,95,95,95,95,95,95,95],"card_choices":[{"not_picked":["Shrug It Off","Feel No Pain"],"picked":"Clothesline","floor":1.0},{"not_picked":["Headbutt","Clothesline"],"picked":"Twin Strike","floor":2},{"not_picked":["Flex","Feel No Pain"],"picked":"Iron Wave","floor":3},{"not_picked":["Havoc","Heavy Blade","Brutality"],"picked":"SKIP","floor":5},{"not_picked":["Cleave","Iron Wave"],"picked":"Perfected Strike","floor":7},{"not_picked":["Twin Strike+1","Bloodletting"],"picked":"Battle Trance","floor":12},{"not_picked":["Twin Strike+1","Wild Strike+1"],"picked":"Cleave+1","floor":14},{"not_picked":["Barricade","Reaper+1"],"picked":"Demon Form","floor":16},{"not_picked":["Pommel Strike+1","Wild Strike+1"],"picked":"Iron Wave+1","floor":18},{"not_picked":["Iron Wave+1","Evolve","Searing Blow+1"],"picked":"SKIP","floor":20},{"not_picked":["Headbutt+1","Rampage+1"],"picked":"Disarm","floor":21},{"not_picked":["Sword Boomerang+1","Wild Strike+1"],"picked":"Heavy Blade+1","floor":22},{"not_picked":["Headbutt+1","Cleave+1"],"picked":"Pummel+1","floor":25},{"not_picked":["Blood for Blood+1","Juggernaut","Iron Wave+1"],"picked":"SKIP","floor":31}],"player_experience":576560,"relics_obtained":[{"floor":7,"key":"Molten Egg 2"},{"floor":9,"key":"Strawberry"},{"floor":26,"key":"Toxic Egg 2"},{"floor":29,"key":"Necronomicon"}],"event_choices":[{"damage_healed":0,"gold_gain":0,"player_choice":"Ignored","damage_taken":0,"max_hp_gain":0,"max_hp_loss":0,"event_name":"Liars Game","floor":4,"gold_loss":0},{"damage_healed":0,"gold_gain":0,"player_choice":"Searched \u00271\u0027 times","damage_taken":0,"max_hp_gain":0,"max_hp_loss":0,"event_name":"Dead Adventurer","floor":7,"gold_loss":0},{"damage_healed":0,"gold_gain":75,"player_choice":"Gained Gold","damage_taken":0,"max_hp_gain":0,"max_hp_loss":0,"event_name":"Golden Wing","floor":11,"gold_loss":0},{"damage_healed":31,"gold_gain":0,"player_choice":"Banana","damage_taken":0,"max_hp_gain":0,"max_hp_loss":0,"event_name":"Big Fish","floor":13,"gold_loss":0},{"damage_healed":0,"gold_gain":0,"player_choice":"Got Potions","damage_taken":0,"max_hp_gain":0,"max_hp_loss":0,"event_name":"Lab","floor":19,"gold_loss":0},{"damage_healed":0,"gold_gain":0,"player_choice":"Obtained Book","damage_taken":16,"max_hp_gain":0,"max_hp_loss":0,"event_name":"Cursed Tome","floor":29,"gold_loss":0},{"damage_healed":0,"gold_gain":0,"player_choice":"Copied","damage_taken":0,"max_hp_gain":0,"max_hp_loss":0,"event_name":"Duplicator","floor":30,"gold_loss":0,"cards_obtained":["Clothesline"]}],"is_beta":true,"boss_relics":[{"not_picked":["Velvet Choker","Fusion Hammer"],"picked":"Runic Cube"}],"items_purged_floors":[24],"is_endless":false,"potions_floor_spawned":[2,3,12,20,25,31],"killed_by":"Automaton","ascension_level":6}