{"path_per_floor":["M","?","?","?","M","E","M","R","T","E","R","T","M","$","R","B",null,"M","?","M","$","?"],"character_chosen":"DEFECT","items_purchased":["Tiny Chest","Doom and Gloom","Panacea"],"gold_per_floor":[114,114,114,114,127,168,186,186,213,256,256,256,276,82,82,202,202,223,257,257,0,0,0],"floor_reached":23,"campfire_rested":0,"playtime":1325,"item_purchase_floors":[14,21,21],"current_hp_per_floor":[75,75,75,69,69,69,69,69,69,63,63,63,63,63,63,63,69,42,2,2,2,2,0],"items_purged":["Strike_B","Strike_B"],"gold":0,"score":313,"play_id":"e13fd388-c587-42c8-a691-4830f03bdefc","local_time":"20180613224356","is_prod":false,"is_daily":false,"chose_seed":false,"is_ascension_mode":true,"campfire_upgraded":3,"win_rate":0,"timestamp":1528944236,"campfire_choices":[{"data":"Buffer","floor":8,"key":"SMITH"},{"data":"Fusion","floor":11,"key":"SMITH"},{"data":"Hologram","floor":15,"key":"SMITH"}],"path_taken":["M","?","?","?","M","E","M","R","T","E","R","?","?","$","R","BOSS","M","?","?","?","?","M"],"build_version":"2018-06-07v3","seed_source_timestamp":617222071317871,"purchased_purges":2,"victory":false,"master_deck":["Strike_B","Defend_B","Defend_B+1","Defend_B","Defend_B","Zap","Dualcast","Chill","Finesse+1","Buffer+1","Hologram+1","Fusion+1","Leap","Ball Lightning","Cold Snap","Rainbow","Cold Snap","Sweeping Beam","Doom and Gloom","Panacea","Undo"],"max_hp_per_floor":[75,75,75,69,69,69,69,69,69,69,69,69,69,69,69,69,69,69,69,69,69,69,69],"relics":["Cracked Core","NeowsBlessing","Golden Idol","War Paint","Potion Belt","Pen Nib","Art of War","Tiny Chest","Black Star","Red Mask"],"card_choices":[{"not_picked":["Static Discharge","Steam Power"],"picked":"Chill","floor":1},{"not_picked":["Compile Driver","Stack"],"picked":"Fusion","floor":5},{"not_picked":["Hello World","Go for the Eyes"],"picked":"Leap","floor":6},{"not_picked":["Rip and Tear","Go for the Eyes","Compile Driver"],"picked":"SKIP","floor":7},{"not_picked":["Melter","Stack"],"picked":"Ball Lightning","floor":10},{"not_picked":["Steam","Leap"],"picked":"Cold Snap","floor":13},{"not_picked":["All For One","Seek"],"picked":"Rainbow","floor":16},{"not_picked":["Hologram","Compile Driver"],"picked":"Cold Snap","floor":18},{"not_picked":["Recycle","Streamline+1"],"picked":"Sweeping Beam","floor":19}],"player_experience":532269,"potions_floor_usage":[10,16,16,16,20],"damage_taken":[{"damage":0,"enemies":"Jaw Worm","floor":1,"turns":1},{"damage":0,"enemies":"Cultist","floor":5,"turns":1},{"damage":0,"enemies":"Lagavulin","floor":6,"turns":1},{"damage":0,"enemies":"Small Slimes","floor":7,"turns":3},{"damage":6,"enemies":"3 Sentries","floor":10,"turns":10},{"damage":0,"enemies":"Blue Slaver","floor":13,"turns":4},{"damage":0,"enemies":"The Guardian","floor":16,"turns":12},{"damage":27,"enemies":"2 Thieves","floor":18,"turns":5},{"damage":40,"floor":19,"turns":7},{"damage":0,"enemies":"Chosen","floor":20,"turns":5},{"damage":4,"enemies":"Snake Plant","floor":23,"turns":5}],"relics_obtained":[{"floor":6,"key":"War Paint"},{"floor":9,"key":"Potion Belt"},{"floor":10,"key":"Pen Nib"},{"floor":12,"key":"Art of War"},{"floor":19,"key":"Red Mask"}],"event_choices":[{"event_name":"Match and Keep!","player_choice":"3 cards matched","floor":2,"damage_taken":0},{"event_name":"Liars Game","player_choice":"disagreed","floor":3,"damage_taken":0},{"event_name":"Golden Idol","player_choice":"Lose Max HP","floor":4,"damage_taken":0},{"event_name":"Masked Bandits","player_choice":"Fought over 223 gold","floor":19,"damage_taken":0},{"event_name":"Transmorgrifier","player_choice":"Transform","floor":22,"damage_taken":0}],"boss_relics":[{"not_picked":["Pandora\u0027s Box","Calling Bell"],"picked":"Black Star"}],"items_purged_floors":[14,21],"potions_floor_spawned":[1,5,7,13,18],"seed_played":"3114498544553942053","killed_by":"Snake Plant","ascension_level":3,"potions_obtained":[{"floor":1,"key":"Block Potion"},{"floor":5,"key":"AttackPotion"},{"floor":7,"key":"Weak Potion"},{"floor":13,"key":"Weak Potion"},{"floor":18,"key":"SmokeBomb"}],"is_trial":false}