{"gold_per_floor":[110,20,20,20,35,35,67,67,121,121,151,165,165,189,189,260,260,275,286,48,48,48,48,67,67,143,123,123,42,42,66,66,143,143,155,155,55,65,65,65,90,102,102,134,157,201,213,244,256,268],"floor_reached":51,"playtime":2984,"items_purged":["Pain"],"score":1425,"play_id":"69edd1ff-2d1b-4ae7-8304-88a3c296bf9d","local_time":"20190204085758","is_ascension_mode":true,"campfire_choices":[{"data":"Uppercut","floor":6.0,"key":"SMITH"},{"data":"True Grit","floor":10.0,"key":"SMITH"},{"floor":15.0,"key":"REST"},{"data":"Spot Weakness","floor":23.0,"key":"SMITH"},{"floor":28.0,"key":"REST"},{"data":"Corruption","floor":32,"key":"SMITH"},{"data":"True Grit","floor":40,"key":"SMITH"},{"floor":47,"key":"REST"},{"floor":49,"key":"REST"}],"neow_cost":"NONE","seed_source_timestamp":65059625455062,"circlet_count":0,"master_deck":["AscendersBane","Defend_R","Defend_R","Defend_R","Bash+1","Shrug It Off","Uppercut+1","True Grit+1","Shrug It Off","Spot Weakness+1","Pommel Strike+1","Pommel Strike","Thunderclap+1","Fiend Fire","Anger+1","Rage+1","Heavy Blade+1","Thunderclap","Feel No Pain","Cleave","Sword Boomerang","Feel No Pain+1","Corruption+1","Limit Break","Rage","True Grit+1","Second Wind","Sentinel","Shrug It Off+1","Impervious","Shrug It Off","Double Tap","Disarm"],"special_seed":0,"relics":["Burning Blood","Pen Nib","Juzu Bracelet","Dead Branch","Odd Mushroom","Astrolabe","Happy Flower","WarpedTongs","Tiny Chest","Smiling Mask","Mark of Pain","Art of War","Potion Belt","MawBank","Whetstone"],"potions_floor_usage":[33,39,44,45,46],"damage_taken":[{"damage":9.0,"enemies":"Jaw Worm","floor":1.0,"turns":3.0},{"damage":0.0,"enemies":"Cultist","floor":5.0,"turns":3.0},{"damage":29.0,"enemies":"3 Sentries","floor":7.0,"turns":11.0},{"damage":20.0,"enemies":"Lagavulin","floor":11.0,"turns":7.0},{"damage":0.0,"enemies":"2 Louse","floor":12.0,"turns":2.0},{"damage":20.0,"enemies":"The Mushroom Lair","floor":14.0,"turns":5.0},{"damage":44.0,"enemies":"Slime Boss","floor":16.0,"turns":12.0},{"damage":13.0,"enemies":"Shell Parasite","floor":18.0,"turns":6.0},{"damage":7.0,"enemies":"Chosen","floor":19.0,"turns":3.0},{"damage":33.0,"enemies":"3 Cultists","floor":24.0,"turns":5.0},{"damage":27,"enemies":"Automaton","floor":33,"turns":8},{"damage":10,"enemies":"Orb Walker","floor":35,"turns":3},{"damage":0,"enemies":"3 Darklings","floor":38,"turns":4},{"damage":0,"enemies":"Spire Growth","floor":39,"turns":2},{"damage":9,"enemies":"Nemesis","floor":41,"turns":5},{"damage":0,"enemies":"Writhing Mass","floor":42,"turns":2},{"damage":4,"enemies":"Giant Head","floor":44,"turns":6},{"damage":7,"enemies":"4 Shapes","floor":45,"turns":4},{"damage":62,"enemies":"Reptomancer","floor":46,"turns":5},{"damage":6,"enemies":"Spire Growth","floor":48,"turns":5},{"damage":39,"enemies":"Awakened One","floor":50,"turns":8}],"seed_played":"4903562188993126580","potions_obtained":[{"floor":7.0,"key":"PowerPotion"},{"floor":11.0,"key":"LiquidBronze"},{"floor":12.0,"key":"Regen Potion"},{"floor":18.0,"key":"EssenceOfSteel"},{"floor":24.0,"key":"Energy Potion"},{"floor":27.0,"key":"Strength Potion"},{"floor":38,"key":"SmokeBomb"},{"floor":41,"key":"GamblersBrew"},{"floor":45,"key":"SkillPotion"}],"is_trial":false,"path_per_floor":["M","$","?","$","M","R","E","?","T","R","E","M","?","?","R","B",null,"M","M","$","?","?","R","M","?","T","?","R","$","?","T","R","B",null,"M","?","$","M","M","R","E","M","T","E","M","E","R","M","R","B",null],"character_chosen":"IRONCLAD","items_purchased":["Uppercut","True Grit","Feel No Pain","Happy Flower","Corruption","True Grit"],"campfire_rested":4,"item_purchase_floors":[2,2,20,20,29,37],"current_hp_per_floor":[65,65,65,65,71,71,48,48,48,48,34,40,45,45,69,31,68,61,60,60,60,60,60,33,33,33,33,57,57,73,73,73,52,73,69,69,69,75,80,80,77,80,80,80,79,23,47,47,71,38],"gold":280,"neow_bonus":"UPGRADE_CARD","is_prod":false,"is_daily":false,"chose_seed":false,"campfire_upgraded":5,"win_rate":0,"timestamp":1549288678,"path_taken":["M","$","?","?","M","R","E","?","T","R","E","M","?","?","R","BOSS","M","M","$","?","?","R","M","?","T","?","R","?","?","?","R","BOSS","M","?","$","M","M","R","E","M","T","E","M","E","R","M","R","BOSS"],"build_version":"2019-01-23","purchased_purges":1,"victory":true,"max_hp_per_floor":[75,75,75,75,75,75,75,75,75,75,75,75,80,80,80,80,80,80,80,80,80,80,80,80,80,80,80,80,80,80,80,80,80,80,80,80,80,80,80,80,80,80,80,80,80,80,80,80,80,80],"card_choices":[{"not_picked":["Clash","Sever Soul"],"picked":"Shrug It Off","floor":1.0},{"not_picked":["Power Through","Rampage"],"picked":"Shrug It Off","floor":5.0},{"not_picked":["Searing Blow","Pummel"],"picked":"Spot Weakness","floor":7.0},{"not_picked":["Seeing Red","Uppercut"],"picked":"Pommel Strike","floor":11.0},{"not_picked":["Shockwave","Heavy Blade"],"picked":"Pommel Strike","floor":12.0},{"not_picked":["Clothesline","Havoc"],"picked":"Thunderclap","floor":14.0},{"not_picked":["Brutality","Offering"],"picked":"Fiend Fire","floor":16.0},{"not_picked":["Iron Wave","Clash"],"picked":"Thunderclap","floor":18.0},{"not_picked":["Pommel Strike","Clash","Power Through"],"picked":"SKIP","floor":19.0},{"not_picked":["Flex","Thunderclap"],"picked":"Sword Boomerang","floor":24.0},{"not_picked":["Juggernaut","Berserk"],"picked":"Limit Break","floor":33},{"not_picked":["Burning Pact","Iron Wave"],"picked":"Rage","floor":35},{"not_picked":["Blood for Blood","Body Slam"],"picked":"Second Wind","floor":38},{"not_picked":["Havoc","Armaments+1"],"picked":"Sentinel","floor":41},{"not_picked":["Clash+1","Combust"],"picked":"Shrug It Off+1","floor":42},{"not_picked":["Iron Wave+1","Wild Strike"],"picked":"Impervious","floor":44},{"not_picked":["True Grit","Thunderclap"],"picked":"Shrug It Off","floor":45},{"not_picked":["Heavy Blade+1","Sword Boomerang"],"picked":"Double Tap","floor":46},{"not_picked":["Clash","Iron Wave"],"picked":"Disarm","floor":48}],"player_experience":2302107,"relics_obtained":[{"floor":7.0,"key":"Pen Nib"},{"floor":9.0,"key":"Juzu Bracelet"},{"floor":11.0,"key":"Dead Branch"},{"floor":14.0,"key":"Odd Mushroom"},{"floor":26.0,"key":"Tiny Chest"},{"floor":31,"key":"Smiling Mask"},{"floor":41,"key":"Art of War"},{"floor":43,"key":"Potion Belt"},{"floor":44,"key":"MawBank"},{"floor":46,"key":"Whetstone"}],"event_choices":[{"cards_removed":["Strike_R"],"damage_healed":0.0,"max_hp_gain":0.0,"max_hp_loss":0.0,"gold_gain":0.0,"event_name":"Bonfire Elementals","player_choice":"Offered Basic","floor":3.0,"gold_loss":0.0,"damage_taken":0.0},{"cards_removed":["Strike_R"],"damage_healed":0.0,"max_hp_gain":0.0,"max_hp_loss":0.0,"gold_gain":0.0,"event_name":"Purifier","player_choice":"Purged","floor":8.0,"gold_loss":0.0,"damage_taken":0.0},{"damage_healed":0.0,"max_hp_gain":5.0,"max_hp_loss":0.0,"gold_gain":0.0,"event_name":"Big Fish","player_choice":"Donut","floor":13.0,"gold_loss":0.0,"damage_taken":0.0},{"damage_healed":0.0,"max_hp_gain":0.0,"max_hp_loss":0.0,"gold_gain":0.0,"event_name":"Mushrooms","player_choice":"Fought Mushrooms","floor":14.0,"gold_loss":0.0,"damage_taken":0.0},{"damage_healed":0.0,"max_hp_gain":0.0,"max_hp_loss":0.0,"gold_gain":0.0,"event_name":"Accursed Blacksmith","player_choice":"Rummage","floor":21.0,"gold_loss":0.0,"damage_taken":0.0,"relics_obtained":["WarpedTongs"],"cards_obtained":["Pain"]},{"damage_healed":0.0,"max_hp_gain":0.0,"max_hp_loss":0.0,"gold_gain":0.0,"cards_transformed":["Defend_R"],"event_name":"Transmorgrifier","player_choice":"Transformed","floor":22.0,"gold_loss":0.0,"damage_taken":0.0,"cards_obtained":["Cleave"]},{"damage_healed":0.0,"max_hp_gain":0.0,"max_hp_loss":0.0,"gold_gain":0.0,"event_name":"Duplicator","player_choice":"Copied","floor":25.0,"gold_loss":0.0,"damage_taken":0.0,"cards_obtained":["Feel No Pain"]},{"damage_healed":0.0,"max_hp_gain":0.0,"max_hp_loss":0.0,"gold_gain":0.0,"event_name":"The Woman in Blue","player_choice":"Bought 1 Potion","floor":27.0,"gold_loss":0.0,"damage_taken":0.0},{"damage_healed":16,"gold_gain":0,"player_choice":"Heal","damage_taken":0,"max_hp_gain":0,"max_hp_loss":0,"event_name":"The Library","floor":30,"gold_loss":0},{"damage_healed":0,"gold_gain":0,"player_choice":"Upgraded","damage_taken":0,"max_hp_gain":0,"max_hp_loss":0,"event_name":"Upgrade Shrine","floor":36,"gold_loss":0,"cards_upgraded":["Feel No Pain"]}],"is_beta":false,"boss_relics":[{"not_picked":["Coffee Dripper","Runic Dome"],"picked":"Astrolabe"},{"not_picked":["Tiny House","Fusion Hammer"],"picked":"Mark of Pain"}],"items_purged_floors":[37],"is_endless":false,"potions_floor_spawned":[7,11,12,18,24,38,41,42,45],"ascension_level":16}