{"gold_per_floor":[113,73,89,89,101,113,160,172,184,227,29,0,17,17,17,120,120,133,133,58,6,6,6,6,24,24,24,24,39,39,54,54,156,156,169,41,54,73,73,73,73,73,73,85,85,85,103,103,103,103],"floor_reached":50,"playtime":1231,"items_purged":[],"score":469,"play_id":"3d420817-bafd-405c-b94c-69faff961f08","local_time":"20180725011746","is_ascension_mode":false,"campfire_choices":[{"data":"Crippling Poison","floor":6,"key":"SMITH"},{"data":"Neutralize","floor":8,"key":"SMITH"},{"floor":15,"key":"REST"},{"floor":23,"key":"REST"},{"floor":30,"key":"REST"},{"floor":32,"key":"REST"},{"floor":40,"key":"REST"},{"floor":42,"key":"REST"},{"floor":45,"key":"REST"},{"floor":49,"key":"REST"}],"neow_cost":"NONE","seed_source_timestamp":83603266989178,"circlet_count":0,"master_deck":["Defend_G+1","Defend_G+1","Defend_G+1","Defend_G+1","Defend_G+1","Strike_G+1","Strike_G+1","Strike_G+1","Strike_G+1","Survivor","Neutralize+1","Crippling Poison+1","Dagger Spray","Cloak And Dagger+1","Bouncing Flask","Footwork","Die Die Die","Footwork+1","RitualDagger","Predator+1","PiercingWail+1","Slice+1","Adrenaline","Caltrops","Footwork","Outmaneuver","Accuracy","Footwork","Madness","Madness","Outmaneuver+1","Decay"],"relics":["Ring of the Serpent","Juzu Bracelet","MawBank","Pen Nib","Tingsha","War Paint","Strange Spoon","Fusion Hammer","Mercury Hourglass","Ninja Scroll","Ornamental Fan"],"potions_floor_usage":[7,7,7,10,33,33,44,47,50],"damage_taken":[{"damage":14,"enemies":"2 Louse","floor":1,"turns":3},{"damage":5,"enemies":"Cultist","floor":3,"turns":5},{"damage":2,"enemies":"Lagavulin","floor":7,"turns":5},{"damage":25,"enemies":"3 Sentries","floor":10,"turns":5},{"damage":5,"enemies":"Jaw Worm","floor":13,"turns":4},{"damage":22,"enemies":"The Guardian","floor":16,"turns":9},{"damage":3,"enemies":"2 Thieves","floor":18,"turns":4},{"damage":5,"enemies":"Chosen","floor":25,"turns":5},{"damage":1,"enemies":"Slaver and Parasite","floor":29,"turns":5},{"damage":15,"enemies":"Snake Plant","floor":31,"turns":2},{"damage":51,"enemies":"Collector","floor":33,"turns":9},{"damage":14,"enemies":"3 Shapes","floor":35,"turns":3},{"damage":0,"enemies":"3 Darklings","floor":37,"turns":3},{"damage":17,"enemies":"Sphere and 2 Shapes","floor":38,"turns":4},{"damage":22,"enemies":"Maw","floor":44,"turns":6},{"damage":16,"enemies":"4 Shapes","floor":47,"turns":5},{"damage":76,"enemies":"Awakened One","floor":50,"turns":9}],"seed_played":"9016293146491062132","potions_obtained":[{"floor":1,"key":"Block Potion"},{"floor":2,"key":"Ancient Potion"},{"floor":2,"key":"Strength Potion"},{"floor":2,"key":"GhostInAJar"},{"floor":7,"key":"Explosive Potion"},{"floor":18,"key":"LiquidBronze"},{"floor":29,"key":"Swift Potion"},{"floor":38,"key":"PowerPotion"},{"floor":47,"key":"GhostInAJar"}],"is_trial":false,"path_per_floor":["M","?","M","?","?","R","E","R","T","E","$","?","M","$","R","B",null,"M","?","?","$","?","R","$","M","T","?","?","M","R","M","R","B",null,"M","$","M","M","?","R","?","R","T","M","R","$","M","?","R"],"character_chosen":"THE_SILENT","items_purchased":["Strange Spoon","PowerPotion","Footwork","Outmaneuver"],"campfire_rested":8,"item_purchase_floors":[11,21,36,36],"current_hp_per_floor":[56,56,51,51,44,44,42,42,42,17,17,17,12,12,33,11,70,67,61,61,61,61,70,70,65,65,65,65,64,70,55,70,19,70,56,56,56,39,39,60,51,70,70,48,69,69,53,53,70,0],"gold":103,"neow_bonus":"RANDOM_COMMON_RELIC","is_prod":false,"is_daily":false,"chose_seed":false,"campfire_upgraded":2,"win_rate":0,"timestamp":1532447266,"path_taken":["M","?","M","?","?","R","E","R","T","E","$","?","M","$","R","BOSS","M","?","?","$","?","R","$","M","T","?","?","M","R","M","R","BOSS","M","$","M","M","?","R","?","R","T","M","R","?","M","?","R","BOSS"],"build_version":"2018-07-19v2","purchased_purges":0,"victory":false,"max_hp_per_floor":[70,70,70,70,70,70,70,70,70,70,70,70,70,70,70,70,70,70,70,70,70,70,70,70,70,70,70,70,70,70,70,70,70,70,70,70,70,70,70,70,70,70,70,70,70,70,70,70,70,70],"card_choices":[{"not_picked":["Deflect","Cloak And Dagger"],"picked":"Crippling Poison","floor":1},{"not_picked":["Accuracy","Cloak And Dagger"],"picked":"Dagger Spray","floor":3},{"not_picked":["Backflip","PiercingWail"],"picked":"Cloak And Dagger","floor":7},{"not_picked":["Tactician","Well Laid Plans"],"picked":"Bouncing Flask","floor":10},{"not_picked":["Poisoned Stab","Backstab"],"picked":"Footwork","floor":13},{"not_picked":["Storm of Steel","Doppelganger"],"picked":"Die Die Die","floor":16},{"not_picked":["PiercingWail+1","Backflip"],"picked":"Footwork+1","floor":18},{"not_picked":["Outmaneuver","Noxious Fumes"],"picked":"Predator+1","floor":25},{"not_picked":["Blur","Deadly Poison"],"picked":"PiercingWail+1","floor":29},{"not_picked":["Backflip","Underhanded Strike"],"picked":"Slice+1","floor":31},{"not_picked":["Die Die Die","After Image"],"picked":"Adrenaline","floor":33},{"not_picked":["Endless Agony","Heel Hook+1"],"picked":"Caltrops","floor":35},{"not_picked":["Outmaneuver","Slice"],"picked":"Accuracy","floor":37},{"not_picked":["Well Laid Plans+1","Flying Knee"],"picked":"Footwork","floor":38},{"not_picked":["PiercingWail+1","Sucker Punch"],"picked":"Outmaneuver+1","floor":44},{"not_picked":["Outmaneuver","Deadly Poison","Footwork"],"picked":"SKIP","floor":47}],"player_experience":255735,"relics_obtained":[{"floor":7,"key":"Pen Nib"},{"floor":9,"key":"Tingsha"},{"floor":10,"key":"War Paint"},{"floor":26,"key":"Mercury Hourglass"},{"floor":43,"key":"Ornamental Fan"}],"event_choices":[{"event_name":"The Woman in Blue","player_choice":"Bought 3 Potions","floor":2,"damage_taken":0},{"event_name":"Big Fish","player_choice":"Box","floor":4,"damage_taken":0},{"event_name":"Golden Wing","player_choice":"Card Removal","floor":5,"damage_taken":0},{"event_name":"World of Goop","player_choice":"Left","floor":12,"damage_taken":0},{"event_name":"Nest","player_choice":"Joined the Cult","floor":19,"damage_taken":0},{"event_name":"Beggar","player_choice":"Gave Gold","floor":20,"damage_taken":0},{"event_name":"Back to Basics","player_choice":"Simplicity","floor":22,"damage_taken":0},{"event_name":"Addict","player_choice":"Ignored","floor":27,"damage_taken":0},{"event_name":"The Mausoleum","player_choice":"Yes","floor":28,"damage_taken":0},{"event_name":"Mysterious Sphere","player_choice":"Ignore","floor":39,"damage_taken":0},{"event_name":"Winding Halls","player_choice":"Embrace Madness","floor":41,"damage_taken":0},{"event_name":"Wheel of Change","player_choice":"Curse","floor":48,"damage_taken":0}],"is_beta":false,"boss_relics":[{"not_picked":["Tiny House","Philosopher\u0027s Stone"],"picked":"Fusion Hammer"},{"not_picked":["Coffee Dripper","Pandora\u0027s Box"],"picked":"Ring of the Serpent"}],"items_purged_floors":[],"is_endless":false,"potions_floor_spawned":[1,7,18,29,31,38,47],"killed_by":"Awakened One","ascension_level":0}