{"gold_per_floor":[117,117,136,148,164,164,184,218,218,218,19,46,65,97,97,198,198,216,216,315,335,335,363,379,379,379,411,454,483,506,537,549,665,677,708,51,51,151,26,26,71,0,0,31,51,83,83,93,93,93,93,93,13,40,40],"floor_reached":55,"playtime":3726,"items_purged":["Strike_G","Strike_G","Strike_G"],"score":862,"play_id":"538178fa-21e8-4670-8c6b-f4d722e98d4f","local_time":"20181210203424","is_ascension_mode":false,"campfire_choices":[{"floor":6,"key":"RECALL"},{"floor":10,"key":"REST"},{"floor":15,"key":"REST"},{"floor":32,"key":"REST"},{"floor":40,"key":"REST"},{"floor":49,"key":"REST"},{"floor":52,"key":"REST"}],"neow_cost":"NONE","seed_source_timestamp":183185005319490,"circlet_count":0,"master_deck":["Defend_G","Defend_G","Defend_G","Defend_G","Defend_G","Strike_G","Strike_G","Survivor","Neutralize+1","Deadly Poison","Blade Dance","Sucker Punch","Dodge and Roll","All Out Attack","Blade Dance","Infinite Blades","Backflip","Backflip","Cloak And Dagger","Backstab","After Image","Cloak And Dagger+1","Cloak And Dagger","Dash","Slice","Footwork","Accuracy+1","Predator","Dash+1","Cloak And Dagger","Unload","Slice+1","Noxious Fumes","Sadistic Nature","Finesse","Madness","Backflip","Dodge and Roll+1","Footwork","Leg Sweep+1"],"relics":["Fusion Hammer","Matryoshka","Oddly Smooth Stone","Question Card","Incense Burner","Bird Faced Urn","Philosopher\u0027s Stone","Tough Bandages","MawBank","Mercury Hourglass","Bag of Preparation","Lizard Tail","Meat on the Bone","Pocketwatch","Thread and Needle","Red Mask","Singing Bowl","Bottled Flame","Bronze Scales"],"potions_floor_usage":[8,8,16,23,25,28,29,29,33,35,41,41,46,55],"damage_taken":[{"damage":0,"enemies":"2 Louse","floor":1,"turns":3},{"damage":0,"enemies":"Cultist","floor":3,"turns":3},{"damage":5,"enemies":"Small Slimes","floor":4,"turns":3},{"damage":7,"enemies":"Looter","floor":5,"turns":3},{"damage":0,"enemies":"Exordium Wildlife","floor":7,"turns":4},{"damage":13,"enemies":"3 Sentries","floor":8,"turns":6},{"damage":15,"enemies":"Gremlin Nob","floor":12,"turns":4},{"damage":1,"enemies":"2 Fungi Beasts","floor":13,"turns":3},{"damage":5,"enemies":"3 Sentries","floor":14,"turns":6},{"damage":21,"enemies":"Hexaghost","floor":16,"turns":8},{"damage":2,"enemies":"Shell Parasite","floor":18,"turns":6},{"damage":15,"enemies":"Chosen","floor":21,"turns":5},{"damage":5,"enemies":"Book of Stabbing","floor":23,"turns":6},{"damage":0,"enemies":"Shelled Parasite and Fungi","floor":24,"turns":6},{"damage":0,"enemies":"Gremlin Leader","floor":25,"turns":3},{"damage":8,"enemies":"Centurion and Healer","floor":27,"turns":7},{"damage":17,"enemies":"Slavers","floor":28,"turns":5},{"damage":13,"enemies":"Snake Plant","floor":29,"turns":4},{"damage":0,"enemies":"3 Cultists","floor":30,"turns":5},{"damage":0,"enemies":"Shelled Parasite and Fungi","floor":31,"turns":5},{"damage":7,"enemies":"Champ","floor":33,"turns":12},{"damage":16,"enemies":"3 Darklings","floor":35,"turns":4},{"damage":0,"enemies":"Mind Bloom Boss Battle","floor":38,"turns":7},{"damage":17,"enemies":"2 Orb Walkers","floor":41,"turns":4},{"damage":12,"enemies":"Reptomancer","floor":44,"turns":8},{"damage":0,"enemies":"Orb Walker","floor":45,"turns":3},{"damage":31,"enemies":"Giant Head","floor":46,"turns":10},{"damage":3,"enemies":"Maw","floor":48,"turns":8},{"damage":40,"enemies":"Awakened One","floor":50,"turns":21},{"damage":61,"enemies":"Shield and Spear","floor":54,"turns":9},{"damage":98,"enemies":"The Heart","floor":55,"turns":9}],"seed_played":"-3844074682461716097","potions_obtained":[{"floor":3,"key":"Swift Potion"},{"floor":5,"key":"GhostInAJar"},{"floor":7,"key":"LiquidBronze"},{"floor":12,"key":"PowerPotion"},{"floor":14,"key":"SmokeBomb"},{"floor":16,"key":"FearPotion"},{"floor":23,"key":"Ancient Potion"},{"floor":27,"key":"Poison Potion"},{"floor":28,"key":"Fire Potion"},{"floor":30,"key":"Dexterity Potion"},{"floor":33,"key":"Swift Potion"},{"floor":38,"key":"Strength Potion"},{"floor":44,"key":"Block Potion"},{"floor":45,"key":"Ancient Potion"},{"floor":54,"key":"Energy Potion"}],"is_trial":false,"path_per_floor":["M","?","M","M","M","R","M","E","T","R","$","E","M","E","R","B",null,"M","?","?","M","?","E","M","E","T","M","E","M","M","M","R","B",null,"M","$","?","?","$","R","?","?","T","E","M","E","?","M","R","B",null,"R","$","E","B"],"character_chosen":"THE_SILENT","items_purchased":["Infinite Blades","Backflip","Meat on the Bone","Noxious Fumes","Sadistic Nature","Finesse","Footwork"],"campfire_rested":6,"item_purchase_floors":[11,11,36,36,36,36,53],"current_hp_per_floor":[70,70,70,65,58,58,58,45,45,66,66,51,50,45,66,49,70,69,56,56,45,45,44,48,50,50,46,35,26,32,40,62,63,75,61,61,52,64,64,75,60,60,60,62,70,50,50,61,83,53,83,83,83,42,0],"gold":40,"neow_bonus":"BOSS_RELIC","is_prod":false,"is_daily":false,"chose_seed":false,"campfire_upgraded":0,"win_rate":0,"timestamp":1544492064,"path_taken":["M","?","?","M","M","R","M","E","T","R","?","E","M","E","R","BOSS","M","?","?","M","?","E","M","E","T","M","E","M","?","M","R","BOSS","M","$","?","?","$","R","?","?","T","E","?","E","?","M","R","BOSS","R","$","E","BOSS"],"build_version":"2018-12-06","purchased_purges":3,"victory":false,"max_hp_per_floor":[70,70,70,70,70,70,70,70,70,70,70,70,70,70,70,70,70,70,75,75,75,75,75,75,75,75,75,75,75,75,75,75,75,75,75,75,75,75,75,75,75,75,75,77,79,81,81,83,83,83,83,83,83,83,83],"card_choices":[{"not_picked":["Heel Hook","PiercingWail"],"picked":"Deadly Poison","floor":1},{"not_picked":["PiercingWail","Dagger Spray"],"picked":"Blade Dance","floor":3},{"not_picked":["Underhanded Strike","Flying Knee"],"picked":"Sucker Punch","floor":4},{"not_picked":["Venomology","Catalyst"],"picked":"Dodge and Roll","floor":5},{"not_picked":["Sucker Punch","Prepared"],"picked":"All Out Attack","floor":7},{"not_picked":["Tactician","Caltrops"],"picked":"Blade Dance","floor":8},{"not_picked":["Catalyst","Outmaneuver","Finisher"],"picked":"Backflip","floor":12},{"not_picked":["Flechettes","Backflip","Skewer"],"picked":"Cloak And Dagger","floor":13},{"not_picked":["Dodge and Roll","Footwork","Bouncing Flask"],"picked":"Backstab","floor":14},{"not_picked":["Envenom","Glass Knife","Night Terror"],"picked":"After Image","floor":16},{"not_picked":["Bane","Distraction","Prepared"],"picked":"Cloak And Dagger+1","floor":18},{"not_picked":["Backflip","Dagger Spray+1","Poisoned Stab"],"picked":"Cloak And Dagger","floor":21},{"not_picked":["Backflip+1","Deadly Poison","Quick Slash"],"picked":"Dash","floor":23},{"not_picked":["Deadly Poison","Underhanded Strike","Outmaneuver+1"],"picked":"Slice","floor":24},{"not_picked":["Sucker Punch+1","Flechettes","Tools of the Trade"],"picked":"Footwork","floor":27},{"not_picked":["Expertise","Backflip","Dodge and Roll"],"picked":"Accuracy+1","floor":28},{"not_picked":["Leg Sweep","Dagger Spray+1","Quick Slash"],"picked":"Predator","floor":29},{"not_picked":["Heel Hook","Cloak And Dagger","Deflect"],"picked":"Dash+1","floor":30},{"not_picked":["Underhanded Strike","Deadly Poison+1","Slice"],"picked":"Cloak And Dagger","floor":31},{"not_picked":["Wraith Form v2","Grand Finale","Night Terror"],"picked":"Unload","floor":33},{"not_picked":["Poisoned Stab+1","Sucker Punch+1","Quick Slash+1"],"picked":"Slice+1","floor":35},{"not_picked":["Deflect+1","PiercingWail+1","Bane+1"],"picked":"Backflip","floor":38},{"not_picked":["Cloak And Dagger+1","All Out Attack","Distraction+1"],"picked":"Dodge and Roll+1","floor":41},{"not_picked":["Poisoned Stab+1","Sucker Punch+1","Blade Dance","Deflect"],"picked":"Singing Bowl","floor":44},{"not_picked":["Outmaneuver+1","Prepared+1","Caltrops+1","Flechettes+1"],"picked":"Singing Bowl","floor":45},{"not_picked":["Quick Slash","Grand Finale","Deadly Poison+1","Sucker Punch"],"picked":"Singing Bowl","floor":46},{"not_picked":["Poisoned Stab","Deflect","Dodge and Roll+1","Endless Agony+1"],"picked":"Singing Bowl","floor":48},{"not_picked":["Eviscerate","Quick Slash+1","Blade Dance"],"picked":"Leg Sweep+1","floor":54}],"player_experience":1848939,"relics_obtained":[{"floor":8,"key":"Matryoshka"},{"floor":9,"key":"Oddly Smooth Stone"},{"floor":9,"key":"Question Card"},{"floor":12,"key":"Incense Burner"},{"floor":14,"key":"Bird Faced Urn"},{"floor":23,"key":"Tough Bandages"},{"floor":26,"key":"MawBank"},{"floor":26,"key":"Mercury Hourglass"},{"floor":28,"key":"Bag of Preparation"},{"floor":38,"key":"Pocketwatch"},{"floor":41,"key":"Thread and Needle"},{"floor":44,"key":"Singing Bowl"},{"floor":46,"key":"Bottled Flame"},{"floor":54,"key":"Bronze Scales"}],"event_choices":[{"damage_healed":0,"gold_gain":0,"player_choice":"Upgraded","damage_taken":0,"max_hp_gain":0,"max_hp_loss":0,"event_name":"Upgrade Shrine","floor":2,"gold_loss":0,"cards_upgraded":["Neutralize"]},{"damage_healed":0,"gold_gain":0,"player_choice":"Shed Blood","damage_taken":18,"max_hp_gain":5,"max_hp_loss":0,"event_name":"Forgotten Altar","floor":19,"gold_loss":0},{"damage_healed":0,"gold_gain":99,"player_choice":"Stole From Cult","damage_taken":0,"max_hp_gain":0,"max_hp_loss":0,"event_name":"Nest","floor":20,"gold_loss":0},{"damage_healed":0,"gold_gain":0,"player_choice":"Ignored","damage_taken":0,"max_hp_gain":0,"max_hp_loss":0,"event_name":"Vampires","floor":22,"gold_loss":0},{"damage_healed":0,"gold_gain":0,"player_choice":"Embrace Madness","damage_taken":9,"max_hp_gain":0,"max_hp_loss":0,"event_name":"Winding Halls","floor":37,"gold_loss":0,"cards_obtained":["Madness","Madness"]},{"damage_healed":0,"gold_gain":0,"player_choice":"Fight","damage_taken":0,"max_hp_gain":0,"max_hp_loss":0,"event_name":"MindBloom","floor":38,"gold_loss":0},{"damage_healed":0,"gold_gain":0,"player_choice":"Fight","damage_taken":0,"max_hp_gain":0,"max_hp_loss":0,"event_name":"Mysterious Sphere","floor":41,"gold_loss":0},{"damage_healed":0,"gold_gain":0,"player_choice":"Paid","damage_taken":0,"relics_obtained":["Red Mask"],"max_hp_gain":0,"max_hp_loss":0,"event_name":"Tomb of Lord Red Mask","floor":42,"gold_loss":71},{"cards_removed":["Madness"],"damage_healed":0,"gold_gain":0,"player_choice":"Removed Skill","damage_taken":0,"max_hp_gain":0,"max_hp_loss":0,"event_name":"Falling","floor":47,"gold_loss":0}],"is_beta":false,"boss_relics":[{"not_picked":["White Beast Statue","Snecko Eye"],"picked":"Philosopher\u0027s Stone"},{"not_picked":["Cursed Key","Calling Bell"],"picked":"Lizard Tail"}],"items_purged_floors":[11,36,39],"is_endless":false,"potions_floor_spawned":[3,5,7,12,14,16,18,23,25,27,28,30,33,38,44,45,54],"killed_by":"The Heart","ascension_level":0}