{"gold_per_floor":[114,124,135,235,50,50,50,70,70,70,104,104,114,130,130,226,226,245,54,54,54,73,73,91,91],"floor_reached":25,"playtime":1386,"items_purged":[],"score":254,"play_id":"51c0f278-7d97-4650-855b-1be51ed2ad67","local_time":"20180707140454","is_ascension_mode":true,"campfire_choices":[{"data":"Neutralize","floor":6.0,"key":"SMITH"},{"floor":10.0,"key":"REST"},{"floor":12.0,"key":"REST"},{"floor":15.0,"key":"REST"},{"floor":23,"key":"REST"}],"neow_cost":"","seed_source_timestamp":0,"circlet_count":0,"master_deck":["Defend_G","Defend_G","Defend_G","Defend_G","Defend_G","Strike_G","Strike_G","Strike_G","Strike_G","Survivor","Neutralize+1","Choke","Poisoned Stab","Predator","Blade Dance","Finesse","Blur","After Image","Blade Dance","Backflip","A Thousand Cuts","Noxious Fumes","PiercingWail+1","PiercingWail"],"special_seed":0,"relics":["Ring of the Snake","The Courier","Bottled Lightning","Sozu","Shuriken"],"potions_floor_usage":[25],"damage_taken":[{"damage":0.0,"enemies":"Small Slimes","floor":1.0,"turns":3.0},{"damage":5.0,"enemies":"Cultist","floor":2.0,"turns":4.0},{"damage":0.0,"enemies":"2 Louse","floor":3.0,"turns":2.0},{"damage":0.0,"enemies":"2 Fungi Beasts","floor":8.0,"turns":3.0},{"damage":30.0,"enemies":"Lagavulin","floor":11.0,"turns":5.0},{"damage":15.0,"enemies":"Lots of Slimes","floor":13.0,"turns":4.0},{"damage":4.0,"enemies":"Exordium Wildlife","floor":14.0,"turns":3.0},{"damage":29.0,"enemies":"The Guardian","floor":16.0,"turns":19.0},{"damage":11,"enemies":"Spheric Guardian","floor":18,"turns":4},{"damage":31,"enemies":"3 Byrds","floor":22,"turns":5},{"damage":18,"enemies":"Snake Plant","floor":24,"turns":7},{"damage":10,"enemies":"Book of Stabbing","floor":25,"turns":4}],"seed_played":"-5700830344563299309","potions_obtained":[{"floor":1.0,"key":"Weak Potion"},{"floor":11.0,"key":"PowerPotion"},{"floor":13.0,"key":"Swift Potion"}],"is_trial":false,"path_per_floor":["M","M","M","?","$","R","?","M","T","R","E","R","M","M","R","B",null,"M","$","?","?","M","R","M"],"character_chosen":"THE_SILENT","items_purchased":["Blade Dance","Finesse","Shuriken"],"campfire_rested":4,"item_purchase_floors":[5,5,19],"current_hp_per_floor":[70,65,65,65,65,65,58,58,58,70,40,61,46,42,63,34,61,50,50,50,37,6,28,10,0],"gold":91,"neow_bonus":"","is_prod":false,"is_daily":false,"chose_seed":false,"campfire_upgraded":1,"win_rate":0,"timestamp":1530986694,"path_taken":["M","M","M","?","$","R","?","M","T","R","E","R","M","?","R","BOSS","M","$","?","?","?","R","M","E"],"build_version":"2018-07-05","purchased_purges":0,"victory":false,"max_hp_per_floor":[70,70,70,70,70,70,70,70,70,70,70,70,70,70,70,70,70,70,70,70,75,75,75,75,75],"card_choices":[{"not_picked":["Flechettes","Backflip"],"picked":"Choke","floor":1.0},{"not_picked":["Bane","Outmaneuver"],"picked":"Poisoned Stab","floor":2.0},{"not_picked":["Skewer","Outmaneuver"],"picked":"Predator","floor":3.0},{"not_picked":["Masterful Stab","PiercingWail"],"picked":"Blur","floor":8.0},{"not_picked":["Footwork","Accuracy"],"picked":"After Image","floor":11.0},{"not_picked":["Acrobatics","Outmaneuver"],"picked":"Blade Dance","floor":13.0},{"not_picked":["Acrobatics","Poisoned Stab"],"picked":"Backflip","floor":14.0},{"not_picked":["Unload","Venomology"],"picked":"A Thousand Cuts","floor":16.0},{"not_picked":["Slice+1","Cloak And Dagger"],"picked":"Noxious Fumes","floor":18},{"not_picked":["Deadly Poison","Acrobatics"],"picked":"PiercingWail+1","floor":22},{"not_picked":["Dagger Throw","Deadly Poison"],"picked":"PiercingWail","floor":24}],"player_experience":986383,"relics_obtained":[{"floor":9.0,"key":"The Courier"},{"floor":11.0,"key":"Bottled Lightning"}],"event_choices":[{"event_name":"Golden Shrine","player_choice":"Pray","floor":4.0,"damage_taken":0.0},{"event_name":"Golden Wing","player_choice":"Card Removal","floor":7.0,"damage_taken":0.0},{"event_name":"Drug Dealer","player_choice":"Ignored","floor":20,"damage_taken":0},{"event_name":"Forgotten Altar","player_choice":"Shed Blood","floor":21,"damage_taken":0}],"boss_relics":[{"not_picked":["Ectoplasm","Orrery"],"picked":"Sozu"}],"items_purged_floors":[],"is_endless":false,"potions_floor_spawned":[1,11,13,18],"killed_by":"Book of Stabbing","ascension_level":5}