{"gold_per_floor":[114,133,13,29,29,29,91,117,199,199,199,209,209,40,40,145,145,164,164,181,227,260,285,5,5,5,22,34,34,69,11,11,113,113,132,132,143,156,256,256,34,52,79,94,94,29,61,76,76,76,76,76,37,69,69],"floor_reached":55,"playtime":4095,"items_purged":["Strike_B","Strike_B"],"score":788,"play_id":"4c543935-1434-4dda-8d2e-40c77e755f15","local_time":"20181120195614","is_ascension_mode":false,"campfire_choices":[{"floor":6.0,"key":"RECALL"},{"floor":10.0,"key":"REST"},{"data":"Streamline","floor":13.0,"key":"SMITH"},{"data":"Glacier","floor":15.0,"key":"SMITH"},{"floor":29.0,"key":"REST"},{"floor":32.0,"key":"REST"},{"floor":40.0,"key":"REST"},{"floor":45.0,"key":"REST"},{"floor":49.0,"key":"REST"},{"floor":52,"key":"REST"}],"neow_cost":"NONE","seed_source_timestamp":241766597282921,"circlet_count":0,"master_deck":["Strike_B","Strike_B","Defend_B","Defend_B","Defend_B","Defend_B","Zap","Dualcast","Beam Cell","Melter","Streamline+1","Ball Lightning","Leap","Go for the Eyes","Glacier+1","Stack","Capacitor","Coolheaded","Echo Form","Defragment","Leap","Glacier","Consume","Capacitor","Stack+1","BootSequence+1","BootSequence+1","Defragment","Machine Learning","Coolheaded+1","Iron Wave","Redo+1","Defragment+1","Blizzard+1","Panache","Redo+1","Hologram+1","Blizzard","Chill+1","Coolheaded+1","Blizzard+1"],"special_seed":0,"relics":["Cracked Core","NeowsBlessing","Regal Pillow","Bag of Preparation","Mercury Hourglass","Nuclear Battery","Red Mask","Pear","Toxic Egg 2","The Courier","Symbiotic Virus","Fusion Hammer","WingedGreaves","Juzu Bracelet","Dream Catcher","Singing Bowl"],"potions_floor_usage":[50,54,55],"damage_taken":[{"damage":0.0,"enemies":"Jaw Worm","floor":1.0,"turns":1.0},{"damage":0.0,"enemies":"2 Louse","floor":2.0,"turns":1.0},{"damage":0.0,"enemies":"Cultist","floor":4.0,"turns":1.0},{"damage":36.0,"enemies":"3 Sentries","floor":7.0,"turns":7.0},{"damage":16.0,"enemies":"Gremlin Nob","floor":8.0,"turns":4.0},{"damage":16.0,"enemies":"Large Slime","floor":12.0,"turns":4.0},{"damage":1.0,"enemies":"The Guardian","floor":16.0,"turns":10.0},{"damage":6.0,"enemies":"Shell Parasite","floor":18.0,"turns":5.0},{"damage":0.0,"enemies":"Spheric Guardian","floor":20.0,"turns":2.0},{"damage":27.0,"enemies":"Masked Bandits","floor":22.0,"turns":6.0},{"damage":23.0,"enemies":"Slavers","floor":23.0,"turns":8.0},{"damage":28.0,"enemies":"Snecko","floor":27.0,"turns":6.0},{"damage":0.0,"enemies":"Centurion and Healer","floor":28.0,"turns":7.0},{"damage":39.0,"enemies":"Gremlin Leader","floor":30.0,"turns":10.0},{"damage":10.0,"enemies":"Champ","floor":33.0,"turns":14.0},{"damage":2.0,"enemies":"Orb Walker","floor":35.0,"turns":5.0},{"damage":0.0,"enemies":"3 Darklings","floor":37.0,"turns":6.0},{"damage":16.0,"enemies":"Maw","floor":38.0,"turns":10.0},{"damage":6.0,"enemies":"Mind Bloom Boss Battle","floor":39.0,"turns":9.0},{"damage":9.0,"enemies":"Spire Growth","floor":42.0,"turns":7.0},{"damage":0.0,"enemies":"Jaw Worm Horde","floor":44.0,"turns":6.0},{"damage":48.0,"enemies":"Reptomancer","floor":47.0,"turns":8.0},{"damage":10.0,"enemies":"4 Shapes","floor":48.0,"turns":5.0},{"damage":84,"enemies":"Awakened One","floor":50,"turns":21},{"damage":86,"enemies":"Shield and Spear","floor":54,"turns":9},{"damage":12,"enemies":"The Heart","floor":55,"turns":2}],"seed_played":"-5440938308906947242","potions_obtained":[{"floor":2.0,"key":"Dexterity Potion"},{"floor":4.0,"key":"SpeedPotion"},{"floor":8.0,"key":"PowerPotion"},{"floor":20.0,"key":"Block Potion"},{"floor":27.0,"key":"Regen Potion"},{"floor":28.0,"key":"FairyPotion"},{"floor":33.0,"key":"Explosive Potion"},{"floor":37.0,"key":"SteroidPotion"},{"floor":39.0,"key":"Fruit Juice"},{"floor":44.0,"key":"Energy Potion"},{"floor":54,"key":"Block Potion"}],"is_trial":false,"path_per_floor":["M","M","$","M","?","R","?","E","T","R","?","M","R","$","R","B",null,"M","?","M","T","?","E","$","?","T","M","M","R","E","$","R","B",null,"M","?","M","M","?","R","$","M","T","M","R","$","E","M","R","B",null,"R","$","E","B"],"character_chosen":"DEFECT","items_purchased":["Coolheaded","Streamline","Ball Lightning","Capacitor","Coolheaded","Capacitor","Toxic Egg 2","Defragment","Panache","Blizzard","Fire Potion"],"campfire_rested":7,"item_purchase_floors":[3,3,3,14,14,24,24,31,41,46,53],"current_hp_per_floor":[75,75,75,75,80,80,44,28,28,67,67,51,51,51,51,50,80,74,74,74,74,47,34,34,34,34,6,21,63,24,24,66,56,90,88,88,88,72,71,95,95,86,86,86,95,95,47,37,80,8,95,95,95,11,0],"gold":69,"neow_bonus":"THREE_ENEMY_KILL","is_prod":false,"is_daily":false,"chose_seed":false,"campfire_upgraded":2,"win_rate":0,"timestamp":1542761774,"path_taken":["M","M","$","M","?","R","?","E","T","R","?","?","R","$","R","BOSS","M","?","M","?","?","E","$","?","T","M","M","R","E","$","R","BOSS","M","?","M","?","?","R","?","?","T","M","R","$","E","M","R","BOSS","R","$","E","BOSS"],"build_version":"2018-11-15","purchased_purges":2,"victory":false,"max_hp_per_floor":[75,75,75,75,80,80,80,80,80,80,80,80,80,80,80,80,80,80,80,80,80,80,90,90,90,90,90,90,90,90,90,90,90,90,90,90,90,90,95,95,95,95,95,95,95,95,95,95,95,95,95,95,95,97,97],"card_choices":[{"not_picked":["Stack","Darkness"],"picked":"Beam Cell","floor":1.0},{"not_picked":["Genetic Algorithm","Compile Driver"],"picked":"Melter","floor":2.0},{"not_picked":["Gash","Barrage"],"picked":"Leap","floor":4.0},{"not_picked":["Hello World","Sweeping Beam"],"picked":"Go for the Eyes","floor":7.0},{"not_picked":["Skim","Defragment"],"picked":"Glacier","floor":8.0},{"not_picked":["Darkness","Recycle"],"picked":"Stack","floor":12.0},{"not_picked":["Buffer","Fission"],"picked":"Echo Form","floor":16.0},{"not_picked":["Steam","Reprogram","Streamline"],"picked":"SKIP","floor":18.0},{"not_picked":["Steam Power","Sweeping Beam"],"picked":"Leap","floor":20.0},{"not_picked":["Turbo","Consume"],"picked":"Glacier","floor":22.0},{"not_picked":["Reprogram","Conserve Battery"],"picked":"Consume","floor":23.0},{"not_picked":["Ball Lightning","Barrage"],"picked":"Stack+1","floor":27.0},{"not_picked":["Heatsinks","Sweeping Beam"],"picked":"BootSequence+1","floor":28.0},{"not_picked":["Turbo+1","Storm"],"picked":"BootSequence+1","floor":30.0},{"not_picked":["Rainbow+1","Amplify+1"],"picked":"Machine Learning","floor":33.0},{"not_picked":["Lockon","Compile Driver"],"picked":"Coolheaded+1","floor":35.0},{"not_picked":["Go for the Eyes+1","Coolheaded+1"],"picked":"Redo+1","floor":37.0},{"not_picked":["Go for the Eyes+1","Streamline+1"],"picked":"Defragment+1","floor":38.0},{"not_picked":["Conserve Battery+1","Self Repair+1"],"picked":"Blizzard+1","floor":39.0},{"not_picked":["Rebound","Fission+1"],"picked":"Redo+1","floor":42.0},{"not_picked":["Rebound","Barrage+1"],"picked":"Hologram+1","floor":44.0},{"not_picked":["Hello World+1","Skim+1"],"picked":"Chill+1","floor":47.0},{"not_picked":["Lockon","White Noise+1"],"picked":"Coolheaded+1","floor":48.0},{"not_picked":["Redo+1","Rebound"],"picked":"Blizzard+1","floor":49.0},{"not_picked":["Fusion+1","Hologram+1","Melter+1"],"picked":"Singing Bowl","floor":54}],"player_experience":1732551,"relics_obtained":[{"floor":7.0,"key":"Regal Pillow"},{"floor":8.0,"key":"Bag of Preparation"},{"floor":9.0,"key":"Mercury Hourglass"},{"floor":22.0,"key":"Red Mask"},{"floor":23.0,"key":"Pear"},{"floor":26.0,"key":"The Courier"},{"floor":30.0,"key":"Symbiotic Virus"},{"floor":39.0,"key":"WingedGreaves"},{"floor":43.0,"key":"Juzu Bracelet"},{"floor":47.0,"key":"Dream Catcher"},{"floor":54,"key":"Singing Bowl"}],"event_choices":[{"damage_healed":0.0,"max_hp_gain":5.0,"max_hp_loss":0.0,"gold_gain":0.0,"event_name":"Big Fish","player_choice":"Donut","floor":5.0,"gold_loss":0.0,"damage_taken":0.0},{"damage_healed":0.0,"max_hp_gain":0.0,"max_hp_loss":0.0,"gold_gain":0.0,"event_name":"Dead Adventurer","player_choice":"Searched \u00271\u0027 times","floor":7.0,"gold_loss":0.0,"damage_taken":0.0},{"damage_healed":0.0,"max_hp_gain":0.0,"max_hp_loss":0.0,"gold_gain":0.0,"event_name":"Match and Keep!","player_choice":"0 cards matched","floor":11.0,"gold_loss":0.0,"damage_taken":0.0,"cards_obtained":[]},{"damage_healed":0.0,"max_hp_gain":0.0,"max_hp_loss":0.0,"gold_gain":0.0,"event_name":"The Library","player_choice":"Read","floor":19.0,"gold_loss":0.0,"damage_taken":0.0,"cards_obtained":["Defragment"]},{"damage_healed":0.0,"max_hp_gain":0.0,"max_hp_loss":0.0,"gold_gain":0.0,"event_name":"Masked Bandits","player_choice":"Fought Bandits","floor":22.0,"gold_loss":0.0,"damage_taken":0.0},{"damage_healed":0.0,"max_hp_gain":0.0,"max_hp_loss":0.0,"gold_gain":0.0,"event_name":"Ghosts","player_choice":"Ignored","floor":25.0,"gold_loss":0.0,"damage_taken":0.0},{"cards_removed":["Coolheaded"],"damage_healed":0.0,"max_hp_gain":0.0,"max_hp_loss":0.0,"gold_gain":0.0,"event_name":"NoteForYourself","player_choice":"Took Card","floor":36.0,"gold_loss":0.0,"damage_taken":0.0,"cards_obtained":["Iron Wave"]},{"damage_healed":0.0,"max_hp_gain":0.0,"max_hp_loss":0.0,"gold_gain":0.0,"event_name":"MindBloom","player_choice":"Fight","floor":39.0,"gold_loss":0.0,"damage_taken":0.0}],"is_beta":false,"boss_relics":[{"not_picked":["Tiny House","Calling Bell"],"picked":"Nuclear Battery"},{"not_picked":["Eternal Feather","Coffee Dripper"],"picked":"Fusion Hammer"}],"items_purged_floors":[14,41],"is_endless":false,"potions_floor_spawned":[2,4,8,20,27,28,33,37,38,39,44,54],"killed_by":"The Heart","ascension_level":0}