{"gold_per_floor":[113,113,126,146,165,191,191,218,218,249,260,260,293,293,293,394,394,405,405,416,38,57,57,82,100,100,135,135,152,152,152,152,152],"floor_reached":33,"playtime":2361,"items_purged":["Strike_G"],"score":469,"play_id":"60be3a47-2f18-42a7-817e-b17792916ec7","local_time":"20190215140731","is_ascension_mode":true,"campfire_choices":[{"data":"Neutralize","floor":7.0,"key":"SMITH"},{"floor":12.0,"key":"REST"},{"data":"After Image","floor":15.0,"key":"SMITH"},{"floor":23.0,"key":"REST"},{"floor":28.0,"key":"REST"},{"floor":32.0,"key":"REST"}],"neow_cost":"NONE","seed_source_timestamp":76458905944159,"circlet_count":0,"master_deck":["Defend_G","Defend_G","Defend_G","Defend_G","Defend_G","Strike_G","Strike_G","Strike_G","Strike_G","Survivor","Neutralize+1","Deadly Poison","PiercingWail","Flying Knee","Quick Slash","Adrenaline","After Image+1","Night Terror","PiercingWail","Cloak And Dagger","Dodge and Roll","Noxious Fumes","After Image"],"special_seed":0,"relics":["Ring of the Snake","Paper Crane","Mango","Sundial","Gremlin Horn","Torii","Fusion Hammer","Shuriken","Ornamental Fan","Bag of Marbles","Enchiridion"],"potions_floor_usage":[33,33],"damage_taken":[{"damage":7.0,"enemies":"Jaw Worm","floor":1.0,"turns":6.0},{"damage":0.0,"enemies":"Cultist","floor":3.0,"turns":4.0},{"damage":2.0,"enemies":"2 Louse","floor":4.0,"turns":3.0},{"damage":3.0,"enemies":"Blue Slaver","floor":5.0,"turns":5.0},{"damage":18.0,"enemies":"Gremlin Nob","floor":6.0,"turns":3.0},{"damage":19.0,"enemies":"Lagavulin","floor":8.0,"turns":7.0},{"damage":39.0,"enemies":"Gremlin Nob","floor":10.0,"turns":5.0},{"damage":0.0,"enemies":"3 Louse","floor":11.0,"turns":3.0},{"damage":12.0,"enemies":"Lagavulin","floor":13.0,"turns":6.0},{"damage":86.0,"enemies":"Slime Boss","floor":16.0,"turns":19.0},{"damage":13.0,"enemies":"2 Thieves","floor":18.0,"turns":5.0},{"damage":10.0,"enemies":"Chosen","floor":20.0,"turns":7.0},{"damage":2.0,"enemies":"Shelled Parasite and Fungi","floor":22.0,"turns":8.0},{"damage":12.0,"enemies":"Book of Stabbing","floor":24.0,"turns":10.0},{"damage":0.0,"enemies":"Centurion and Healer","floor":25.0,"turns":8.0},{"damage":32.0,"enemies":"Gremlin Leader","floor":27.0,"turns":9.0},{"damage":0.0,"enemies":"Snecko","floor":29.0,"turns":7.0},{"damage":0.0,"enemies":"Book of Stabbing","floor":31.0,"turns":1.0},{"damage":82,"enemies":"Automaton","floor":33,"turns":12}],"seed_played":"4892462991937148155","potions_obtained":[{"floor":1.0,"key":"Fire Potion"},{"floor":3.0,"key":"Fire Potion"},{"floor":8.0,"key":"AttackPotion"},{"floor":11.0,"key":"EntropicBrew"},{"floor":13.0,"key":"Energy Potion"},{"floor":18.0,"key":"Swift Potion"},{"floor":22.0,"key":"SmokeBomb"},{"floor":29.0,"key":"Fruit Juice"}],"is_trial":false,"path_per_floor":["M","?","M","M","M","E","R","E","T","E","M","R","E","?","R","B",null,"M","?","M","$","M","R","E","M","T","E","R","M","?","E","R","B"],"character_chosen":"THE_SILENT","items_purchased":["Cloak And Dagger","Shuriken"],"campfire_rested":4,"item_purchase_floors":[21,21],"current_hp_per_floor":[70,75,75,73,70,52,52,47,47,8,8,36,24,96,96,10,75,62,43,33,33,31,61,49,49,49,17,47,52,36,36,67,0],"gold":152,"neow_bonus":"TEN_PERCENT_HP_BONUS","is_prod":false,"is_daily":false,"chose_seed":false,"campfire_upgraded":2,"win_rate":0,"timestamp":1550210851,"path_taken":["M","?","M","M","M","E","R","E","T","E","M","R","E","?","R","BOSS","M","?","M","$","M","R","E","M","T","E","R","M","?","E","R","BOSS"],"build_version":"2019-01-23","purchased_purges":1,"victory":false,"max_hp_per_floor":[77,82,82,82,82,82,82,96,96,96,96,96,96,96,96,96,96,96,101,101,101,101,101,101,101,101,101,101,106,106,106,106,106],"card_choices":[{"not_picked":["Finisher","Reflex","Backflip"],"picked":"SKIP","floor":1.0},{"not_picked":["Sucker Punch","Cloak And Dagger"],"picked":"Deadly Poison","floor":3.0},{"not_picked":["Blade Dance","Backflip"],"picked":"PiercingWail","floor":4.0},{"not_picked":["Dodge and Roll","Dagger Throw"],"picked":"Flying Knee","floor":5.0},{"not_picked":["Choke","Outmaneuver"],"picked":"Quick Slash","floor":6.0},{"not_picked":["Terror","Deadly Poison","Outmaneuver"],"picked":"SKIP","floor":8.0},{"not_picked":["Backflip","Prepared"],"picked":"Adrenaline","floor":10.0},{"not_picked":["Masterful Stab","Accuracy","Finisher"],"picked":"SKIP","floor":11.0},{"not_picked":["Choke","Dodge and Roll"],"picked":"After Image","floor":13.0},{"not_picked":["Venomology","Tools of the Trade"],"picked":"Night Terror","floor":16.0},{"not_picked":["Blade Dance","Distraction"],"picked":"PiercingWail","floor":18.0},{"not_picked":["Slice","Underhanded Strike","Flying Knee"],"picked":"SKIP","floor":20.0},{"not_picked":["Choke","Concentrate+1"],"picked":"Dodge and Roll","floor":22.0},{"not_picked":["Deflect+1","Finisher"],"picked":"Noxious Fumes","floor":24.0},{"not_picked":["Deadly Poison+1","Prepared","Flying Knee+1"],"picked":"SKIP","floor":25.0},{"not_picked":["Terror","Poisoned Stab+1"],"picked":"After Image","floor":27.0},{"not_picked":["Bouncing Flask+1","Finisher","Outmaneuver+1"],"picked":"SKIP","floor":29.0}],"player_experience":149990,"relics_obtained":[{"floor":6.0,"key":"Paper Crane"},{"floor":8.0,"key":"Mango"},{"floor":9.0,"key":"Sundial"},{"floor":10.0,"key":"Gremlin Horn"},{"floor":13.0,"key":"Torii"},{"floor":24.0,"key":"Ornamental Fan"},{"floor":27.0,"key":"Bag of Marbles"},{"floor":30.0,"key":"Enchiridion"}],"event_choices":[{"damage_healed":0.0,"max_hp_gain":5.0,"max_hp_loss":0.0,"gold_gain":0.0,"event_name":"Big Fish","player_choice":"Donut","floor":2.0,"gold_loss":0.0,"damage_taken":0.0},{"damage_healed":72.0,"max_hp_gain":0.0,"max_hp_loss":0.0,"gold_gain":0.0,"event_name":"Wheel of Change","player_choice":"Full Heal","floor":14.0,"gold_loss":0.0,"damage_taken":0.0},{"damage_healed":0.0,"max_hp_gain":5.0,"max_hp_loss":0.0,"gold_gain":0.0,"event_name":"Forgotten Altar","player_choice":"Shed Blood","floor":19.0,"gold_loss":0.0,"damage_taken":24.0},{"damage_healed":0.0,"max_hp_gain":0.0,"max_hp_loss":0.0,"gold_gain":0.0,"event_name":"Cursed Tome","player_choice":"Obtained Book","floor":30.0,"gold_loss":0.0,"damage_taken":16.0}],"is_beta":false,"boss_relics":[{"not_picked":["Runic Dome","Pandora\u0027s Box"],"picked":"Fusion Hammer"}],"items_purged_floors":[21],"is_endless":false,"potions_floor_spawned":[1,3,8,11,13,18,22,29,31],"killed_by":"Automaton","ascension_level":5}