{"gold_per_floor":[118,132,132,82,99,99,119,95,118,118,138,171,171,196,196,196],"floor_reached":16,"playtime":737,"items_purged":[],"score":102,"play_id":"8bb33fae-4d3a-4d3f-9fe3-6fda8d351cda","local_time":"20190129191609","is_ascension_mode":false,"campfire_choices":[{"data":"Darkness","floor":6,"key":"SMITH"},{"data":"Double Energy","floor":15,"key":"SMITH"}],"neow_cost":"NONE","seed_source_timestamp":19165974562509,"circlet_count":0,"master_deck":["Strike_B","Strike_B","Strike_B","Strike_B","Defend_B","Defend_B","Defend_B","Zap","Dualcast","Conserve Battery","Darkness+1","Rebound","Doom and Gloom","Conserve Battery","Injury","FTL","Double Energy+1"],"relics":["Cracked Core","PreservedInsect","Golden Idol","Bag of Preparation"],"potions_floor_usage":[7,16,16],"damage_taken":[{"damage":12,"enemies":"2 Louse","floor":1,"turns":3},{"damage":0,"enemies":"Small Slimes","floor":2,"turns":3},{"damage":3,"enemies":"Jaw Worm","floor":5,"turns":5},{"damage":18,"enemies":"Exordium Thugs","floor":7,"turns":4},{"damage":0,"enemies":"Large Slime","floor":11,"turns":5},{"damage":27,"enemies":"Gremlin Nob","floor":12,"turns":4},{"damage":0,"enemies":"Lots of Slimes","floor":14,"turns":2},{"damage":27,"enemies":"Slime Boss","floor":16,"turns":3}],"seed_played":"6677757793500612144","potions_obtained":[{"floor":0,"key":"Fire Potion"},{"floor":0,"key":"FocusPotion"},{"floor":0,"key":"SkillPotion"},{"floor":11,"key":"Ancient Potion"},{"floor":14,"key":"Block Potion"}],"is_trial":false,"path_per_floor":["M","M","?","?","M","R","M","$","T","?","M","E","?","M","R","B"],"character_chosen":"DEFECT","items_purchased":["Conserve Battery"],"campfire_rested":0,"item_purchase_floors":[8],"current_hp_per_floor":[63,63,68,68,65,65,47,47,47,47,47,20,20,20,20,0],"gold":196,"neow_bonus":"THREE_SMALL_POTIONS","is_prod":false,"is_daily":false,"chose_seed":false,"campfire_upgraded":2,"win_rate":0,"timestamp":1548818169,"path_taken":["M","M","?","?","M","R","M","$","T","?","?","E","?","M","R","BOSS"],"build_version":"2019-01-23","purchased_purges":0,"victory":false,"max_hp_per_floor":[75,75,80,80,80,80,80,80,80,80,80,80,80,80,80,80],"card_choices":[{"not_picked":["Tempest","Recycle"],"picked":"Conserve Battery","floor":1},{"not_picked":["Streamline","Recycle"],"picked":"Darkness","floor":2},{"not_picked":["Turbo","Blizzard"],"picked":"Rebound","floor":5},{"not_picked":["Hologram","Reinforced Body"],"picked":"Doom and Gloom","floor":7},{"not_picked":["Stack","Recycle"],"picked":"FTL","floor":11},{"not_picked":["Rip and Tear","Ball Lightning"],"picked":"Double Energy","floor":12},{"not_picked":["Gash","Reinforced Body","Fission"],"picked":"SKIP","floor":14}],"player_experience":179442,"relics_obtained":[{"floor":9,"key":"PreservedInsect"},{"floor":12,"key":"Bag of Preparation"}],"event_choices":[{"damage_healed":0,"gold_gain":0,"player_choice":"Donut","damage_taken":0,"max_hp_gain":5,"max_hp_loss":0,"event_name":"Big Fish","floor":3,"gold_loss":0},{"cards_removed":["Defend_B"],"damage_healed":0,"gold_gain":0,"player_choice":"Card Removal","damage_taken":0,"max_hp_gain":0,"max_hp_loss":0,"event_name":"The Cleric","floor":4,"gold_loss":50},{"damage_healed":0,"gold_gain":0,"player_choice":"Take Wound","damage_taken":0,"relics_obtained":["Golden Idol"],"max_hp_gain":0,"max_hp_loss":0,"event_name":"Golden Idol","floor":10,"gold_loss":0,"cards_obtained":["Injury"]},{"damage_healed":0,"gold_gain":0,"player_choice":"Fled","damage_taken":0,"max_hp_gain":0,"max_hp_loss":0,"event_name":"Scrap Ooze","floor":13,"gold_loss":0}],"is_beta":false,"boss_relics":[],"items_purged_floors":[],"is_endless":false,"potions_floor_spawned":[1,11,12,14],"killed_by":"Slime Boss","ascension_level":0}