{"gold_per_floor":[111,40,59,59,70,70,89,89,89,115,40,59,59,78,78,176,176,193,49,61,74,74,74,85,0,25,44,69,69,69,81,81,81],"floor_reached":33,"playtime":898,"items_purged":["Defend_R"],"score":282,"play_id":"75ca96b8-b1b3-4873-9ba8-29ef54fe9166","local_time":"20180713102739","is_ascension_mode":true,"campfire_choices":[{"data":"Flex","floor":6,"key":"SMITH"},{"data":"Rampage","floor":8,"key":"SMITH"},{"data":"Carnage","floor":13,"key":"SMITH"},{"data":"Shrug It Off","floor":15,"key":"SMITH"},{"floor":23,"key":"REST"},{"floor":29,"key":"REST"},{"data":"Bludgeon","floor":32,"key":"SMITH"}],"neow_cost":"NONE","seed_source_timestamp":194157541037347,"circlet_count":0,"master_deck":["Strike_R","Strike_R","Strike_R","Strike_R","Defend_R","Defend_R","Defend_R","Bash","Seeing Red+1","Pommel Strike","Carnage+1","Flex+1","Rampage+1","Shrug It Off+1","Carnage","Feed","Bludgeon+1","Cleave+1","Rampage"],"relics":["Burning Blood","Bottled Lightning","Meat on the Bone","Sozu","Lantern","Blue Candle","Art of War","Happy Flower"],"potions_floor_usage":[7,10,16,16,20],"damage_taken":[{"damage":0,"enemies":"2 Louse","floor":1,"turns":3},{"damage":11,"enemies":"Jaw Worm","floor":3,"turns":2},{"damage":0,"enemies":"Cultist","floor":5,"turns":2},{"damage":3,"enemies":"Red Slaver","floor":7,"turns":2},{"damage":10,"enemies":"Gremlin Nob","floor":10,"turns":3},{"damage":2,"enemies":"Blue Slaver","floor":12,"turns":2},{"damage":0,"enemies":"Large Slime","floor":14,"turns":3},{"damage":57,"enemies":"The Guardian","floor":16,"turns":8},{"damage":10,"enemies":"3 Byrds","floor":18,"turns":5},{"damage":12,"enemies":"Shell Parasite","floor":20,"turns":3},{"damage":26,"enemies":"Centurion and Healer","floor":21,"turns":4},{"damage":17,"enemies":"Sentry and Sphere","floor":24,"turns":4},{"damage":10,"enemies":"Cultist and Chosen","floor":27,"turns":4},{"damage":40,"enemies":"Gremlin Leader","floor":28,"turns":8},{"damage":10,"enemies":"Chosen and Byrds","floor":31,"turns":3},{"damage":69,"enemies":"Automaton","floor":33,"turns":8}],"seed_played":"-4909529069290417322","potions_obtained":[{"floor":1,"key":"Swift Potion"},{"floor":3,"key":"SteroidPotion"},{"floor":7,"key":"Block Potion"},{"floor":12,"key":"AttackPotion"},{"floor":16,"key":"SpeedPotion"}],"is_trial":false,"path_per_floor":["M","$","M","?","M","R","M","R","T","E","$","M","R","M","R","B",null,"M","$","M","M","?","R","M","?","T","M","E","R","$","M","R"],"character_chosen":"IRONCLAD","items_purchased":["Carnage","Lantern"],"campfire_rested":2,"item_purchase_floors":[2,19],"current_hp_per_floor":[80,80,75,75,80,80,80,80,80,76,76,80,80,80,80,49,80,76,76,70,53,53,77,66,66,66,65,43,68,68,64,64,0],"gold":81,"neow_bonus":"TRANSFORM_CARD","is_prod":false,"is_daily":false,"chose_seed":false,"campfire_upgraded":5,"win_rate":0,"timestamp":1531495659,"path_taken":["M","$","M","?","M","R","M","R","T","E","$","M","R","M","R","BOSS","M","$","M","M","?","R","M","?","T","M","E","R","$","?","R","BOSS"],"build_version":"2018-07-12","purchased_purges":1,"victory":false,"max_hp_per_floor":[80,80,80,80,80,80,80,80,80,80,80,80,80,80,80,80,80,80,80,80,83,83,83,83,83,83,86,86,86,86,86,86,86],"card_choices":[{"not_picked":["Bloodletting","Twin Strike"],"picked":"Pommel Strike","floor":1},{"not_picked":["Twin Strike","Wild Strike"],"picked":"Flex","floor":3},{"not_picked":["Infernal Blade","Pummel"],"picked":"Rampage","floor":5},{"not_picked":["Entrench","Bloodletting","Iron Wave"],"picked":"SKIP","floor":7},{"not_picked":["Blood for Blood","Flame Barrier"],"picked":"Shrug It Off","floor":10},{"not_picked":["Body Slam","Inflame"],"picked":"Carnage","floor":12},{"not_picked":["Hemokinesis","Bloodletting","Whirlwind"],"picked":"SKIP","floor":14},{"not_picked":["Juggernaut","Reaper"],"picked":"Feed","floor":16},{"not_picked":["Sentinel","Body Slam","Sword Boomerang"],"picked":"SKIP","floor":18},{"not_picked":["Pommel Strike","Intimidate","Flex"],"picked":"SKIP","floor":20},{"not_picked":["Heavy Blade","Clash","Searing Blow"],"picked":"SKIP","floor":21},{"not_picked":["Burning Pact","Headbutt"],"picked":"Bludgeon","floor":24},{"not_picked":["Carnage","Armaments"],"picked":"Cleave+1","floor":27},{"not_picked":["Clash+1","Blood for Blood"],"picked":"Rampage","floor":28},{"not_picked":["Sever Soul","Twin Strike+1","Pommel Strike"],"picked":"SKIP","floor":31}],"player_experience":344875,"relics_obtained":[{"floor":9,"key":"Bottled Lightning"},{"floor":10,"key":"Meat on the Bone"},{"floor":26,"key":"Art of War"},{"floor":28,"key":"Happy Flower"}],"event_choices":[{"event_name":"Living Wall","player_choice":"Grow","floor":4,"damage_taken":0},{"event_name":"The Mausoleum","player_choice":"Yes","floor":22,"damage_taken":0},{"event_name":"Masked Bandits","player_choice":"Paid Bandits 85 gold","floor":25,"damage_taken":0}],"boss_relics":[{"not_picked":["Calling Bell","Tiny House"],"picked":"Sozu"}],"items_purged_floors":[11],"is_endless":false,"potions_floor_spawned":[1,3,7,12,16,18,28,31],"killed_by":"Automaton","ascension_level":1}