{"gold_per_floor":[11,26,301,62,114,114,145,145,145,72,72,100,138,173,173,292,292,311,351,351,0,38,38,92,92,92,127,127,127,179,189,189,293,293,309,309,319,43,63,63,78,91,91,121,41,41,41,141,141,141],"floor_reached":51,"playtime":2725,"items_purged":["Regret","Parasite"],"score":886,"play_id":"ff8f6284-2ada-4bbb-8496-a02f78ffe17e","local_time":"20181227152551","is_ascension_mode":true,"campfire_choices":[{"data":"Neutralize","floor":6.0,"key":"SMITH"},{"data":"Leg Sweep","floor":8.0,"key":"SMITH"},{"data":"Bouncing Flask","floor":15.0,"key":"SMITH"},{"data":"Dash","floor":23.0,"key":"SMITH"},{"data":"Dagger Spray","floor":25.0,"key":"SMITH"},{"data":"PiercingWail","floor":28.0,"key":"SMITH"},{"floor":32.0,"key":"REST"},{"floor":40.0,"key":"REST"},{"floor":46,"key":"REST"},{"floor":49,"key":"REST"}],"neow_cost":"NO_GOLD","seed_source_timestamp":137070942382794,"circlet_count":0,"master_deck":["Defend_G","Defend_G","Defend_G","Defend_G","Defend_G","Strike_G","Strike_G","Strike_G","Survivor","Neutralize+1","Leg Sweep+1","HandOfGreed","Poisoned Stab","PiercingWail+1","Noxious Fumes+1","Bullet Time","Bouncing Flask+1","Distraction","Venomology","Catalyst+1","Dagger Spray+1","Dash+1","Deadly Poison","Quick Slash+1","Flying Knee","Blur+1","Bullet Time","Apotheosis","Well Laid Plans+1","Predator"],"special_seed":0,"relics":["Ring of the Snake","Calipers","Bag of Marbles","Gremlin Horn","WristBlade","Kunai","Bottled Lightning","The Courier","Frozen Egg 2","Red Mask","Runic Dome","Potion Belt","Blue Candle","Paper Crane"],"potions_floor_usage":[44,44,50,50,50,50,50],"damage_taken":[{"damage":0.0,"enemies":"Cultist","floor":1.0,"turns":4.0},{"damage":1.0,"enemies":"2 Louse","floor":2.0,"turns":4.0},{"damage":0.0,"enemies":"Small Slimes","floor":5.0,"turns":5.0},{"damage":2.0,"enemies":"Exordium Thugs","floor":7.0,"turns":5.0},{"damage":16.0,"enemies":"Lagavulin","floor":12.0,"turns":5.0},{"damage":0.0,"enemies":"Large Slime","floor":13.0,"turns":7.0},{"damage":0.0,"enemies":"Lots of Slimes","floor":14.0,"turns":2.0},{"damage":36.0,"enemies":"Slime Boss","floor":16.0,"turns":10.0},{"damage":11.0,"enemies":"Spheric Guardian","floor":18.0,"turns":3.0},{"damage":3.0,"enemies":"Chosen","floor":19.0,"turns":4.0},{"damage":7.0,"enemies":"3 Cultists","floor":22.0,"turns":5.0},{"damage":11.0,"enemies":"Slavers","floor":24.0,"turns":4.0},{"damage":3.0,"enemies":"Centurion and Healer","floor":27.0,"turns":3.0},{"damage":0.0,"enemies":"Masked Bandits","floor":30.0,"turns":1.0},{"damage":1.0,"enemies":"Snecko","floor":31.0,"turns":5.0},{"damage":13.0,"enemies":"Collector","floor":33.0,"turns":8.0},{"damage":10.0,"enemies":"3 Darklings","floor":35.0,"turns":3.0},{"damage":0.0,"enemies":"Orb Walker","floor":37.0,"turns":3.0},{"damage":36.0,"enemies":"3 Darklings","floor":39.0,"turns":4.0},{"damage":4.0,"enemies":"Writhing Mass","floor":41.0,"turns":4.0},{"damage":28.0,"enemies":"Transient","floor":42.0,"turns":5.0},{"damage":0,"enemies":"Giant Head","floor":44,"turns":2},{"damage":7,"enemies":"Awakened One","floor":50,"turns":12}],"seed_played":"7840933240059243220","potions_obtained":[{"floor":2.0,"key":"SpeedPotion"},{"floor":7.0,"key":"Regen Potion"},{"floor":14.0,"key":"SkillPotion"},{"floor":22.0,"key":"SteroidPotion"},{"floor":24.0,"key":"SpeedPotion"},{"floor":30.0,"key":"EssenceOfSteel"},{"floor":31.0,"key":"GhostInAJar"},{"floor":37.0,"key":"Fire Potion"},{"floor":41.0,"key":"GamblersBrew"},{"floor":44,"key":"SpeedPotion"}],"is_trial":false,"path_per_floor":["M","M","?","$","M","R","M","R","T","$","?","E","M","M","R","B",null,"M","M","?","$","M","R","E","R","T","M","R","T","?","M","R","B",null,"M","?","M","$","M","R","M","M","T","E","$","R","?","?","R","B",null],"character_chosen":"THE_SILENT","items_purchased":["HandOfGreed","Noxious Fumes","Kunai","Dash","Deadly Poison","Potion Belt","Apotheosis"],"campfire_rested":4,"item_purchase_floors":[4,10,21,21,21,38,38],"current_hp_per_floor":[70,69,69,69,69,69,67,67,67,67,67,51,51,51,51,15,70,59,56,56,56,49,49,50,50,50,47,47,47,47,46,67,54,70,60,60,60,60,24,45,41,13,13,13,13,33,33,33,52,45],"gold":141,"neow_bonus":"ONE_RARE_RELIC","is_prod":false,"is_daily":false,"chose_seed":false,"campfire_upgraded":6,"win_rate":0,"timestamp":1545891951,"path_taken":["M","?","?","$","M","R","M","R","T","?","?","E","M","?","R","BOSS","M","M","?","$","M","R","E","R","T","?","R","?","?","M","R","BOSS","M","?","M","$","M","R","?","M","T","E","$","R","?","?","R","BOSS"],"build_version":"2018-12-20","purchased_purges":2,"victory":true,"max_hp_per_floor":[70,70,70,70,70,70,70,70,70,70,70,70,70,70,70,70,70,70,70,70,70,70,70,70,70,70,70,70,70,70,70,70,70,70,70,70,70,70,70,70,70,70,70,70,67,67,64,64,64,64],"card_choices":[{"not_picked":["Blade Dance","Terror"],"picked":"Leg Sweep","floor":1.0},{"not_picked":["Riddle With Holes","Blade Dance","Bane"],"picked":"SKIP","floor":2.0},{"not_picked":["Well Laid Plans","Slice"],"picked":"Poisoned Stab","floor":5.0},{"not_picked":["Underhanded Strike","Acrobatics"],"picked":"PiercingWail","floor":7.0},{"not_picked":["Backflip","Deflect"],"picked":"Bullet Time","floor":12.0},{"not_picked":["Poisoned Stab","Sucker Punch"],"picked":"Bouncing Flask","floor":13.0},{"not_picked":["Acrobatics","Heel Hook"],"picked":"Distraction","floor":14.0},{"not_picked":["After Image","A Thousand Cuts"],"picked":"Venomology","floor":16.0},{"not_picked":["Flying Knee+1","Heel Hook"],"picked":"Catalyst+1","floor":18.0},{"not_picked":["Calculated Gamble","Endless Agony"],"picked":"Dagger Spray","floor":19.0},{"not_picked":["Sucker Punch","Tactician"],"picked":"Quick Slash+1","floor":22.0},{"not_picked":["Expertise","Flechettes","Bane"],"picked":"SKIP","floor":24.0},{"not_picked":["Bane","Cloak And Dagger"],"picked":"Flying Knee","floor":27.0},{"not_picked":["Tactician","Doppelganger"],"picked":"Blur+1","floor":31.0},{"not_picked":["Malaise","Venomology"],"picked":"Bullet Time","floor":33.0},{"not_picked":["Sucker Punch+1","Underhanded Strike","All Out Attack"],"picked":"SKIP","floor":35.0},{"not_picked":["PiercingWail+1","Underhanded Strike","Deadly Poison+1"],"picked":"SKIP","floor":37.0},{"not_picked":["Backflip","Bane+1"],"picked":"Well Laid Plans+1","floor":39.0},{"not_picked":["Leg Sweep","Quick Slash+1","Dagger Spray"],"picked":"SKIP","floor":41.0},{"not_picked":["Expertise","Dagger Throw"],"picked":"Predator","floor":42.0},{"not_picked":["Heel Hook","Wraith Form v2+1","PiercingWail"],"picked":"SKIP","floor":44}],"player_experience":263491,"relics_obtained":[{"floor":9.0,"key":"Bag of Marbles"},{"floor":12.0,"key":"Gremlin Horn"},{"floor":24.0,"key":"Bottled Lightning"},{"floor":26.0,"key":"The Courier"},{"floor":29.0,"key":"Frozen Egg 2"},{"floor":30.0,"key":"Red Mask"},{"floor":43.0,"key":"Blue Candle"},{"floor":44,"key":"Paper Crane"}],"event_choices":[{"damage_healed":0.0,"max_hp_gain":0.0,"max_hp_loss":0.0,"gold_gain":275.0,"event_name":"Golden Shrine","player_choice":"Desecrate","floor":3.0,"gold_loss":0.0,"damage_taken":0.0,"cards_obtained":["Regret"]},{"damage_healed":0.0,"max_hp_gain":0.0,"max_hp_loss":0.0,"gold_gain":0.0,"event_name":"Accursed Blacksmith","player_choice":"Forge","floor":11.0,"gold_loss":0.0,"damage_taken":0.0,"cards_upgraded":["Noxious Fumes"]},{"cards_removed":["Strike_G"],"damage_healed":0.0,"max_hp_gain":0.0,"max_hp_loss":0.0,"gold_gain":0.0,"event_name":"Bonfire Elementals","player_choice":"Offered Basic","floor":20.0,"gold_loss":0.0,"damage_taken":0.0},{"damage_healed":0.0,"max_hp_gain":0.0,"max_hp_loss":0.0,"gold_gain":0.0,"event_name":"Masked Bandits","player_choice":"Fought Bandits","floor":30.0,"gold_loss":0.0,"damage_taken":0.0},{"cards_removed":["Strike_G"],"damage_healed":0.0,"max_hp_gain":0.0,"max_hp_loss":0.0,"gold_gain":0.0,"event_name":"Purifier","player_choice":"Purged","floor":36.0,"gold_loss":0.0,"damage_taken":0.0},{"damage_healed":0,"gold_gain":0,"player_choice":"Max HP","damage_taken":0,"max_hp_gain":0,"max_hp_loss":3,"event_name":"Winding Halls","floor":47,"gold_loss":0},{"damage_healed":0,"gold_gain":100,"player_choice":"Pray","damage_taken":0,"max_hp_gain":0,"max_hp_loss":0,"event_name":"Golden Shrine","floor":48,"gold_loss":0}],"is_beta":false,"boss_relics":[{"not_picked":["Coffee Dripper","Calling Bell"],"picked":"WristBlade"},{"not_picked":["Philosopher\u0027s Stone","Runic Pyramid"],"picked":"Runic Dome"}],"items_purged_floors":[4,45],"is_endless":false,"potions_floor_spawned":[2,7,14,22,24,30,31,37,41,44],"ascension_level":4}