{"gold_per_floor":[110,120,133,149,39,39,59,59,59,75,75,75,100,100,100,226,226,244,10,10,10,33,33,49,49,49,49,70,170,184,184,184,310,310,335,335,335,668,678,678,678,678,678,690,708,708,724,739,739,739],"floor_reached":50,"playtime":2589,"items_purged":["Strike_G","Strike_G"],"score":484,"play_id":"f917e3f4-fd3a-411a-8f08-561a82cfd672","local_time":"20180701220358","is_ascension_mode":false,"campfire_choices":[{"data":"Bouncing Flask","floor":6,"key":"SMITH"},{"floor":15,"key":"REST"},{"floor":23,"key":"REST"},{"floor":25,"key":"REST"},{"floor":32,"key":"REST"},{"floor":40,"key":"REST"},{"floor":42,"key":"REST"},{"floor":49,"key":"REST"}],"neow_cost":"NONE","seed_source_timestamp":611443733519139,"circlet_count":0,"master_deck":["Defend_G","Defend_G","Defend_G","Defend_G","Defend_G","Strike_G+1","Strike_G","Survivor","Neutralize","Poisoned Stab","Deadly Poison","Deadly Poison","Bouncing Flask+1","Footwork","Bouncing Flask","Deadly Poison","After Image","PiercingWail","Noxious Fumes","Finesse","Poisoned Stab+1","Backstab+1","Blur","Tools of the Trade","Backflip","Madness","Madness","Escape Plan","Deflect+1","Backflip+1"],"relics":["Ring of the Snake","Snake Skull","Question Card","Meat on the Bone","Fusion Hammer","Nilry\u0027s Codex","Pen Nib","Omamori","Sozu","Whetstone","Centennial Puzzle"],"potions_floor_usage":[7,16],"damage_taken":[{"damage":0,"enemies":"Small Slimes","floor":1,"turns":4},{"damage":0,"enemies":"Jaw Worm","floor":2,"turns":4},{"damage":0,"enemies":"Cultist","floor":3,"turns":3},{"damage":27,"enemies":"Exordium Thugs","floor":4,"turns":6},{"damage":0,"enemies":"Blue Slaver","floor":7,"turns":2},{"damage":21,"enemies":"Gremlin Gang","floor":10,"turns":5},{"damage":10,"enemies":"2 Fungi Beasts","floor":13,"turns":3},{"damage":5,"enemies":"Hexaghost","floor":16,"turns":6},{"damage":8,"enemies":"Shell Parasite","floor":18,"turns":3},{"damage":20,"enemies":"2 Thieves","floor":24,"turns":4},{"damage":11,"enemies":"Snake Plant","floor":28,"turns":3},{"damage":26,"enemies":"Slaver and Parasite","floor":30,"turns":4},{"damage":54,"enemies":"Collector","floor":33,"turns":7},{"damage":0,"enemies":"3 Shapes","floor":35,"turns":5},{"damage":30,"enemies":"3 Darklings","floor":39,"turns":5},{"damage":7,"enemies":"Sphere and 2 Shapes","floor":44,"turns":5},{"damage":20,"enemies":"Maw","floor":45,"turns":6},{"damage":1,"enemies":"3 Darklings","floor":47,"turns":5},{"damage":5,"enemies":"4 Shapes","floor":48,"turns":6},{"damage":64,"enemies":"Awakened One","floor":50,"turns":6}],"seed_played":"-2760769453476330494","potions_obtained":[{"floor":3,"key":"Energy Potion"},{"floor":7,"key":"Weak Potion"},{"floor":16,"key":"SteroidPotion"},{"floor":24,"key":"GamblersBrew"}],"is_trial":false,"path_per_floor":["M","M","M","M","$","R","M","?","T","M","T","?","M","?","R","B",null,"M","$","?","$","T","R","M","R","T","?","M","?","M","?","R","B",null,"M","?","?","?","M","R","T","R","T","M","M","?","M","M","R"],"character_chosen":"THE_SILENT","items_purchased":["Bouncing Flask","Noxious Fumes","Finesse"],"campfire_rested":7,"item_purchase_floors":[5,19,19],"current_hp_per_floor":[70,70,70,43,43,43,43,43,43,22,22,22,24,17,38,45,70,62,62,46,46,46,67,47,68,68,68,57,57,43,43,64,22,70,70,61,61,61,43,64,64,70,70,63,43,43,42,37,58,0],"gold":739,"neow_bonus":"RANDOM_COMMON_RELIC","is_prod":false,"is_daily":false,"chose_seed":false,"campfire_upgraded":1,"win_rate":0,"timestamp":1530497038,"path_taken":["M","M","M","M","$","R","M","?","T","?","?","?","M","?","R","BOSS","M","$","?","$","?","R","M","R","T","?","?","?","M","?","R","BOSS","M","?","?","?","M","R","?","R","T","M","M","?","M","M","R","BOSS"],"build_version":"2018-06-28","purchased_purges":2,"victory":false,"max_hp_per_floor":[70,70,70,70,70,70,70,70,70,70,70,70,70,70,70,70,70,70,70,70,70,70,70,70,70,70,70,70,70,70,70,70,70,70,70,70,70,70,70,70,70,70,70,70,70,70,70,70,70,70],"card_choices":[{"not_picked":["Slice","Expertise"],"picked":"Poisoned Stab","floor":1},{"not_picked":["Dagger Spray","Escape Plan"],"picked":"Deadly Poison","floor":2},{"not_picked":["Outmaneuver","Masterful Stab","Flechettes"],"picked":"SKIP","floor":3},{"not_picked":["Outmaneuver","Grand Finale"],"picked":"Deadly Poison","floor":4},{"not_picked":["Dagger Spray","Prepared"],"picked":"Footwork","floor":7},{"not_picked":["Cloak And Dagger","PiercingWail","Dagger Spray"],"picked":"Bouncing Flask","floor":10},{"not_picked":["Acrobatics","Slice","Cloak And Dagger"],"picked":"Deadly Poison","floor":13},{"not_picked":["Burst","Storm of Steel","Corpse Explosion"],"picked":"After Image","floor":16},{"not_picked":["Dodge and Roll","Calculated Gamble","Bane"],"picked":"PiercingWail","floor":18},{"not_picked":["Prepared","Storm of Steel","Dagger Spray"],"picked":"Poisoned Stab+1","floor":24},{"not_picked":["Bane+1","Eviscerate+1","Deflect"],"picked":"Backstab","floor":28},{"not_picked":["Deflect","Slice+1","Infinite Blades"],"picked":"Blur","floor":30},{"not_picked":["Die Die Die","Doppelganger","Venomology"],"picked":"Tools of the Trade","floor":33},{"not_picked":["Poisoned Stab+1","Cloak And Dagger","Acrobatics+1"],"picked":"Backflip","floor":35},{"not_picked":["Quick Slash","Eviscerate+1","Infinite Blades"],"picked":"Escape Plan","floor":39},{"not_picked":["Skewer","Prepared","Unload","Dagger Throw"],"picked":"SKIP","floor":44},{"not_picked":["Malaise","Sucker Punch","Heel Hook+1"],"picked":"Deflect+1","floor":45},{"not_picked":["Sucker Punch","Dagger Throw+1","Bane"],"picked":"Backflip+1","floor":47},{"not_picked":["Deflect+1","Dagger Throw+1","Eviscerate+1","Leg Sweep+1"],"picked":"SKIP","floor":48}],"player_experience":888902,"relics_obtained":[{"floor":9,"key":"Question Card"},{"floor":11,"key":"Meat on the Bone"},{"floor":20,"key":"Nilry\u0027s Codex"},{"floor":22,"key":"Pen Nib"},{"floor":26,"key":"Omamori"},{"floor":41,"key":"Whetstone"},{"floor":43,"key":"Centennial Puzzle"}],"event_choices":[{"event_name":"Golden Idol","player_choice":"Take Wound","floor":8,"damage_taken":0},{"event_name":"Purifier","player_choice":"One Purge","floor":12,"damage_taken":0},{"event_name":"Golden Wing","player_choice":"Card Removal","floor":14,"damage_taken":0},{"event_name":"Cursed Tome","player_choice":"Obtained Book","floor":20,"damage_taken":0},{"event_name":"Wheel of Change","player_choice":"Curse","floor":27,"damage_taken":0},{"event_name":"Golden Shrine","player_choice":"Pray","floor":29,"damage_taken":0},{"event_name":"Vampires","player_choice":"Ignored","floor":31,"damage_taken":0},{"event_name":"Winding Halls","player_choice":"Embrace Madness","floor":36,"damage_taken":0},{"event_name":"Accursed Blacksmith","player_choice":"Ignore","floor":37,"damage_taken":0},{"event_name":"The Moai Head","player_choice":"Gave Idol","floor":38,"damage_taken":0},{"event_name":"Mysterious Sphere","player_choice":"Ignore","floor":46,"damage_taken":0}],"boss_relics":[{"not_picked":["White Beast Statue","Ectoplasm"],"picked":"Fusion Hammer"},{"not_picked":["Black Star","Coffee Dripper"],"picked":"Sozu"}],"items_purged_floors":[5,19],"is_endless":false,"potions_floor_spawned":[3,7,16,24,35,44,45],"killed_by":"Awakened One","ascension_level":0}