{"gold_per_floor":[115,115,135,153,153,178,178,208,260,260,31,50,70,86,86,185,185,196,206,206,206,206],"floor_reached":22,"playtime":789,"items_purged":["Strike_R"],"score":265,"play_id":"c7aeda4e-b302-4c91-95bf-3e5c637c5b92","local_time":"20180716141950","is_ascension_mode":true,"campfire_choices":[{"floor":7,"key":"REST"},{"floor":15,"key":"REST"}],"neow_cost":"NONE","seed_source_timestamp":228887566649548,"circlet_count":0,"master_deck":["Strike_R","Strike_R","Strike_R","Defend_R","Defend_R","Defend_R","Defend_R","Bash","Pummel","Flame Barrier","Rampage","Armaments","Shrug It Off","Cleave","Thunderclap","Shrug It Off","Immolate","Whirlwind","Intimidate"],"relics":["Burning Blood","NeowsBlessing","Potion Belt","Bronze Scales","Frozen Egg 2","Lantern","GremlinMask","Happy Flower","Runic Cube"],"potions_floor_usage":[6,16,16,16,16,16,16,16],"damage_taken":[{"damage":0,"enemies":"2 Louse","floor":1,"turns":1},{"damage":0,"enemies":"Jaw Worm","floor":3,"turns":1},{"damage":0,"enemies":"Cultist","floor":4,"turns":1},{"damage":48,"enemies":"Lagavulin","floor":6,"turns":6},{"damage":32,"enemies":"Gremlin Nob","floor":8,"turns":5},{"damage":16,"enemies":"Exordium Thugs","floor":12,"turns":5},{"damage":14,"enemies":"Blue Slaver","floor":13,"turns":3},{"damage":11,"enemies":"Looter","floor":14,"turns":3},{"damage":12,"enemies":"Hexaghost","floor":16,"turns":9},{"damage":47,"enemies":"Shell Parasite","floor":18,"turns":4},{"damage":24,"enemies":"2 Thieves","floor":19,"turns":4},{"damage":9,"enemies":"Snake Plant","floor":22,"turns":2}],"seed_played":"-3209116354737838551","potions_obtained":[{"floor":1,"key":"Ancient Potion"},{"floor":4,"key":"Dexterity Potion"},{"floor":8,"key":"Swift Potion"},{"floor":14,"key":"EntropicBrew"}],"is_trial":false,"path_per_floor":["M","?","M","M","T","E","R","E","T","?","$","M","M","M","R","B",null,"M","M","?","?"],"character_chosen":"IRONCLAD","items_purchased":["Happy Flower"],"campfire_rested":2,"item_purchase_floors":[11],"current_hp_per_floor":[78,78,80,80,80,38,62,36,36,36,36,26,18,13,37,31,68,27,9,9,9,0],"gold":206,"neow_bonus":"THREE_ENEMY_KILL","is_prod":false,"is_daily":false,"chose_seed":false,"campfire_upgraded":0,"win_rate":0,"timestamp":1531765190,"path_taken":["M","?","M","?","?","E","R","E","T","?","?","M","M","M","R","BOSS","M","M","?","?","?"],"build_version":"2018-07-12","purchased_purges":1,"victory":false,"max_hp_per_floor":[80,80,80,80,80,80,80,80,80,80,80,80,80,80,80,80,80,80,80,80,80,80],"card_choices":[{"not_picked":["Evolve","Anger"],"picked":"Pummel","floor":1},{"not_picked":["Headbutt","Entrench"],"picked":"Flame Barrier","floor":3},{"not_picked":["Clash","Bloodletting"],"picked":"Rampage","floor":4},{"not_picked":["Anger","Combust"],"picked":"Armaments","floor":6},{"not_picked":["Heavy Blade","Feel No Pain"],"picked":"Shrug It Off","floor":8},{"not_picked":["Entrench","Sword Boomerang"],"picked":"Cleave","floor":12},{"not_picked":["Brutality+1","Corruption+1"],"picked":"Thunderclap","floor":13},{"not_picked":["Clash","Twin Strike"],"picked":"Shrug It Off","floor":14},{"not_picked":["Dark Embrace+1","Fiend Fire"],"picked":"Immolate","floor":16},{"not_picked":["Wild Strike+1","Armaments"],"picked":"Whirlwind","floor":18},{"not_picked":["Bloodletting","Entrench"],"picked":"Intimidate","floor":19}],"player_experience":1150263,"relics_obtained":[{"floor":5,"key":"Potion Belt"},{"floor":6,"key":"Bronze Scales"},{"floor":8,"key":"Frozen Egg 2"},{"floor":9,"key":"Lantern"}],"event_choices":[{"event_name":"Shining Light","player_choice":"Ignored","floor":2,"damage_taken":0},{"event_name":"FaceTrader","player_choice":"Trade","floor":10,"damage_taken":0},{"event_name":"Ghosts","player_choice":"Ignored","floor":20,"damage_taken":0},{"event_name":"Wheel of Change","player_choice":"Card Removal","floor":21,"damage_taken":0}],"boss_relics":[{"not_picked":["White Beast Statue","Orrery"],"picked":"Runic Cube"}],"items_purged_floors":[11],"is_endless":false,"potions_floor_spawned":[1,4,8,14],"killed_by":"Snake Plant","ascension_level":7}