{"gold_per_floor":[111,128,128,78,4,4,34,34,57,73,32,45,60,70,70,171,171,187,187,59,59,71,71,81,93,93,93],"floor_reached":27,"playtime":1876,"items_purged":["Strike_B"],"score":315,"play_id":"67d3dd72-a215-4b64-be77-e56ba81b1342","local_time":"20180715001902","is_ascension_mode":false,"campfire_choices":[{"data":"Zap","floor":6,"key":"SMITH"},{"data":"Dualcast","floor":8,"key":"SMITH"},{"floor":15,"key":"REST"},{"data":"Echo Form","floor":23,"key":"SMITH"}],"neow_cost":"","seed_source_timestamp":0,"circlet_count":0,"master_deck":["Strike_B","Strike_B","Defend_B","Defend_B","Defend_B","Defend_B","Zap+1","Dualcast+1","Glacier","Capacitor","Glacier","Heatsinks","Redo","Blizzard","Heatsinks","Echo Form+1","Glacier","Cold Snap","Capacitor","Coolheaded"],"relics":["Cracked Core","Omamori","Vajra","Nuclear Battery","Shuriken"],"potions_floor_usage":[7],"damage_taken":[{"damage":5,"enemies":"Small Slimes","floor":1,"turns":4},{"damage":1,"enemies":"Cultist","floor":2,"turns":4},{"damage":4,"enemies":"3 Sentries","floor":7,"turns":10},{"damage":1,"enemies":"Jaw Worm","floor":10,"turns":5},{"damage":10,"enemies":"Looter","floor":12,"turns":3},{"damage":8,"enemies":"Lots of Slimes","floor":13,"turns":5},{"damage":8,"enemies":"Exordium Wildlife","floor":14,"turns":4},{"damage":34,"enemies":"Hexaghost","floor":16,"turns":15},{"damage":7,"enemies":"Spheric Guardian","floor":18,"turns":6},{"damage":6,"enemies":"Shell Parasite","floor":22,"turns":9},{"damage":14,"enemies":"Centurion and Healer","floor":24,"turns":10},{"damage":22,"enemies":"3 Cultists","floor":25,"turns":8},{"damage":29,"enemies":"Cultist and Chosen","floor":27,"turns":8}],"seed_played":"-8646604717730480531","potions_obtained":[{"floor":1,"key":"EssenceOfSteel"},{"floor":2,"key":"Energy Potion"},{"floor":7,"key":"SpeedPotion"},{"floor":14,"key":"Ancient Potion"},{"floor":16,"key":"PowerPotion"}],"is_trial":true,"path_per_floor":["M","M","?","?","$","R","E","R","T","M","$","M","M","M","R","B",null,"M","?","$","?","M","R","M","M","T"],"character_chosen":"DEFECT","items_purchased":["Glacier","Blizzard","Cold Snap"],"campfire_rested":1,"item_purchase_floors":[5,11,20],"current_hp_per_floor":[70,69,62,62,62,62,58,58,58,57,57,47,39,31,53,19,75,68,68,68,61,55,55,41,19,19,0],"gold":93,"neow_bonus":"","is_prod":false,"is_daily":false,"chose_seed":false,"campfire_upgraded":3,"win_rate":0,"timestamp":1531628342,"path_taken":["M","M","?","?","$","R","E","R","T","M","?","M","M","M","R","BOSS","M","?","$","?","?","R","M","M","T","M"],"build_version":"2018-07-12","purchased_purges":1,"victory":false,"max_hp_per_floor":[75,75,75,75,75,75,75,75,75,75,75,75,75,75,75,75,75,75,75,75,75,75,75,75,75,75,75],"card_choices":[{"not_picked":["Lockon","Undo"],"picked":"Glacier","floor":1},{"not_picked":["Chaos","Hello World"],"picked":"Capacitor","floor":2},{"not_picked":["Stack","Ball Lightning"],"picked":"Heatsinks","floor":7},{"not_picked":["Sweeping Beam","Chaos"],"picked":"Redo","floor":10},{"not_picked":["Compile Driver","Steam","Ball Lightning"],"picked":"SKIP","floor":12},{"not_picked":["Compile Driver","Steam","Ball Lightning"],"picked":"SKIP","floor":12},{"not_picked":["Barrage","BootSequence"],"picked":"Heatsinks","floor":13},{"not_picked":["Turbo","Sunder","Sweeping Beam"],"picked":"SKIP","floor":14},{"not_picked":["Rainbow","Multi-Cast"],"picked":"Echo Form","floor":16},{"not_picked":["Go for the Eyes","Conserve Battery","Rebound"],"picked":"SKIP","floor":18},{"not_picked":["Conserve Battery","Barrage"],"picked":"Capacitor","floor":22},{"not_picked":["Gash","Chaos","Redo"],"picked":"SKIP","floor":24},{"not_picked":["Compile Driver","Multi-Cast"],"picked":"Coolheaded","floor":25}],"player_experience":1110386,"relics_obtained":[{"floor":7,"key":"Omamori"},{"floor":9,"key":"Vajra"},{"floor":26,"key":"Shuriken"}],"event_choices":[{"event_name":"Wheel of Change","player_choice":"Damage","floor":3,"damage_taken":0},{"event_name":"The Cleric","player_choice":"Card Removal","floor":4,"damage_taken":0},{"event_name":"Duplicator","player_choice":"One dupe","floor":19,"damage_taken":0},{"event_name":"Knowing Skull","player_choice":"","floor":21,"damage_taken":0}],"boss_relics":[{"not_picked":["White Beast Statue","Calling Bell"],"picked":"Nuclear Battery"}],"items_purged_floors":[20],"is_endless":true,"potions_floor_spawned":[1,2,7,14,16,25],"killed_by":"Cultist and Chosen","ascension_level":0}