{"gold_per_floor":[111,37,47,47,67,67,97,97,97,132,132,202,214,225,225,325,325,339,339],"floor_reached":19,"playtime":1270,"items_purged":[],"score":283,"play_id":"853e9db9-4901-4432-bffa-f3ab8edaf27d","local_time":"20181025131718","is_ascension_mode":true,"campfire_choices":[{"data":"Neutralize","floor":6,"key":"SMITH"},{"floor":8,"key":"REST"},{"data":"Cloak And Dagger","floor":11,"key":"SMITH"},{"floor":15,"key":"REST"}],"neow_cost":"NONE","seed_source_timestamp":1330509769345948,"circlet_count":0,"master_deck":["Survivor","Neutralize+1","AscendersBane","Dagger Throw","Cloak And Dagger+1","Deadly Poison","Underhanded Strike","Footwork","Caltrops","Underhanded Strike","Finisher","Dash","Corpse Explosion","Accuracy","Quick Slash","Outmaneuver","Terror","Deflect","Eviscerate","Choke","Deflect","Underhanded Strike","Bouncing Flask+1"],"relics":["Philosopher\u0027s Stone","Dead Branch","Peace Pipe","Oddly Smooth Stone","Pandora\u0027s Box"],"potions_floor_usage":[10],"damage_taken":[{"damage":5,"enemies":"Jaw Worm","floor":1,"turns":5},{"damage":8,"enemies":"2 Louse","floor":3,"turns":3},{"damage":2,"enemies":"Small Slimes","floor":5,"turns":3},{"damage":25,"enemies":"Gremlin Nob","floor":7,"turns":5},{"damage":5,"enemies":"Lagavulin","floor":10,"turns":6},{"damage":6,"enemies":"Blue Slaver","floor":13,"turns":4},{"damage":9,"enemies":"3 Louse","floor":14,"turns":3},{"damage":41,"enemies":"Hexaghost","floor":16,"turns":8},{"damage":44,"enemies":"2 Thieves","floor":18,"turns":3},{"damage":13,"enemies":"Chosen","floor":19,"turns":4}],"seed_played":"-6070296314789913510","potions_obtained":[{"floor":1,"key":"Ancient Potion"},{"floor":7,"key":"SkillPotion"},{"floor":13,"key":"SteroidPotion"},{"floor":18,"key":"Strength Potion"}],"is_trial":false,"path_per_floor":["M","$","M","?","M","R","E","R","T","E","R","?","M","M","R","B",null,"M"],"character_chosen":"THE_SILENT","items_purchased":["Cloak And Dagger","Deadly Poison"],"campfire_rested":2,"item_purchase_floors":[2,2],"current_hp_per_floor":[58,58,50,50,48,48,23,44,44,39,39,39,33,24,45,4,54,10,0],"gold":339,"neow_bonus":"BOSS_RELIC","is_prod":false,"is_daily":false,"chose_seed":false,"campfire_upgraded":2,"win_rate":0,"timestamp":1540487838,"path_taken":["M","$","M","?","M","R","E","R","T","E","R","?","M","?","R","BOSS","M","M"],"build_version":"2018-10-18","purchased_purges":0,"victory":false,"max_hp_per_floor":[70,70,70,70,70,70,70,70,70,70,70,70,70,70,70,70,70,70,70],"card_choices":[{"not_picked":["Skewer","Outmaneuver"],"picked":"Dagger Throw","floor":1},{"not_picked":["Acrobatics","Bane"],"picked":"Underhanded Strike","floor":3},{"not_picked":["Expertise","Heel Hook"],"picked":"Footwork","floor":5},{"not_picked":["Dagger Throw","Blade Dance"],"picked":"Caltrops","floor":7},{"not_picked":["Doppelganger","Concentrate"],"picked":"Underhanded Strike","floor":10},{"not_picked":["Tactician","Flying Knee"],"picked":"Finisher","floor":13},{"not_picked":["Slice","PiercingWail"],"picked":"Dash","floor":14},{"not_picked":["Grand Finale","Malaise"],"picked":"Corpse Explosion","floor":16},{"not_picked":["Bane","Deflect"],"picked":"Bouncing Flask+1","floor":18}],"player_experience":1589558,"relics_obtained":[{"floor":7,"key":"Dead Branch"},{"floor":9,"key":"Peace Pipe"},{"floor":10,"key":"Oddly Smooth Stone"}],"event_choices":[{"cards_removed":["Strike_G"],"damage_healed":0,"gold_gain":0,"player_choice":"Forget","damage_taken":0,"max_hp_gain":0,"max_hp_loss":0,"event_name":"Living Wall","floor":4,"gold_loss":0},{"damage_healed":0,"gold_gain":70,"player_choice":"Gained Gold","damage_taken":0,"max_hp_gain":0,"max_hp_loss":0,"event_name":"Golden Wing","floor":12,"gold_loss":0}],"is_beta":false,"boss_relics":[{"not_picked":["Fusion Hammer","White Beast Statue"],"picked":"Pandora\u0027s Box"}],"items_purged_floors":[],"is_endless":false,"potions_floor_spawned":[1,7,13,14,18],"killed_by":"Chosen","ascension_level":12}