{"path_per_floor":["M","$","M","$","M","R","M","M","T","?","R","?","R","$","R","B",null,"M","?","?","M","M","R","M","$","T"],"character_chosen":"THE_SILENT","items_purchased":["Poisoned Stab","Backflip"],"gold_per_floor":[115,17,29,29,42,42,59,72,99,99,99,64,64,13,13,113,113,130,130,164,182,197,197,211,111,111,111],"floor_reached":27,"campfire_rested":2,"playtime":1139,"item_purchase_floors":[2,14],"current_hp_per_floor":[75,75,72,72,65,65,56,41,41,41,64,77,77,77,77,44,77,82,82,51,24,15,40,32,32,32,0],"items_purged":["Strike_G","Defend_G"],"gold":111,"score":269,"play_id":"8ea4e8c7-60e6-4118-8718-e33bb17fa7bd","local_time":"20180619223124","is_prod":false,"is_daily":false,"chose_seed":false,"is_ascension_mode":true,"campfire_upgraded":3,"win_rate":0,"timestamp":1529461884,"campfire_choices":[{"data":"Blade Dance","floor":6,"key":"SMITH"},{"floor":11,"key":"REST"},{"data":"Noxious Fumes","floor":13,"key":"SMITH"},{"data":"Cloak And Dagger","floor":15,"key":"SMITH"},{"floor":23,"key":"REST"}],"path_taken":["M","$","?","?","M","R","M","M","T","?","R","?","R","$","R","BOSS","M","?","?","?","M","R","M","$","T","M"],"build_version":"2018-06-14v2","seed_source_timestamp":500055064055554,"purchased_purges":2,"victory":false,"master_deck":["Defend_G","Defend_G","Defend_G","Defend_G","Strike_G","Strike_G","Strike_G","Strike_G","Survivor","Neutralize","Noxious Fumes+1","Poisoned Stab","Accuracy","Blade Dance+1","Cloak And Dagger+1","Dagger Spray","Backflip","A Thousand Cuts","Escape Plan+1","Dash","Catalyst","Cloak And Dagger"],"max_hp_per_floor":[77,77,77,77,77,77,77,77,77,77,77,77,77,77,77,77,77,82,82,84,84,84,84,86,86,86,86],"relics":["Ring of the Snake","Strawberry","Snake Skull","Singing Bowl","Busted Crown","Red Mask","Gambling Chip"],"card_choices":[{"not_picked":["Leg Sweep","Underhanded Strike"],"picked":"Noxious Fumes","floor":1},{"not_picked":["Acrobatics","Dagger Throw"],"picked":"Accuracy","floor":3},{"not_picked":["Malaise","Dodge and Roll"],"picked":"Blade Dance","floor":5},{"not_picked":["Underhanded Strike","Outmaneuver"],"picked":"Cloak And Dagger","floor":7},{"not_picked":["Well Laid Plans","Sucker Punch"],"picked":"Dagger Spray","floor":8},{"not_picked":["Glass Knife","Tools of the Trade"],"picked":"A Thousand Cuts","floor":16},{"not_picked":[],"picked":"Escape Plan+1","floor":18},{"not_picked":["Concentrate"],"picked":"Singing Bowl","floor":20},{"not_picked":[],"picked":"Catalyst","floor":21},{"not_picked":[],"picked":"Cloak And Dagger","floor":22},{"not_picked":["Slice"],"picked":"Singing Bowl","floor":24}],"player_experience":659340,"potions_floor_usage":[16,18,22,22],"damage_taken":[{"damage":2,"enemies":"Cultist","floor":1,"turns":5},{"damage":3,"enemies":"2 Louse","floor":3,"turns":3},{"damage":7,"enemies":"Jaw Worm","floor":5,"turns":3},{"damage":9,"enemies":"3 Louse","floor":7,"turns":3},{"damage":15,"enemies":"2 Fungi Beasts","floor":8,"turns":3},{"damage":33,"enemies":"Hexaghost","floor":16,"turns":7},{"damage":0,"enemies":"3 Byrds","floor":18,"turns":4},{"damage":33,"floor":20,"turns":4},{"damage":27,"enemies":"2 Thieves","floor":21,"turns":3},{"damage":9,"enemies":"3 Cultists","floor":22,"turns":5},{"damage":10,"enemies":"Chosen and Byrds","floor":24,"turns":5},{"damage":35,"enemies":"Snecko","floor":27,"turns":4}],"relics_obtained":[{"floor":9,"key":"Snake Skull"},{"floor":20,"key":"Red Mask"},{"floor":26,"key":"Gambling Chip"}],"event_choices":[{"event_name":"Wheel of Change","player_choice":"Relic","floor":10,"damage_taken":0},{"event_name":"The Cleric","player_choice":"Healed","floor":12,"damage_taken":0},{"event_name":"The Library","player_choice":"Read","floor":19,"damage_taken":0},{"event_name":"Masked Bandits","player_choice":"Fought over 130 gold","floor":20,"damage_taken":0}],"boss_relics":[{"not_picked":["Black Star","Runic Pyramid"],"picked":"Busted Crown"}],"items_purged_floors":[2,25],"is_endless":false,"potions_floor_spawned":[1,8,16,21],"seed_played":"-5807925142423372070","killed_by":"Snecko","ascension_level":4,"potions_obtained":[{"floor":1,"key":"LiquidBronze"},{"floor":8,"key":"SkillPotion"},{"floor":16,"key":"Fruit Juice"},{"floor":21,"key":"Dexterity Potion"}],"is_trial":false}