{"gold_per_floor":[110,120,45,59,59,84,84,98,123,123,123,146,146,169,169,299,299,315,61,61,61,61,61,99,99,99,124,124,124,138,138,138,259,259,280,280,280,280,296,296,315,161,188,211,231,244,71,71],"floor_reached":48,"playtime":3023,"items_purged":["Strike_G","Strike_G","Strike_G+1","Strike_G+1"],"score":720,"play_id":"672a061b-1407-4d07-808d-ffe114900d34","local_time":"20180924203700","is_ascension_mode":true,"campfire_choices":[{"data":"Neutralize","floor":7,"key":"SMITH"},{"data":"Noxious Fumes","floor":11,"key":"SMITH"},{"floor":13,"key":"REST"},{"floor":15,"key":"REST"},{"floor":23,"key":"REST"},{"floor":25,"key":"REST"},{"floor":28,"key":"REST"},{"floor":32,"key":"REST"},{"floor":40,"key":"REST"}],"neow_cost":"NONE","seed_source_timestamp":90504317877008,"circlet_count":0,"master_deck":["Defend_G+1","Defend_G+1","Defend_G+1","Defend_G+1","Defend_G+1","Strike_G+1","Survivor+1","Neutralize+1","AscendersBane","Dash","Cloak And Dagger+1","Sucker Punch","Noxious Fumes+1","Backflip+1","Dodge and Roll+1","Cleave","Finesse","Demon Form+1","Turbo","Flame Barrier+1","Streamline+1","Blur","Infinite Blades","Dodge and Roll","PiercingWail","Glass Knife"],"relics":["Lizard Tail","Smiling Mask","Centennial Puzzle","Golden Idol","Fusion Hammer","PrismaticShard","War Paint","Mercury Hourglass","Unceasing Top","Eternal Feather","Happy Flower"],"potions_floor_usage":[6,16,16,18,24,24,30],"damage_taken":[{"damage":6,"enemies":"2 Louse","floor":1,"turns":4},{"damage":2,"enemies":"Cultist","floor":2,"turns":4},{"damage":0,"enemies":"Small Slimes","floor":4,"turns":4},{"damage":12,"enemies":"Gremlin Nob","floor":6,"turns":5},{"damage":4,"enemies":"2 Fungi Beasts","floor":8,"turns":4},{"damage":19,"enemies":"Gremlin Gang","floor":12,"turns":4},{"damage":10,"enemies":"Exordium Thugs","floor":14,"turns":6},{"damage":50,"enemies":"Slime Boss","floor":16,"turns":12},{"damage":6,"enemies":"Shell Parasite","floor":18,"turns":5},{"damage":53,"enemies":"Gremlin Leader","floor":24,"turns":10},{"damage":15,"enemies":"Spheric Guardian","floor":27,"turns":5},{"damage":2,"enemies":"3 Cultists","floor":30,"turns":4},{"damage":38,"enemies":"Champ","floor":33,"turns":21},{"damage":53,"enemies":"3 Darklings","floor":35,"turns":4},{"damage":7,"enemies":"3 Shapes","floor":39,"turns":6},{"damage":6,"enemies":"3 Darklings","floor":41,"turns":5},{"damage":15,"enemies":"Spire Growth","floor":44,"turns":6},{"damage":26,"enemies":"Transient","floor":45,"turns":5},{"damage":6,"enemies":"Reptomancer","floor":46,"turns":7},{"damage":30,"enemies":"Maw","floor":48,"turns":4}],"seed_played":"3733621925731460932","potions_obtained":[{"floor":2,"key":"PowerPotion"},{"floor":6,"key":"FearPotion"},{"floor":14,"key":"Dexterity Potion"},{"floor":16,"key":"Poison Potion"},{"floor":22,"key":"Block Potion"},{"floor":22,"key":"Fire Potion"},{"floor":27,"key":"Fire Potion"},{"floor":30,"key":"Swift Potion"},{"floor":35,"key":"Weak Potion"},{"floor":39,"key":"LiquidBronze"},{"floor":44,"key":"LiquidBronze"}],"is_trial":false,"path_per_floor":["M","M","$","M","?","E","R","M","T","?","R","M","R","M","R","B",null,"M","$","?","?","?","R","E","R","T","M","R","T","M","?","R","B",null,"M","?","?","?","M","R","M","$","T","M","M","M","$"],"character_chosen":"THE_SILENT","items_purchased":["PrismaticShard","Blur","Infinite Blades","PiercingWail","Glass Knife"],"campfire_rested":7,"item_purchase_floors":[19,42,42,47,47],"current_hp_per_floor":[57,55,55,55,55,43,43,39,39,39,39,20,39,29,48,32,57,51,51,51,51,51,65,12,31,31,16,35,35,33,38,57,19,54,1,1,57,57,50,57,51,51,51,36,10,4,4,0],"gold":71,"neow_bonus":"BOSS_RELIC","is_prod":false,"is_daily":false,"chose_seed":false,"campfire_upgraded":2,"win_rate":0,"timestamp":1537835820,"path_taken":["M","M","$","M","?","E","R","M","T","?","R","?","R","M","R","BOSS","M","$","?","?","?","R","E","R","T","M","R","?","M","?","R","BOSS","M","?","?","?","M","R","M","?","T","M","?","M","$","M"],"build_version":"2018-09-20","purchased_purges":4,"victory":false,"max_hp_per_floor":[70,70,70,70,70,70,70,70,70,65,65,65,65,65,65,65,65,65,65,65,65,65,65,65,65,65,65,65,65,65,65,65,65,65,65,65,57,57,57,57,57,57,57,57,57,57,57,57],"card_choices":[{"not_picked":["Bane","All Out Attack"],"picked":"Dash","floor":1},{"not_picked":["Concentrate","Dagger Spray"],"picked":"Cloak And Dagger","floor":2},{"not_picked":["Well Laid Plans","Eviscerate"],"picked":"Sucker Punch","floor":4},{"not_picked":["Dagger Throw","Outmaneuver","Catalyst"],"picked":"SKIP","floor":6},{"not_picked":["Dodge and Roll","Backflip"],"picked":"Noxious Fumes","floor":8},{"not_picked":["Acrobatics","Caltrops"],"picked":"Backflip","floor":12},{"not_picked":["All Out Attack","Slice","Endless Agony"],"picked":"SKIP","floor":14},{"not_picked":["Venomology","Grand Finale"],"picked":"Die Die Die","floor":16},{"not_picked":["Cloak And Dagger","Deflect+1"],"picked":"Dodge and Roll+1","floor":18},{"not_picked":["Poisoned Stab","Body Slam"],"picked":"Coolheaded","floor":24},{"not_picked":["Cold Snap","Power Through"],"picked":"Cleave","floor":27},{"not_picked":["Bludgeon","Ball Lightning"],"picked":"Finesse","floor":30},{"not_picked":["Limit Break","Feed"],"picked":"Demon Form","floor":33},{"not_picked":["Compile Driver","True Grit+1"],"picked":"Turbo","floor":35},{"not_picked":["Riddle With Holes+1","Bane"],"picked":"Flame Barrier+1","floor":39},{"not_picked":["Barrage","Pummel"],"picked":"Streamline+1","floor":41},{"not_picked":["Rebound","Hemokinesis","Perfected Strike"],"picked":"SKIP","floor":44},{"not_picked":["Perfected Strike+1","Anger"],"picked":"Dodge and Roll","floor":45},{"not_picked":["Sweeping Beam","Slice","Dagger Throw"],"picked":"SKIP","floor":46}],"player_experience":1540831,"relics_obtained":[{"floor":6,"key":"Smiling Mask"},{"floor":9,"key":"Centennial Puzzle"},{"floor":24,"key":"War Paint"},{"floor":26,"key":"Mercury Hourglass"},{"floor":29,"key":"Unceasing Top"},{"floor":43,"key":"Happy Flower"}],"event_choices":[{"event_name":"Living Wall","player_choice":"Grow","floor":5,"damage_taken":0},{"event_name":"Golden Idol","player_choice":"Lose Max HP","floor":10,"damage_taken":0},{"event_name":"Back to Basics","player_choice":"Simplicity","floor":20,"damage_taken":0},{"event_name":"Vampires","player_choice":"Ignored","floor":21,"damage_taken":0},{"event_name":"The Lab","player_choice":"Got Potions","floor":22,"damage_taken":0},{"event_name":"Bonfire Elementals","player_choice":"COMMON","floor":31,"damage_taken":0},{"event_name":"Falling","player_choice":"Removed Attack","floor":36,"damage_taken":0},{"event_name":"The Moai Head","player_choice":"Heal","floor":37,"damage_taken":0},{"event_name":"Accursed Blacksmith","player_choice":"Forge","floor":38,"damage_taken":0}],"is_beta":false,"boss_relics":[{"not_picked":["Coffee Dripper","Runic Pyramid"],"picked":"Fusion Hammer"},{"not_picked":["Cursed Key","Pandora\u0027s Box"],"picked":"Eternal Feather"}],"items_purged_floors":[3,19,42,47],"is_endless":false,"potions_floor_spawned":[2,6,14,16,27,30,35,39,44,45],"killed_by":"Maw","ascension_level":12}