{"gold_per_floor":[119,119,294,308,327,327,350,101,177,192,81,81,6,40,40,161,161,174,198,25,0,15,15,28,28,28,28,52,72,72,87,87,87],"floor_reached":33,"playtime":837,"items_purged":["Doubt","Setup"],"score":347,"play_id":"b6cb0c97-856c-4ce4-b27b-08760565819b","local_time":"20180727184911","is_ascension_mode":false,"campfire_choices":[{"data":"Terror","floor":6,"key":"SMITH"},{"floor":15,"key":"REST"},{"floor":23,"key":"REST"},{"data":"Infinite Blades","floor":25,"key":"SMITH"},{"floor":30,"key":"REST"},{"floor":32,"key":"REST"}],"neow_cost":"","seed_source_timestamp":22449996503891,"circlet_count":0,"master_deck":["Survivor","Neutralize","Poisoned Stab","Accuracy","Terror+1","Blade Dance","Cloak And Dagger","Deadly Poison","Infinite Blades","Blade Dance","Accuracy","Die Die Die","Storm of Steel","Poisoned Stab","Poisoned Stab","Cloak And Dagger","Sucker Punch","Poisoned Stab","Poisoned Stab","Quick Slash","Prepared","Acrobatics","Choke","Expertise","Infinite Blades+1","Infinite Blades+1","Infinite Blades"],"relics":["Ring of the Snake","Golden Idol","Snake Skull","Mercury Hourglass","Regal Pillow","Pandora\u0027s Box","Molten Egg 2","Bronze Scales"],"potions_floor_usage":[14,16,22,33],"damage_taken":[{"damage":15,"enemies":"Jaw Worm","floor":1,"turns":5},{"damage":6,"enemies":"2 Louse","floor":4,"turns":4},{"damage":9,"enemies":"Small Slimes","floor":5,"turns":4},{"damage":2,"enemies":"Looter","floor":7,"turns":3},{"damage":0,"enemies":"Gremlin Gang","floor":10,"turns":4},{"damage":1,"enemies":"Gremlin Nob","floor":14,"turns":3},{"damage":0,"enemies":"Slime Boss","floor":16,"turns":7},{"damage":17,"enemies":"2 Thieves","floor":18,"turns":3},{"damage":35,"enemies":"3 Byrds","floor":19,"turns":4},{"damage":18,"enemies":"Snecko","floor":22,"turns":4},{"damage":15,"enemies":"Snake Plant","floor":24,"turns":4},{"damage":10,"enemies":"Sentry and Sphere","floor":29,"turns":3},{"damage":35,"enemies":"Centurion and Healer","floor":31,"turns":5},{"damage":72,"enemies":"Automaton","floor":33,"turns":6}],"seed_played":"-160415056933110200","potions_obtained":[{"floor":5,"key":"GhostInAJar"},{"floor":14,"key":"Dexterity Potion"},{"floor":16,"key":"Regen Potion"},{"floor":24,"key":"Swift Potion"}],"is_trial":false,"path_per_floor":["M","?","?","M","M","R","M","$","T","M","$","?","$","E","R","B",null,"M","M","$","?","M","R","M","R","T","?","T","M","R","M","R"],"character_chosen":"THE_SILENT","items_purchased":["Snake Skull","Cloak And Dagger","Infinite Blades","Blade Dance","Accuracy","Infinite Blades"],"campfire_rested":4,"item_purchase_floors":[8,8,11,11,13,20],"current_hp_per_floor":[55,38,38,32,23,23,21,21,21,21,21,7,7,6,42,42,70,53,18,18,18,12,48,33,33,33,33,33,23,59,24,60,0],"gold":87,"neow_bonus":"","is_prod":false,"is_daily":false,"chose_seed":false,"campfire_upgraded":2,"win_rate":0,"timestamp":1532683151,"path_taken":["M","?","?","M","M","R","M","$","T","M","$","?","?","E","R","BOSS","M","?","$","?","?","R","M","R","T","?","?","M","R","M","R","BOSS"],"build_version":"2018-07-26","purchased_purges":2,"victory":false,"max_hp_per_floor":[70,70,70,70,70,70,70,70,70,70,70,70,70,70,70,70,70,70,70,70,70,70,70,70,70,70,70,70,70,70,70,70,70],"card_choices":[{"not_picked":["Heel Hook","Acrobatics"],"picked":"Poisoned Stab","floor":1},{"not_picked":["Quick Slash","All Out Attack"],"picked":"Accuracy","floor":4},{"not_picked":["Acrobatics","Infinite Blades"],"picked":"Terror","floor":5},{"not_picked":["Calculated Gamble","Backflip"],"picked":"Blade Dance","floor":7},{"not_picked":["Bane","Outmaneuver"],"picked":"Deadly Poison","floor":10},{"not_picked":["Bane","Flying Knee"],"picked":"Die Die Die","floor":14},{"not_picked":["Unload","Die Die Die"],"picked":"Storm of Steel","floor":16},{"not_picked":["PiercingWail+1","Backflip+1"],"picked":"Choke","floor":18},{"not_picked":["Calculated Gamble+1","Heel Hook+1"],"picked":"Expertise","floor":19},{"not_picked":["PiercingWail","Setup+1"],"picked":"Infinite Blades+1","floor":22},{"not_picked":["Dagger Throw","Dodge and Roll","Flying Knee"],"picked":"SKIP","floor":24},{"not_picked":["Tactician+1","Underhanded Strike+1","Dodge and Roll"],"picked":"SKIP","floor":29},{"not_picked":["Deflect","PiercingWail"],"picked":"Infinite Blades","floor":31}],"player_experience":266167,"relics_obtained":[{"floor":9,"key":"Mercury Hourglass"},{"floor":14,"key":"Regal Pillow"},{"floor":26,"key":"Molten Egg 2"},{"floor":28,"key":"Bronze Scales"}],"event_choices":[{"event_name":"Golden Idol","player_choice":"Take Damage","floor":2,"damage_taken":0},{"event_name":"Liars Game","player_choice":"agreed","floor":3,"damage_taken":0},{"event_name":"Shining Light","player_choice":"Entered Light","floor":12,"damage_taken":0},{"event_name":"Masked Bandits","player_choice":"Paid Bandits 25 gold","floor":21,"damage_taken":0},{"event_name":"Ghosts","player_choice":"Ignored","floor":27,"damage_taken":0}],"is_beta":false,"boss_relics":[{"not_picked":["Snecko Eye","Eternal Feather"],"picked":"Pandora\u0027s Box"}],"items_purged_floors":[8,20],"is_endless":false,"potions_floor_spawned":[5,14,16,24],"killed_by":"Automaton","ascension_level":0}