{"gold_per_floor":[115,129,140,140,155,184,184,184,232,232],"floor_reached":10,"playtime":493,"items_purged":[],"score":78,"play_id":"6ba9d347-c8c7-4535-a76e-e68e7d727ee4","local_time":"20181211172500","is_ascension_mode":false,"campfire_choices":[],"neow_cost":"NONE","seed_source_timestamp":261879988943639,"circlet_count":0,"master_deck":["Defend_G+1","Defend_G","Defend_G","Defend_G","Defend_G","Strike_G","Strike_G","Strike_G","Strike_G","Survivor+1","Neutralize","Infinite Blades","Deadly Poison","Noxious Fumes+1","Dash","Poisoned Stab"],"relics":["Philosopher\u0027s Stone","Blue Candle","War Paint"],"potions_floor_usage":[8],"damage_taken":[{"damage":0,"enemies":"Cultist","floor":1,"turns":4},{"damage":6,"enemies":"2 Louse","floor":2,"turns":2},{"damage":0,"enemies":"Jaw Worm","floor":3,"turns":4},{"damage":9,"enemies":"Large Slime","floor":5,"turns":6},{"damage":34,"enemies":"Gremlin Nob","floor":6,"turns":5},{"damage":9,"enemies":"Lagavulin","floor":8,"turns":4},{"damage":8,"enemies":"Gremlin Gang","floor":10,"turns":3}],"seed_played":"-6737027333976396767","potions_obtained":[{"floor":2,"key":"SmokeBomb"}],"is_trial":false,"path_per_floor":["M","M","M","?","M","E","?","E","T","M"],"character_chosen":"THE_SILENT","items_purchased":[],"campfire_rested":0,"item_purchase_floors":[],"current_hp_per_floor":[70,64,64,57,48,14,14,5,5,0],"gold":232,"neow_bonus":"BOSS_RELIC","is_prod":false,"is_daily":false,"chose_seed":false,"campfire_upgraded":0,"win_rate":0,"timestamp":1544567100,"path_taken":["M","M","M","?","M","E","?","E","T","M"],"build_version":"2018-12-06","purchased_purges":0,"victory":false,"max_hp_per_floor":[70,70,70,70,70,70,70,70,70,70],"card_choices":[{"not_picked":["Outmaneuver","Dagger Spray"],"picked":"Infinite Blades","floor":1},{"not_picked":["Masterful Stab","Tactician"],"picked":"Deadly Poison","floor":2},{"not_picked":["Dagger Throw","Quick Slash"],"picked":"Noxious Fumes","floor":3},{"not_picked":["Deadly Poison","Dagger Throw"],"picked":"Dash","floor":5},{"not_picked":["Unload","Dagger Throw"],"picked":"Poisoned Stab","floor":6}],"player_experience":1856279,"relics_obtained":[{"floor":6,"key":"Blue Candle"},{"floor":9,"key":"War Paint"}],"event_choices":[{"cards_removed":["Strike_G"],"damage_healed":0,"gold_gain":0,"player_choice":"Card Removal","damage_taken":7,"max_hp_gain":0,"max_hp_loss":0,"event_name":"Golden Wing","floor":4,"gold_loss":0},{"damage_healed":0,"gold_gain":0,"player_choice":"Grow","damage_taken":0,"max_hp_gain":0,"max_hp_loss":0,"event_name":"Living Wall","floor":7,"gold_loss":0,"cards_upgraded":["Noxious Fumes"]}],"is_beta":false,"boss_relics":[],"items_purged_floors":[],"is_endless":false,"potions_floor_spawned":[2,8],"killed_by":"Gremlin Gang","ascension_level":0}