{"path_per_floor":["M","$","M","?","M","R","M","?","T","M","E","M","R","?","R","B",null,"M","$","?","?","M","R","M","E","T","M","M","R","E"],"character_chosen":"THE_SILENT","items_purchased":["Infinite Blades","Torii"],"gold_per_floor":[114,37,53,53,67,67,91,91,91,116,151,176,176,176,176,301,301,317,5,5,5,29,29,45,85,157,177,191,191,234,234],"floor_reached":31,"campfire_rested":3,"playtime":2691,"item_purchase_floors":[2,19],"current_hp_per_floor":[70,70,65,65,63,63,57,54,54,54,49,49,74,74,74,58,84,77,77,77,77,49,74,71,62,62,62,55,80,12,0],"items_purged":[],"gold":234,"score":277,"play_id":"6a145601-5f64-4871-91d9-4c12ed2f09e4","local_time":"20180525092205","is_prod":false,"is_daily":false,"chose_seed":false,"is_ascension_mode":false,"campfire_upgraded":2,"win_rate":0.0,"timestamp":1527254525,"campfire_choices":[{"data":"Infinite Blades","floor":6,"key":"SMITH"},{"floor":13,"key":"REST"},{"data":"Phantasmal Killer","floor":15,"key":"SMITH"},{"floor":23,"key":"REST"},{"floor":29,"key":"REST"}],"path_taken":["M","$","M","?","M","R","M","?","T","M","E","M","R","?","R","BOSS","M","$","?","?","?","R","M","E","T","M","?","R","E","M"],"build_version":"2018-05-24","seed_source_timestamp":364714431821698,"purchased_purges":0,"victory":false,"master_deck":["Survivor","Neutralize","Sucker Punch","Infinite Blades+1","Deflect","Injury","Flying Knee","Accuracy","Phantasmal Killer+1","Slice+1","Malaise","A Thousand Cuts","Bane+1","Expertise","Dagger Throw+1","Underhanded Strike+1","Catalyst","Flying Knee+1","Calculated Gamble","Deadly Poison","Calculated Gamble","Sucker Punch+1","Backstab+1","PiercingWail+1","Choke+1","Acrobatics+1","Blade Dance+1","Choke+1","Dash+1"],"max_hp_per_floor":[70,70,70,70,70,70,70,70,70,70,84,84,84,84,84,84,84,84,84,84,84,84,84,84,84,84,84,84,84,84,84],"relics":["Ring of the Snake","Golden Idol","Shovel","Molten Egg 2","Mango","Pandora\u0027s Box","Torii","Bag of Preparation","Frozen Egg 2","Matryoshka"],"card_choices":[{"not_picked":["Slice","Heel Hook"],"picked":"Sucker Punch","floor":1},{"not_picked":["Poisoned Stab","Reflex"],"picked":"Deflect","floor":3},{"not_picked":["Poisoned Stab","Prepared"],"picked":"Flying Knee","floor":5},{"not_picked":["Bane","Footwork"],"picked":"Accuracy","floor":7},{"not_picked":["All Out Attack+1","Cloak And Dagger"],"picked":"Phantasmal Killer","floor":10},{"not_picked":["Deadly Poison","Flying Knee+1"],"picked":"Slice+1","floor":11},{"not_picked":["Prepared","Catalyst"],"picked":"Malaise","floor":12},{"not_picked":["Doppelganger","Bullet Time"],"picked":"A Thousand Cuts","floor":16},{"not_picked":["Flying Knee+1","Blade Dance"],"picked":"Backstab+1","floor":18},{"not_picked":["Dodge and Roll+1","Expertise"],"picked":"PiercingWail+1","floor":22},{"not_picked":["Dagger Spray+1","Sucker Punch+1"],"picked":"Choke+1","floor":24},{"not_picked":["Eviscerate+1","Outmaneuver"],"picked":"Acrobatics+1","floor":25},{"not_picked":["Riddle With Holes+1","Underhanded Strike+1"],"picked":"Blade Dance+1","floor":27},{"not_picked":["Backflip","Poisoned Stab+1"],"picked":"Choke+1","floor":28},{"not_picked":["Flying Knee+1","Infinite Blades+1"],"picked":"Dash+1","floor":30}],"player_experience":127383,"potions_floor_usage":[16,25,25,28,30,30],"damage_taken":[{"damage":0,"enemies":"Small Slimes","floor":1,"turns":3},{"damage":5,"enemies":"Jaw Worm","floor":3,"turns":4},{"damage":2,"enemies":"2 Louse","floor":5,"turns":3},{"damage":6,"enemies":"Blue Slaver","floor":7,"turns":4},{"damage":0,"enemies":"Large Slime","floor":10,"turns":5},{"damage":19,"enemies":"3 Sentries","floor":11,"turns":8},{"damage":0,"enemies":"2 Fungi Beasts","floor":12,"turns":4},{"damage":16,"enemies":"The Guardian","floor":16,"turns":12},{"damage":7,"enemies":"Shell Parasite","floor":18,"turns":2},{"damage":28,"enemies":"2 Thieves","floor":22,"turns":4},{"damage":3,"enemies":"Snake Plant","floor":24,"turns":4},{"damage":9,"enemies":"Slavers","floor":25,"turns":6},{"damage":0,"enemies":"Snecko","floor":27,"turns":2},{"damage":7,"enemies":"Chosen and Byrds","floor":28,"turns":6},{"damage":68,"enemies":"Gremlin Leader","floor":30,"turns":5},{"damage":16,"enemies":"Centurion and Healer","floor":31,"turns":1}],"relics_obtained":[{"floor":9,"key":"Molten Egg 2"},{"floor":11,"key":"Mango"},{"floor":25,"key":"Bag of Preparation"},{"floor":26,"key":"Frozen Egg 2"},{"floor":30,"key":"Matryoshka"}],"event_choices":[{"event_name":"Golden Idol","player_choice":"Take Wound","floor":4,"damage_taken":0},{"event_name":"Scrap Ooze","player_choice":"success","floor":8,"damage_taken":3},{"event_name":"The Woman in Blue","player_choice":"Bought 0 Potions","floor":14,"damage_taken":0},{"event_name":"Drug Dealer","player_choice":"Ignored","floor":20,"damage_taken":0},{"event_name":"Vampires","player_choice":"Ignored","floor":21,"damage_taken":0}],"boss_relics":[{"not_picked":["Eternal Feather","Cursed Key"],"picked":"Pandora\u0027s Box"}],"items_purged_floors":[],"potions_floor_spawned":[7,12,22,24,27,28],"seed_played":"-4041915000192700518","killed_by":"Centurion and Healer","ascension_level":0,"potions_obtained":[{"floor":7,"key":"Ancient Potion"},{"floor":12,"key":"Dexterity Potion"},{"floor":22,"key":"GhostInAJar"},{"floor":24,"key":"Swift Potion"},{"floor":27,"key":"Swift Potion"},{"floor":28,"key":"SteroidPotion"}],"is_trial":false}