{"gold_per_floor":[116,136,136,160,110,149,169,169,169,209,11,11,11,29,29,149,149,170,110,33,76,100,114,114,133,160,160,88,88,13,13,13,137,137,155,280,280,300,313,313,354,28,28,53,86,101,101,124,124,124,124,124,16,50,50],"floor_reached":55,"playtime":2582,"items_purged":["Strike_B","Writhe"],"score":767,"play_id":"2dca629b-49b0-4cc3-bdb3-68106f013b9c","local_time":"20181209163727","is_ascension_mode":false,"campfire_choices":[{"floor":8,"key":"REST"},{"floor":15,"key":"REST"},{"floor":24,"key":"REST"},{"floor":27,"key":"RECALL"},{"data":"Creative AI","floor":32,"key":"SMITH"},{"floor":40,"key":"REST"},{"floor":47,"key":"REST"},{"floor":49,"key":"REST"},{"floor":52,"key":"REST"}],"neow_cost":"NONE","seed_source_timestamp":83881837671147,"circlet_count":0,"master_deck":["Defend_B","Defend_B","Defend_B","Defend_B","Zap","Dualcast","FTL","Defragment","Static Discharge","Compile Driver","Conserve Battery","Thunder Strike","Conserve Battery","Ball Lightning","Creative AI+1","Storm","Scrape","Heatsinks","Defragment","Go for the Eyes","Self Repair","BootSequence+1","Genetic Algorithm","Static Discharge","Echo Form","Chill+1","Coolheaded+1","Loop+1","Loop+1","Loop+1","Coolheaded","Streamline","Reinforced Body","Stack","Parasite","Stack+1","Ball Lightning+1","Glacier","Static Discharge","Conserve Battery"],"relics":["Nuclear Battery","Golden Idol","Mummified Hand","Potion Belt","DataDisk","Eternal Feather","Red Mask","Bronze Scales","Letter Opener","Fusion Hammer","Turnip","Mercury Hourglass","PreservedInsect","Thread and Needle","Darkstone Periapt","Vajra"],"potions_floor_usage":[6,10,10,25,31,33,44,50,50],"damage_taken":[{"damage":6,"enemies":"Jaw Worm","floor":1,"turns":4},{"damage":0,"enemies":"2 Louse","floor":2,"turns":3},{"damage":5,"enemies":"Small Slimes","floor":4,"turns":4},{"damage":28,"enemies":"Gremlin Nob","floor":6,"turns":4},{"damage":28,"enemies":"Exordium Thugs","floor":7,"turns":4},{"damage":5,"enemies":"3 Sentries","floor":10,"turns":9},{"damage":0,"enemies":"Large Slime","floor":14,"turns":7},{"damage":41,"enemies":"Slime Boss","floor":16,"turns":6},{"damage":17,"enemies":"Spheric Guardian","floor":18,"turns":3},{"damage":41,"enemies":"Masked Bandits","floor":21,"turns":4},{"damage":1,"enemies":"Chosen","floor":22,"turns":3},{"damage":14,"enemies":"Shelled Parasite and Fungi","floor":23,"turns":3},{"damage":0,"enemies":"Cultist and Chosen","floor":25,"turns":3},{"damage":0,"enemies":"Snecko","floor":31,"turns":1},{"damage":38,"enemies":"Collector","floor":33,"turns":7},{"damage":23,"enemies":"3 Darklings","floor":35,"turns":3},{"damage":21,"enemies":"Mind Bloom Boss Battle","floor":36,"turns":4},{"damage":0,"enemies":"Orb Walker","floor":38,"turns":3},{"damage":36,"enemies":"4 Shapes","floor":39,"turns":5},{"damage":0,"enemies":"Giant Head","floor":41,"turns":3},{"damage":0,"enemies":"Transient","floor":44,"turns":5},{"damage":5,"enemies":"Nemesis","floor":45,"turns":5},{"damage":0,"enemies":"Writhing Mass","floor":46,"turns":6},{"damage":9,"enemies":"Spire Growth","floor":48,"turns":4},{"damage":49,"enemies":"Awakened One","floor":50,"turns":15},{"damage":30,"enemies":"Shield and Spear","floor":54,"turns":5},{"damage":61,"enemies":"The Heart","floor":55,"turns":5}],"seed_played":"-8835757002603704310","potions_obtained":[{"floor":2,"key":"Strength Potion"},{"floor":6,"key":"EssenceOfSteel"},{"floor":7,"key":"Fire Potion"},{"floor":10,"key":"SteroidPotion"},{"floor":18,"key":"LiquidBronze"},{"floor":21,"key":"SteroidPotion"},{"floor":23,"key":"SmokeBomb"},{"floor":36,"key":"Dexterity Potion"},{"floor":41,"key":"Dexterity Potion"},{"floor":44,"key":"SteroidPotion"}],"is_trial":false,"path_per_floor":["M","M","?","M","?","E","M","R","T","E","$","?","?","M","R","B",null,"M","?","$","?","M","M","R","M","T","R","$","?","$","M","R","B",null,"M","?","?","M","M","R","E","$","T","M","E","M","R","M","R","B",null,"R","$","E","B"],"character_chosen":"DEFECT","items_purchased":["DataDisk","Conserve Battery","Defragment","Static Discharge","Coolheaded","PreservedInsect","Streamline","Glacier","Static Discharge"],"campfire_rested":7,"item_purchase_floors":[11,11,20,28,42,42,42,53,53],"current_hp_per_floor":[69,69,69,64,64,36,8,30,30,25,25,25,25,25,47,6,75,58,58,58,17,16,2,36,50,50,62,62,62,62,62,74,43,75,59,45,64,64,28,68,75,75,75,75,75,81,81,79,81,39,81,81,81,58,0],"gold":50,"neow_bonus":"BOSS_RELIC","is_prod":false,"is_daily":false,"chose_seed":false,"campfire_upgraded":1,"win_rate":0,"timestamp":1544391447,"path_taken":["M","M","?","M","?","E","M","R","T","E","$","?","?","?","R","BOSS","M","?","?","?","M","M","R","M","T","R","?","?","$","M","R","BOSS","M","?","?","M","?","R","E","$","T","M","E","M","R","M","R","BOSS","R","$","E","BOSS"],"build_version":"2018-12-06","purchased_purges":2,"victory":false,"max_hp_per_floor":[75,75,75,75,75,75,75,75,75,75,75,75,75,75,75,75,75,75,75,75,75,75,75,75,75,75,75,75,75,75,75,75,75,75,75,75,75,75,75,75,75,75,75,75,75,81,81,81,81,81,81,81,81,81,81],"card_choices":[{"not_picked":["Ball Lightning","Cold Snap"],"picked":"FTL","floor":1},{"not_picked":["Go for the Eyes","Hologram"],"picked":"Defragment","floor":2},{"not_picked":["Sweeping Beam","Turbo"],"picked":"Static Discharge","floor":4},{"not_picked":["Double Energy","Force Field"],"picked":"Compile Driver","floor":6},{"not_picked":["Barrage","Streamline"],"picked":"Conserve Battery","floor":7},{"not_picked":["Redo","Turbo"],"picked":"Thunder Strike","floor":10},{"not_picked":["Coolheaded","Sweeping Beam"],"picked":"Ball Lightning","floor":14},{"not_picked":["Thunder Strike","Machine Learning"],"picked":"Creative AI","floor":16},{"not_picked":["Redo","Undo+1"],"picked":"Storm","floor":18},{"not_picked":["Streamline","Blizzard"],"picked":"Go for the Eyes","floor":21},{"not_picked":["Static Discharge","Hologram+1"],"picked":"Self Repair","floor":22},{"not_picked":["Blizzard","Tempest+1"],"picked":"BootSequence+1","floor":23},{"not_picked":["Gash","Turbo"],"picked":"Genetic Algorithm","floor":25},{"not_picked":["All For One","Electrodynamics"],"picked":"Echo Form","floor":33},{"not_picked":["Gash","Hologram"],"picked":"Chill+1","floor":35},{"not_picked":["Conserve Battery","Barrage+1"],"picked":"Coolheaded+1","floor":36},{"not_picked":["Coolheaded+1","Hologram"],"picked":"Loop+1","floor":38},{"not_picked":["Steam+1","Compile Driver"],"picked":"Loop+1","floor":39},{"not_picked":["Gash","Hologram"],"picked":"Loop+1","floor":41},{"not_picked":["Steam Power","Darkness+1"],"picked":"Reinforced Body","floor":44},{"not_picked":["Auto Shields+1","Sweeping Beam+1"],"picked":"Stack","floor":45},{"not_picked":["Ball Lightning","Reprogram"],"picked":"Stack+1","floor":46},{"not_picked":["Rebound+1","Heatsinks+1"],"picked":"Ball Lightning+1","floor":48},{"not_picked":["Go for the Eyes+1","Stack"],"picked":"Conserve Battery","floor":54}],"player_experience":1823757,"relics_obtained":[{"floor":6,"key":"Mummified Hand"},{"floor":10,"key":"Potion Belt"},{"floor":21,"key":"Red Mask"},{"floor":26,"key":"Bronze Scales"},{"floor":36,"key":"Turnip"},{"floor":41,"key":"Mercury Hourglass"},{"floor":43,"key":"Thread and Needle"},{"floor":45,"key":"Darkstone Periapt"},{"floor":54,"key":"Vajra"}],"event_choices":[{"damage_healed":0,"gold_gain":0,"player_choice":"Take Wound","damage_taken":0,"relics_obtained":["Golden Idol"],"max_hp_gain":0,"max_hp_loss":0,"event_name":"Golden Idol","floor":3,"gold_loss":0,"cards_obtained":["Injury"]},{"cards_removed":["Strike_B"],"damage_healed":0,"gold_gain":0,"player_choice":"Card Removal","damage_taken":0,"max_hp_gain":0,"max_hp_loss":0,"event_name":"The Cleric","floor":5,"gold_loss":50},{"damage_healed":0,"gold_gain":0,"player_choice":"Ignored","damage_taken":0,"max_hp_gain":0,"max_hp_loss":0,"event_name":"Liars Game","floor":12,"gold_loss":0},{"cards_removed":["Injury"],"damage_healed":0,"gold_gain":0,"player_choice":"Forget","damage_taken":0,"max_hp_gain":0,"max_hp_loss":0,"event_name":"Living Wall","floor":13,"gold_loss":0},{"damage_healed":0,"gold_gain":0,"cards_transformed":["Strike_B","Strike_B"],"player_choice":"Transformed Cards","damage_taken":0,"max_hp_gain":0,"max_hp_loss":0,"event_name":"Designer","floor":19,"gold_loss":60,"cards_obtained":["Scrape","Heatsinks"]},{"damage_healed":0,"gold_gain":0,"player_choice":"Fought Bandits","damage_taken":0,"max_hp_gain":0,"max_hp_loss":0,"event_name":"Masked Bandits","floor":21,"gold_loss":0},{"damage_healed":0,"gold_gain":0,"player_choice":"Opened","damage_taken":0,"relics_obtained":["Letter Opener"],"max_hp_gain":0,"max_hp_loss":0,"event_name":"The Mausoleum","floor":29,"gold_loss":0},{"damage_healed":0,"gold_gain":0,"player_choice":"Fight","damage_taken":0,"max_hp_gain":0,"max_hp_loss":0,"event_name":"MindBloom","floor":36,"gold_loss":0},{"damage_healed":19,"gold_gain":0,"player_choice":"Writhe","damage_taken":0,"max_hp_gain":0,"max_hp_loss":0,"event_name":"Winding Halls","floor":37,"gold_loss":0,"cards_obtained":["Writhe"]}],"is_beta":false,"boss_relics":[{"not_picked":["Coffee Dripper","Busted Crown"],"picked":"Eternal Feather"},{"not_picked":["Astrolabe","Empty Cage"],"picked":"Fusion Hammer"}],"items_purged_floors":[30,42],"is_endless":false,"potions_floor_spawned":[2,6,7,10,18,21,23,36,41,44],"killed_by":"The Heart","ascension_level":0}