{"gold_per_floor":[219,236,248,196,196,196,55,55,55,55,73,73,21,37,37,110,110,123,38,55,55,75,75,110,110,110,110,110,126,126,143,143,217,217,233,233,245,16,16,46,46,65,65,65,83,83,93,111,111,111],"floor_reached":50,"playtime":2149,"items_purged":[],"score":917,"play_id":"65cb8b03-b0e9-4611-8da4-4d40b9bc091a","local_time":"20190204215306","is_ascension_mode":true,"campfire_choices":[{"data":"Perfected Strike","floor":6.0,"key":"SMITH"},{"data":"Perfected Strike","floor":8.0,"key":"SMITH"},{"data":"Perfected Strike","floor":10.0,"key":"SMITH"},{"data":"Metallicize","floor":12.0,"key":"SMITH"},{"data":"Bash","floor":15.0,"key":"SMITH"},{"data":"Flame Barrier","floor":23.0,"key":"SMITH"},{"floor":25.0,"key":"REST"},{"data":"Clumsy","floor":27.0,"key":"PURGE"},{"data":"True Grit","floor":30.0,"key":"SMITH"},{"floor":32.0,"key":"REST"},{"floor":41.0,"key":"REST"},{"floor":44.0,"key":"REST"},{"data":"Decay","floor":46.0,"key":"PURGE"},{"floor":49.0,"key":"REST"}],"neow_cost":"NONE","seed_source_timestamp":0,"circlet_count":0,"master_deck":["AscendersBane","Strike_R","Strike_R","Strike_R","Strike_R","Defend_R","Defend_R","Defend_R","Defend_R","Bash+1","Metallicize+1","Perfected Strike+1","Shrug It Off","Perfected Strike+1","Perfected Strike+1","Metallicize","Twin Strike","Wild Strike","Impervious","Flame Barrier+1","True Grit+1","Impervious","Disarm","Pommel Strike","Perfected Strike","Impervious","Wild Strike","Perfected Strike","Perfected Strike","Perfected Strike+1","Madness","Anger","Twin Strike","Parasite"],"special_seed":0,"relics":["Burning Blood","Dodecahedron","Cursed Key","Red Skull","Sundial","Peace Pipe","Orrery","MealTicket","Strawberry","Kunai"],"potions_floor_usage":[50],"damage_taken":[{"damage":6.0,"enemies":"Jaw Worm","floor":1.0,"turns":5.0},{"damage":14.0,"enemies":"Cultist","floor":2.0,"turns":5.0},{"damage":6.0,"enemies":"Small Slimes","floor":3.0,"turns":4.0},{"damage":9.0,"enemies":"Red Slaver","floor":11.0,"turns":2.0},{"damage":10.0,"enemies":"Blue Slaver","floor":14.0,"turns":3.0},{"damage":29.0,"enemies":"The Guardian","floor":16.0,"turns":7.0},{"damage":6.0,"enemies":"2 Thieves","floor":18.0,"turns":2.0},{"damage":10.0,"enemies":"Shell Parasite","floor":20.0,"turns":4.0},{"damage":15.0,"enemies":"Shelled Parasite and Fungi","floor":22.0,"turns":5.0},{"damage":28.0,"enemies":"Slavers","floor":24.0,"turns":7.0},{"damage":0.0,"enemies":"Centurion and Healer","floor":29.0,"turns":5.0},{"damage":18.0,"enemies":"Snecko","floor":31.0,"turns":6.0},{"damage":53.0,"enemies":"Collector","floor":33.0,"turns":10.0},{"damage":17.0,"enemies":"3 Darklings","floor":35.0,"turns":5.0},{"damage":6.0,"enemies":"3 Shapes","floor":37.0,"turns":4.0},{"damage":44.0,"enemies":"Reptomancer","floor":40.0,"turns":5.0},{"damage":28.0,"enemies":"3 Darklings","floor":42.0,"turns":7.0},{"damage":0.0,"enemies":"4 Shapes","floor":45.0,"turns":6.0},{"damage":21.0,"enemies":"Transient","floor":47.0,"turns":6.0},{"damage":26.0,"enemies":"Writhing Mass","floor":48.0,"turns":5.0},{"damage":47,"enemies":"Awakened One","floor":50,"turns":6}],"seed_played":"4114919934766675507","potions_obtained":[{"floor":2.0,"key":"Explosive Potion"},{"floor":11.0,"key":"Strength Potion"},{"floor":18.0,"key":"SpeedPotion"},{"floor":22.0,"key":"Energy Potion"},{"floor":40.0,"key":"Weak Potion"},{"floor":47.0,"key":"Block Potion"},{"floor":48.0,"key":"Swift Potion"}],"is_trial":false,"path_per_floor":["M","M","M","$","?","R","$","R","T","R","M","R","$","M","R","B",null,"M","?","M","$","M","R","E","R","T","R","?","M","R","M","R","B",null,"M","?","M","$","?","E","R","M","T","R","M","R","M","M","R","B"],"character_chosen":"IRONCLAD","items_purchased":["Perfected Strike","Perfected Strike","Metallicize","Twin Strike","MealTicket"],"campfire_rested":5,"item_purchase_floors":[4,7,7,13,38],"current_hp_per_floor":[68,60,60,60,60,60,60,60,60,60,57,57,57,53,53,30,64,64,64,60,60,51,51,29,51,51,51,51,57,57,45,67,20,61,50,50,50,50,50,19,43,21,21,45,51,51,36,16,40,0],"gold":111,"neow_bonus":"HUNDRED_GOLD","is_prod":false,"is_daily":false,"chose_seed":false,"campfire_upgraded":7,"win_rate":0,"timestamp":1549335186,"path_taken":["M","M","M","$","?","R","?","R","T","R","M","R","$","M","R","BOSS","M","?","M","$","M","R","E","R","T","R","?","?","R","M","R","BOSS","M","?","M","$","?","E","R","M","T","R","?","R","?","M","R","BOSS"],"build_version":"2019-01-23","purchased_purges":0,"victory":false,"max_hp_per_floor":[75,75,75,75,75,75,75,75,75,75,75,75,75,75,75,75,75,75,75,75,75,75,75,75,75,75,75,75,75,75,75,75,75,75,75,75,75,75,75,82,82,82,82,82,82,82,82,82,82,82],"card_choices":[{"not_picked":["Thunderclap","Shrug It Off"],"picked":"Metallicize","floor":1.0},{"not_picked":["Shrug It Off","Warcry"],"picked":"Perfected Strike","floor":2.0},{"not_picked":["Berserk","Warcry"],"picked":"Shrug It Off","floor":3.0},{"not_picked":["Body Slam","Carnage","Rampage"],"picked":"SKIP","floor":11.0},{"not_picked":["Searing Blow","Clothesline"],"picked":"Wild Strike","floor":14.0},{"not_picked":["Fiend Fire","Limit Break"],"picked":"Impervious","floor":16.0},{"not_picked":["Anger","Dropkick"],"picked":"Flame Barrier","floor":18.0},{"not_picked":["Heavy Blade","Fire Breathing"],"picked":"True Grit","floor":20.0},{"not_picked":["Sever Soul","Bludgeon"],"picked":"Pummel","floor":22.0},{"not_picked":["Thunderclap","Ghostly Armor"],"picked":"Impervious","floor":24.0},{"not_picked":["Power Through","Feel No Pain"],"picked":"Pommel Strike","floor":29.0},{"not_picked":["Sword Boomerang","Rupture"],"picked":"Perfected Strike","floor":31.0},{"not_picked":["Limit Break","Barricade"],"picked":"Impervious","floor":33.0},{"not_picked":["Entrench+1","Pummel"],"picked":"Wild Strike","floor":34.0},{"not_picked":["Thunderclap","Rupture"],"picked":"Perfected Strike","floor":34.0},{"not_picked":["Body Slam","Anger"],"picked":"Perfected Strike","floor":34.0},{"not_picked":["Exhume","Headbutt"],"picked":"True Grit","floor":34.0},{"not_picked":["True Grit","Rage"],"picked":"Perfected Strike+1","floor":35.0},{"not_picked":["PanicButton","Purity"],"picked":"Madness","floor":36.0},{"not_picked":["Cleave","Combust","Iron Wave+1"],"picked":"SKIP","floor":37.0},{"not_picked":["Seeing Red+1","Sword Boomerang"],"picked":"Twin Strike","floor":40.0},{"not_picked":["True Grit","Iron Wave+1","Inflame"],"picked":"SKIP","floor":42.0},{"not_picked":["Sentinel","Body Slam","Ghostly Armor+1"],"picked":"SKIP","floor":45.0},{"not_picked":["Sentinel","Body Slam","Ghostly Armor+1"],"picked":"SKIP","floor":45.0},{"not_picked":["Clash","Pummel","Warcry"],"picked":"SKIP","floor":47.0},{"not_picked":["Warcry","Rampage","Barricade"],"picked":"SKIP","floor":48.0}],"player_experience":2322319,"relics_obtained":[{"floor":9.0,"key":"Dodecahedron"},{"floor":24.0,"key":"Sundial"},{"floor":26.0,"key":"Peace Pipe"},{"floor":40.0,"key":"Strawberry"},{"floor":43.0,"key":"Kunai"}],"event_choices":[{"cards_removed":["Strike_R"],"damage_healed":0.0,"max_hp_gain":0.0,"max_hp_loss":0.0,"gold_gain":0.0,"event_name":"Purifier","player_choice":"Purged","floor":5.0,"gold_loss":0.0,"damage_taken":0.0},{"damage_healed":0.0,"max_hp_gain":0.0,"max_hp_loss":0.0,"gold_gain":0.0,"event_name":"Addict","player_choice":"Obtained Relic","floor":19.0,"gold_loss":85.0,"damage_taken":0.0,"relics_obtained":["Red Skull"]},{"damage_healed":0.0,"max_hp_gain":0.0,"max_hp_loss":0.0,"gold_gain":0.0,"cards_transformed":["Pummel"],"event_name":"Transmorgrifier","player_choice":"Transformed","floor":28.0,"gold_loss":0.0,"damage_taken":0.0,"cards_obtained":["Disarm"]},{"damage_healed":0.0,"max_hp_gain":0.0,"max_hp_loss":0.0,"gold_gain":0.0,"event_name":"SensoryStone","player_choice":"Memory 1","floor":36.0,"gold_loss":0.0,"damage_taken":0.0},{"damage_healed":0.0,"max_hp_gain":0.0,"max_hp_loss":0.0,"gold_gain":0.0,"cards_transformed":["True Grit"],"event_name":"Transmorgrifier","player_choice":"Transformed","floor":39.0,"gold_loss":0.0,"damage_taken":0.0,"cards_obtained":["Anger"]}],"is_beta":false,"boss_relics":[{"not_picked":["Pandora\u0027s Box","Ectoplasm"],"picked":"Cursed Key"},{"not_picked":["Astrolabe","White Beast Statue"],"picked":"Orrery"}],"items_purged_floors":[],"is_endless":false,"potions_floor_spawned":[2,11,18,22,40,45,47,48],"killed_by":"Awakened One","ascension_level":17}