{"gold_per_floor":[114,128,141,19,38,38,67,67,92,104,114,130,130,130,130,249,249,273,292,292,2,2,2,16,16,16,40,59,85,105,34,34,34],"floor_reached":33,"playtime":1643,"items_purged":["Strike_G"],"score":276,"play_id":"0c4655b1-2d46-4d3a-be5e-86deb465cd98","local_time":"20181105080209","is_ascension_mode":false,"campfire_choices":[{"data":"Neutralize","floor":6.0,"key":"SMITH"},{"floor":15.0,"key":"REST"},{"floor":23.0,"key":"REST"},{"floor":25.0,"key":"REST"},{"floor":32.0,"key":"REST"}],"neow_cost":"NONE","seed_source_timestamp":2264943350493957,"circlet_count":0,"master_deck":["Defend_G","Defend_G","Defend_G","Defend_G","Defend_G","Strike_G","Strike_G","Strike_G","Strike_G","Survivor","Neutralize+1","Cloak And Dagger","Blade Dance","Predator","Deadly Poison","PiercingWail","Well Laid Plans","Decay","Choke","Backstab","Dash","After Image","Dagger Spray","Deadly Poison","Blur","Underhanded Strike","Catalyst","Footwork","Sucker Punch","Envenom","Writhe","Dagger Throw","Catalyst+1","Blur+1","Poisoned Stab","Caltrops"],"special_seed":0,"relics":["Velvet Choker","Boot","Bronze Scales","StoneCalendar","Golden Idol","Orrery","Vajra","PreservedInsect","Shuriken","Juzu Bracelet"],"potions_floor_usage":[33],"damage_taken":[{"damage":0.0,"enemies":"Cultist","floor":1.0,"turns":4.0},{"damage":0.0,"enemies":"2 Louse","floor":2.0,"turns":3.0},{"damage":0.0,"enemies":"Jaw Worm","floor":3.0,"turns":4.0},{"damage":0.0,"enemies":"3 Louse","floor":5.0,"turns":3.0},{"damage":24.0,"enemies":"Gremlin Nob","floor":7.0,"turns":5.0},{"damage":11.0,"enemies":"2 Fungi Beasts","floor":10.0,"turns":3.0},{"damage":1.0,"enemies":"Looter","floor":11.0,"turns":3.0},{"damage":9.0,"enemies":"Blue Slaver","floor":12.0,"turns":3.0},{"damage":13.0,"enemies":"Slime Boss","floor":16.0,"turns":7.0},{"damage":28.0,"enemies":"Spheric Guardian","floor":18.0,"turns":6.0},{"damage":24.0,"enemies":"2 Thieves","floor":19.0,"turns":3.0},{"damage":8.0,"enemies":"Cultist and Chosen","floor":24.0,"turns":7.0},{"damage":14.0,"enemies":"Centurion and Healer","floor":27.0,"turns":6.0},{"damage":10.0,"enemies":"Snake Plant","floor":28.0,"turns":4.0},{"damage":6.0,"enemies":"Cultist and Chosen","floor":30.0,"turns":6.0},{"damage":48,"enemies":"Automaton","floor":33,"turns":6}],"seed_played":"7655907029708764809","potions_obtained":[{"floor":2.0,"key":"Weak Potion"},{"floor":7.0,"key":"SneckoOil"},{"floor":10.0,"key":"Energy Potion"},{"floor":12.0,"key":"Ancient Potion"},{"floor":18.0,"key":"PowerPotion"},{"floor":30.0,"key":"SkillPotion"}],"is_trial":false,"path_per_floor":["M","M","M","$","M","R","E","?","T","M","M","M","T","?","R","B",null,"M","M","?","$","?","R","M","R","T","M","M","T","M","$","R","B"],"character_chosen":"THE_SILENT","items_purchased":["Deadly Poison","Envenom","Vajra","Caltrops"],"campfire_rested":4,"item_purchase_floors":[4,21,21,31],"current_hp_per_floor":[70,70,70,70,70,70,46,46,46,35,34,25,25,25,44,31,65,37,13,13,13,13,32,24,43,43,29,19,19,13,13,32,0],"gold":34,"neow_bonus":"BOSS_RELIC","is_prod":false,"is_daily":false,"chose_seed":false,"campfire_upgraded":1,"win_rate":0,"timestamp":1541422929,"path_taken":["M","M","M","$","?","R","E","?","T","M","?","M","?","?","R","BOSS","M","M","?","$","?","R","M","R","T","M","M","?","M","?","R","BOSS"],"build_version":"2018-11-01","purchased_purges":1,"victory":false,"max_hp_per_floor":[70,70,70,70,70,70,70,70,70,70,70,70,70,65,65,65,65,65,65,65,65,65,65,65,65,65,65,65,65,65,65,65,65],"card_choices":[{"not_picked":["Reflex","Quick Slash"],"picked":"Cloak And Dagger","floor":1.0},{"not_picked":["Slice","PiercingWail"],"picked":"Blade Dance","floor":2.0},{"not_picked":["Masterful Stab","Sucker Punch"],"picked":"Predator","floor":3.0},{"not_picked":["Acrobatics","Flying Knee"],"picked":"PiercingWail","floor":5.0},{"not_picked":["Outmaneuver","Flying Knee"],"picked":"Well Laid Plans","floor":7.0},{"not_picked":["Concentrate","Slice"],"picked":"Choke","floor":10.0},{"not_picked":["Calculated Gamble","Choke"],"picked":"Backstab","floor":11.0},{"not_picked":["Distraction","Grand Finale"],"picked":"Dash","floor":12.0},{"not_picked":["Corpse Explosion","Adrenaline"],"picked":"After Image","floor":16.0},{"not_picked":["Quick Slash","Endless Agony"],"picked":"Dagger Spray","floor":17.0},{"not_picked":["Finisher","Accuracy"],"picked":"Deadly Poison","floor":17.0},{"not_picked":["Accuracy","Acrobatics"],"picked":"Blur","floor":17.0},{"not_picked":["Blade Dance","Slice"],"picked":"Underhanded Strike","floor":17.0},{"not_picked":["Deflect","Reflex"],"picked":"Catalyst","floor":17.0},{"not_picked":["Flying Knee","Poisoned Stab+1"],"picked":"Footwork","floor":18.0},{"not_picked":["Bane","Quick Slash"],"picked":"Sucker Punch","floor":19.0},{"not_picked":["Dagger Spray","Reflex"],"picked":"Dagger Throw","floor":24.0},{"not_picked":["Terror","Reflex"],"picked":"Catalyst+1","floor":27.0},{"not_picked":["Unload","Dagger Spray+1"],"picked":"Blur+1","floor":28.0},{"not_picked":["Prepared","Tactician"],"picked":"Poisoned Stab","floor":30.0}],"player_experience":1641833,"relics_obtained":[{"floor":7.0,"key":"Boot"},{"floor":9.0,"key":"Bronze Scales"},{"floor":13.0,"key":"StoneCalendar"},{"floor":26.0,"key":"Shuriken"},{"floor":29.0,"key":"Juzu Bracelet"}],"event_choices":[{"damage_healed":0.0,"max_hp_gain":0.0,"max_hp_loss":0.0,"gold_gain":0.0,"event_name":"Wheel of Change","player_choice":"Cursed","floor":8.0,"gold_loss":0.0,"damage_taken":0.0,"cards_obtained":["Decay"]},{"damage_healed":0.0,"max_hp_gain":0.0,"max_hp_loss":5.0,"gold_gain":0.0,"event_name":"Golden Idol","player_choice":"Lose Max HP","floor":14.0,"gold_loss":0.0,"damage_taken":0.0,"relics_obtained":["Golden Idol"]},{"damage_healed":0.0,"max_hp_gain":0.0,"max_hp_loss":0.0,"gold_gain":0.0,"event_name":"Ghosts","player_choice":"Ignored","floor":20.0,"gold_loss":0.0,"damage_taken":0.0},{"damage_healed":0.0,"max_hp_gain":0.0,"max_hp_loss":0.0,"gold_gain":0.0,"event_name":"The Mausoleum","player_choice":"Opened","floor":22.0,"gold_loss":0.0,"damage_taken":0.0,"relics_obtained":["PreservedInsect"],"cards_obtained":["Writhe"]}],"is_beta":false,"boss_relics":[{"not_picked":["WristBlade","White Beast Statue"],"picked":"Orrery"}],"items_purged_floors":[4],"is_endless":false,"potions_floor_spawned":[2,7,10,12,18,30],"killed_by":"Automaton","ascension_level":0}