{"gold_per_floor":[11,30,41,41,61,61,93,109,109,109,4,33,33,133,133,230,230,230,230,230,230,0,0],"floor_reached":23,"playtime":1173,"items_purged":["Strike_G+1"],"score":281,"play_id":"c7e50da2-14d8-4646-ad36-7484a956a2b0","local_time":"20180801164559","is_ascension_mode":true,"campfire_choices":[{"data":"Neutralize","floor":6,"key":"SMITH"},{"data":"Catalyst","floor":10,"key":"SMITH"},{"floor":13,"key":"REST"},{"floor":15,"key":"REST"}],"neow_cost":"NO_GOLD","seed_source_timestamp":483793398408004,"circlet_count":0,"master_deck":["Defend_G+1","Defend_G+1","Defend_G+1","Defend_G+1","Defend_G+1","Strike_G+1","Strike_G+1","Strike_G+1","Strike_G+1","Survivor","Neutralize+1","Corpse Explosion","Dagger Spray","Backflip","Catalyst+1","After Image","Dodge and Roll"],"relics":["Ring of the Snake","Omamori","Juzu Bracelet","Ancient Tea Set","Blue Candle","Ectoplasm"],"potions_floor_usage":[7],"damage_taken":[{"damage":6,"enemies":"Jaw Worm","floor":1,"turns":5},{"damage":1,"enemies":"Small Slimes","floor":2,"turns":4},{"damage":0,"enemies":"Cultist","floor":3,"turns":5},{"damage":0,"enemies":"Lots of Slimes","floor":5,"turns":1},{"damage":27,"enemies":"Gremlin Nob","floor":7,"turns":5},{"damage":5,"enemies":"Gremlin Gang","floor":8,"turns":3},{"damage":18,"enemies":"3 Sentries","floor":12,"turns":5},{"damage":26,"enemies":"The Guardian","floor":16,"turns":11},{"damage":3,"enemies":"Chosen","floor":18,"turns":5},{"damage":4,"enemies":"3 Byrds","floor":19,"turns":2},{"damage":15,"enemies":"Cultist and Chosen","floor":21,"turns":6},{"damage":40,"enemies":"Gremlin Leader","floor":23,"turns":4}],"seed_played":"3076457851704153899","potions_obtained":[{"floor":3,"key":"GhostInAJar"},{"floor":12,"key":"SteroidPotion"},{"floor":16,"key":"Weak Potion"},{"floor":18,"key":"Dexterity Potion"}],"is_trial":false,"path_per_floor":["M","M","M","?","M","R","E","M","T","R","?","E","R","?","R","B",null,"M","M","?","M","$"],"character_chosen":"THE_SILENT","items_purchased":["Dodge and Roll","Poison Potion","Swift Potion"],"campfire_rested":2,"item_purchase_floors":[22,22,22],"current_hp_per_floor":[57,56,56,56,56,56,29,24,24,24,24,6,27,27,48,22,58,55,51,51,36,36,0],"gold":0,"neow_bonus":"THREE_RARE_CARDS","is_prod":false,"is_daily":false,"chose_seed":false,"campfire_upgraded":2,"win_rate":0,"timestamp":1533159959,"path_taken":["M","M","M","?","?","R","E","M","T","R","?","E","R","?","R","BOSS","M","M","?","M","$","E"],"build_version":"2018-07-31","purchased_purges":1,"victory":false,"max_hp_per_floor":[70,70,70,70,70,70,70,70,70,70,70,70,70,70,70,70,70,70,70,70,70,70,70],"card_choices":[{"not_picked":["Doppelganger","Tools of the Trade"],"picked":"Corpse Explosion","floor":0},{"not_picked":["Bane","Riddle With Holes","Heel Hook"],"picked":"SKIP","floor":1},{"not_picked":["Poisoned Stab","Sucker Punch"],"picked":"Dagger Spray","floor":2},{"not_picked":["All Out Attack","Tactician"],"picked":"Backflip","floor":3},{"not_picked":["Dagger Throw","Quick Slash","Calculated Gamble"],"picked":"SKIP","floor":5},{"not_picked":["Prepared","Predator","Wraith Form v2"],"picked":"SKIP","floor":7},{"not_picked":["Acrobatics","Setup"],"picked":"Catalyst","floor":8},{"not_picked":["Dagger Spray","Quick Slash","Acrobatics"],"picked":"SKIP","floor":12},{"not_picked":["Night Terror","Unload"],"picked":"After Image","floor":16},{"not_picked":["Bouncing Flask","Deadly Poison+1","Dagger Throw"],"picked":"SKIP","floor":18},{"not_picked":["Outmaneuver","Quick Slash","Deadly Poison"],"picked":"SKIP","floor":19},{"not_picked":["Outmaneuver","Sucker Punch","Predator"],"picked":"SKIP","floor":21}],"player_experience":317898,"relics_obtained":[{"floor":7,"key":"Omamori"},{"floor":9,"key":"Juzu Bracelet"},{"floor":12,"key":"Blue Candle"}],"event_choices":[{"event_name":"Liars Game","player_choice":"disagreed","floor":4,"damage_taken":0},{"event_name":"WeMeetAgain","player_choice":"Gold","floor":11,"damage_taken":0},{"event_name":"Golden Shrine","player_choice":"Pray","floor":14,"damage_taken":0},{"event_name":"Back to Basics","player_choice":"Simplicity","floor":20,"damage_taken":0}],"is_beta":true,"boss_relics":[{"not_picked":["Busted Crown","Runic Dome"],"picked":"Ectoplasm"}],"items_purged_floors":[22],"is_endless":false,"potions_floor_spawned":[3,12,16,18],"killed_by":"Gremlin Leader","ascension_level":8}