{"gold_per_floor":[114,30,30,49,49,79,90,121,148,172,172,172,192,220,220,291,291,244,257,257,172,17,17,35,49,49,59,59,59,84,95,95,172,172,192,222,236,15,15],"floor_reached":39,"playtime":1813,"items_purged":["Strike_G"],"score":888,"play_id":"e63af6a9-3ca8-4e6d-ab04-315228d8e68a","local_time":"20190115143127","is_ascension_mode":true,"campfire_choices":[{"floor":11.0,"key":"REST"},{"data":"Footwork","floor":15.0,"key":"SMITH"},{"floor":23.0,"key":"REST"},{"floor":32.0,"key":"REST"}],"neow_cost":"NONE","seed_source_timestamp":0,"circlet_count":0,"master_deck":["AscendersBane","Defend_G","Defend_G","Defend_G","Defend_G","Defend_G","Strike_G","Strike_G","Strike_G","Survivor","Neutralize","Poisoned Stab","Well Laid Plans","Quick Slash","Dagger Spray","Cloak And Dagger","Cloak And Dagger","Infinite Blades","Footwork+1","Malaise","Dodge and Roll","Dagger Spray+1","Ghostly","Ghostly","Ghostly","Noxious Fumes","Well Laid Plans+1","Endless Agony","Malaise","Backflip+1","After Image","PiercingWail"],"special_seed":0,"relics":["Ring of the Snake","NeowsBlessing","Juzu Bracelet","Dream Catcher","PreservedInsect","Odd Mushroom","Ornamental Fan","Peace Pipe","WristBlade","Ninja Scroll","Shuriken","Mercury Hourglass","Cursed Key","Tiny Chest","Anchor"],"potions_floor_usage":[35],"damage_taken":[{"damage":0.0,"enemies":"2 Louse","floor":1.0,"turns":1.0},{"damage":0.0,"enemies":"Cultist","floor":4.0,"turns":1.0},{"damage":0.0,"enemies":"Lagavulin","floor":6.0,"turns":1.0},{"damage":4.0,"enemies":"Small Slimes","floor":7.0,"turns":3.0},{"damage":26.0,"enemies":"Gremlin Nob","floor":8.0,"turns":4.0},{"damage":8.0,"enemies":"The Mushroom Lair","floor":10.0,"turns":4.0},{"damage":0.0,"enemies":"2 Fungi Beasts","floor":13.0,"turns":4.0},{"damage":13.0,"enemies":"Lagavulin","floor":14.0,"turns":7.0},{"damage":18.0,"enemies":"Slime Boss","floor":16.0,"turns":15.0},{"damage":18.0,"enemies":"2 Thieves","floor":18.0,"turns":5.0},{"damage":15.0,"enemies":"Shell Parasite","floor":19.0,"turns":7.0},{"damage":0.0,"enemies":"Centurion and Healer","floor":24.0,"turns":7.0},{"damage":1.0,"enemies":"Chosen and Byrds","floor":25.0,"turns":8.0},{"damage":10.0,"enemies":"Snecko","floor":27.0,"turns":7.0},{"damage":12.0,"enemies":"Book of Stabbing","floor":30.0,"turns":5.0},{"damage":0.0,"enemies":"3 Cultists","floor":31.0,"turns":4.0},{"damage":11.0,"enemies":"Champ","floor":33.0,"turns":11.0},{"damage":0,"enemies":"3 Darklings","floor":35,"turns":2},{"damage":0,"enemies":"3 Shapes","floor":37,"turns":4},{"damage":32,"enemies":"Transient","floor":39,"turns":3}],"seed_played":"5322478866166211592","potions_obtained":[{"floor":1.0,"key":"Weak Potion"},{"floor":6.0,"key":"EntropicBrew"},{"floor":14.0,"key":"Ancient Potion"},{"floor":16.0,"key":"Fire Potion"},{"floor":24.0,"key":"SneckoOil"},{"floor":27.0,"key":"Strength Potion"}],"is_trial":false,"path_per_floor":["M","$","?","M","$","E","M","E","T","?","R","?","M","E","R","B",null,"M","M","?","?","$","R","M","M","T","M","?","$","E","M","R","B",null,"M","?","M","$","M"],"character_chosen":"THE_SILENT","items_purchased":["Well Laid Plans","Noxious Fumes","Anchor","PiercingWail"],"campfire_rested":3,"item_purchase_floors":[2,22,38,38],"current_hp_per_floor":[59,59,59,59,59,59,55,29,29,21,40,40,40,27,27,9,52,34,19,19,19,19,28,28,27,27,17,17,17,5,5,14,3,26,26,26,26,26,0],"gold":15,"neow_bonus":"THREE_ENEMY_KILL","is_prod":false,"is_daily":false,"chose_seed":false,"campfire_upgraded":1,"win_rate":0,"timestamp":1547559087,"path_taken":["M","$","?","?","?","E","M","E","T","?","R","?","M","E","R","BOSS","M","M","?","?","$","R","M","M","T","M","?","$","E","M","R","BOSS","M","?","M","?","M"],"build_version":"2019-01-10","purchased_purges":1,"victory":false,"max_hp_per_floor":[66,66,66,66,66,66,66,66,66,66,66,66,66,66,66,66,66,66,66,33,33,33,33,33,33,33,33,33,33,33,33,33,33,33,33,33,33,33,33],"card_choices":[{"not_picked":["Endless Agony","Setup"],"picked":"Poisoned Stab","floor":1.0},{"not_picked":["Prepared","Escape Plan"],"picked":"Quick Slash","floor":4.0},{"not_picked":["Dagger Throw","Flying Knee"],"picked":"Dagger Spray","floor":6.0},{"not_picked":["Infinite Blades","Bane"],"picked":"Cloak And Dagger","floor":7.0},{"not_picked":["Setup","Flechettes","Reflex"],"picked":"SKIP","floor":8.0},{"not_picked":["Concentrate","Slice"],"picked":"Cloak And Dagger","floor":10.0},{"not_picked":["Prepared","Well Laid Plans"],"picked":"Infinite Blades","floor":11.0},{"not_picked":["All Out Attack","Dagger Spray","Tactician"],"picked":"SKIP","floor":13.0},{"not_picked":["Endless Agony","Glass Knife"],"picked":"Footwork","floor":14.0},{"not_picked":["Unload","Adrenaline"],"picked":"Malaise","floor":16.0},{"not_picked":["Quick Slash","Backflip"],"picked":"Dodge and Roll","floor":18.0},{"not_picked":["Quick Slash+1","Catalyst+1"],"picked":"Dagger Spray+1","floor":19.0},{"not_picked":["Poisoned Stab","Calculated Gamble"],"picked":"Well Laid Plans+1","floor":23.0},{"not_picked":["Dagger Spray","Terror"],"picked":"Endless Agony","floor":24.0},{"not_picked":["Underhanded Strike","Flying Knee+1","Bane"],"picked":"SKIP","floor":25.0},{"not_picked":["Poisoned Stab","Acrobatics"],"picked":"Malaise","floor":27.0},{"not_picked":["Poisoned Stab","Dagger Throw+1","Phantasmal Killer"],"picked":"SKIP","floor":30.0},{"not_picked":["Quick Slash","Dagger Throw","Concentrate"],"picked":"SKIP","floor":31.0},{"not_picked":["Expertise","Underhanded Strike+1"],"picked":"Backflip+1","floor":32.0},{"not_picked":["Storm of Steel","Venomology"],"picked":"After Image","floor":33.0},{"not_picked":["Outmaneuver+1","Dagger Throw","Masterful Stab"],"picked":"SKIP","floor":35},{"not_picked":["Prepared","Deadly Poison","Acrobatics"],"picked":"SKIP","floor":37}],"player_experience":1888912,"relics_obtained":[{"floor":6.0,"key":"Juzu Bracelet"},{"floor":8.0,"key":"Dream Catcher"},{"floor":9.0,"key":"PreservedInsect"},{"floor":10.0,"key":"Odd Mushroom"},{"floor":14.0,"key":"Peace Pipe"},{"floor":26.0,"key":"Shuriken"},{"floor":30.0,"key":"Mercury Hourglass"}],"event_choices":[{"cards_removed":["Strike_G"],"damage_healed":0.0,"max_hp_gain":0.0,"max_hp_loss":0.0,"gold_gain":0.0,"event_name":"Wheel of Change","player_choice":"Card Removal","floor":3.0,"gold_loss":0.0,"damage_taken":0.0},{"damage_healed":0.0,"max_hp_gain":0.0,"max_hp_loss":0.0,"gold_gain":0.0,"event_name":"Mushrooms","player_choice":"Fought Mushrooms","floor":10.0,"gold_loss":0.0,"damage_taken":0.0},{"damage_healed":0.0,"max_hp_gain":0.0,"max_hp_loss":0.0,"gold_gain":0.0,"event_name":"Dead Adventurer","player_choice":"Searched \u00271\u0027 times","floor":12.0,"gold_loss":0.0,"damage_taken":0.0,"relics_obtained":["Ornamental Fan"]},{"damage_healed":0.0,"max_hp_gain":0.0,"max_hp_loss":33.0,"gold_gain":0.0,"event_name":"Ghosts","player_choice":"Became a Ghost","floor":20.0,"gold_loss":0.0,"damage_taken":0.0,"cards_obtained":["Ghostly","Ghostly","Ghostly"]},{"damage_healed":0.0,"max_hp_gain":0.0,"max_hp_loss":0.0,"gold_gain":0.0,"event_name":"Addict","player_choice":"Obtained Relic","floor":21.0,"gold_loss":85.0,"damage_taken":0.0,"relics_obtained":["Ninja Scroll"]},{"damage_healed":0.0,"max_hp_gain":0.0,"max_hp_loss":0.0,"gold_gain":0.0,"event_name":"Cursed Tome","player_choice":"Ignored","floor":28.0,"gold_loss":0.0,"damage_taken":0.0},{"damage_healed":0,"gold_gain":0,"player_choice":"Gave Potion","damage_taken":0,"relics_obtained":["Tiny Chest"],"max_hp_gain":0,"max_hp_loss":0,"event_name":"WeMeetAgain","floor":36,"gold_loss":0}],"is_beta":false,"boss_relics":[{"not_picked":["Ring of the Serpent","Coffee Dripper"],"picked":"WristBlade"},{"not_picked":["Runic Dome","Lizard Tail"],"picked":"Cursed Key"}],"items_purged_floors":[22],"is_endless":false,"potions_floor_spawned":[1,6,14,16,24,27,30,33],"killed_by":"Transient","ascension_level":20}