{"gold_per_floor":[110,120,30,42,42,42,42,42,66,93,113,113,133,150,150,228,228,248,248,258,258,283,43,43,54,54,68,68,68,68,94,94,168,168,186,186,205,221,233,233,243,243,243,243,260,274,274,274,274,274],"floor_reached":50,"playtime":2026,"items_purged":["Doubt"],"score":803,"play_id":"66593685-f842-482e-a84c-6bb3c6215310","local_time":"20181217143541","is_ascension_mode":true,"campfire_choices":[{"floor":6,"key":"REST"},{"data":"Storm","floor":12,"key":"SMITH"},{"floor":15,"key":"REST"},{"floor":24,"key":"REST"},{"floor":28,"key":"REST"},{"floor":30,"key":"REST"},{"data":"White Noise","floor":32,"key":"SMITH"},{"floor":40,"key":"REST"},{"floor":42,"key":"RECALL"},{"floor":44,"key":"REST"},{"floor":47,"key":"REST"},{"floor":49,"key":"REST"}],"neow_cost":"NONE","seed_source_timestamp":131594975089928,"circlet_count":0,"master_deck":["AscendersBane","Strike_B","Strike_B","Strike_B","Defend_B","Defend_B","Defend_B","Defend_B","Zap","Dualcast","Loop","Streamline","Storm+1","Heatsinks","Force Field","Loop","Core Surge","White Noise+1","Thunder Strike","Hologram","Loop","Finesse","Heatsinks","Core Surge","Lockon+1","Sunder","Hologram","Injury"],"relics":["Cursed Key","Matryoshka","Oddly Smooth Stone","Gambling Chip","Busted Crown","MawBank","Omamori","Mercury Hourglass","FossilizedHelix","Bag of Preparation","Empty Cage","The Courier"],"potions_floor_usage":[10,10,16,16,33],"damage_taken":[{"damage":3,"enemies":"2 Louse","floor":1,"turns":2},{"damage":7,"enemies":"Small Slimes","floor":2,"turns":3},{"damage":0,"enemies":"Jaw Worm","floor":4,"turns":3},{"damage":12,"enemies":"Lagavulin","floor":10,"turns":7},{"damage":8,"enemies":"Red Slaver","floor":11,"turns":4},{"damage":16,"enemies":"2 Fungi Beasts","floor":13,"turns":3},{"damage":23,"enemies":"Exordium Thugs","floor":14,"turns":5},{"damage":19,"enemies":"The Guardian","floor":16,"turns":10},{"damage":6,"enemies":"Chosen","floor":18,"turns":4},{"damage":11,"enemies":"Spheric Guardian","floor":20,"turns":3},{"damage":11,"enemies":"Snake Plant","floor":22,"turns":4},{"damage":12,"enemies":"Cultist and Chosen","floor":25,"turns":4},{"damage":12,"enemies":"3 Cultists","floor":27,"turns":3},{"damage":22,"enemies":"Collector","floor":33,"turns":6},{"damage":22,"enemies":"3 Darklings","floor":35,"turns":3},{"damage":0,"enemies":"Orb Walker","floor":37,"turns":4},{"damage":0,"enemies":"Maw","floor":38,"turns":6},{"damage":33,"enemies":"Sphere and 2 Shapes","floor":39,"turns":4},{"damage":18,"enemies":"Jaw Worm Horde","floor":41,"turns":4},{"damage":0,"enemies":"Spire Growth","floor":45,"turns":4},{"damage":9,"enemies":"4 Shapes","floor":46,"turns":5},{"damage":71,"enemies":"Awakened One","floor":50,"turns":4}],"seed_played":"6225362353709311828","potions_obtained":[{"floor":1,"key":"Explosive Potion"},{"floor":2,"key":"Weak Potion"},{"floor":10,"key":"EssenceOfSteel"},{"floor":11,"key":"Strength Potion"},{"floor":22,"key":"Poison Potion"},{"floor":25,"key":"Ancient Potion"},{"floor":33,"key":"Dexterity Potion"}],"is_trial":false,"path_per_floor":["M","M","$","M","?","R","?","$","T","E","M","R","M","M","R","B",null,"M","?","M","T","M","$","R","M","T","M","R","?","R","T","R","B",null,"M","?","M","M","M","R","M","R","T","R","M","M","R","?","R","B"],"character_chosen":"DEFECT","items_purchased":["Storm","Loop","Finesse"],"campfire_rested":9,"item_purchase_floors":[3,23,23],"current_hp_per_floor":[61,54,54,54,54,71,60,60,60,48,40,40,24,1,22,3,54,48,48,37,37,26,26,47,35,35,23,44,44,65,65,65,43,64,42,42,42,42,9,30,12,12,12,33,33,24,45,45,65,0],"gold":274,"neow_bonus":"BOSS_RELIC","is_prod":false,"is_daily":false,"chose_seed":false,"campfire_upgraded":2,"win_rate":0,"timestamp":1545075341,"path_taken":["M","M","$","M","?","R","?","?","T","E","M","R","?","M","R","BOSS","M","?","M","?","M","$","R","M","T","?","R","?","R","?","R","BOSS","M","?","?","M","M","R","M","R","T","R","M","M","R","?","R","BOSS"],"build_version":"2018-12-13","purchased_purges":1,"victory":false,"max_hp_per_floor":[71,71,71,71,71,71,71,71,71,71,71,71,71,71,71,71,71,71,71,71,71,71,71,71,71,71,71,71,71,71,71,71,71,71,71,71,71,71,71,71,71,71,71,71,71,71,71,67,67,67],"card_choices":[{"not_picked":["Recycle","Undo"],"picked":"Loop","floor":1},{"not_picked":["Beam Cell","Rebound"],"picked":"Streamline","floor":2},{"not_picked":["Compile Driver","White Noise"],"picked":"Heatsinks","floor":4},{"not_picked":["Go for the Eyes","Hello World"],"picked":"Force Field","floor":10},{"not_picked":["Redo","Leap"],"picked":"Loop","floor":11},{"not_picked":["Turbo","Genetic Algorithm"],"picked":"Core Surge","floor":13},{"not_picked":["Rip and Tear","Compile Driver"],"picked":"White Noise","floor":14},{"not_picked":["Hyperbeam","Rainbow"],"picked":"Thunder Strike","floor":16},{"not_picked":["Compile Driver"],"picked":"SKIP","floor":18},{"not_picked":[],"picked":"Hologram","floor":20},{"not_picked":["Gash"],"picked":"SKIP","floor":22},{"not_picked":[],"picked":"Heatsinks","floor":25},{"not_picked":["Fusion"],"picked":"SKIP","floor":27},{"not_picked":[],"picked":"Core Surge","floor":33},{"not_picked":["Lockon+1"],"picked":"SKIP","floor":35},{"not_picked":[],"picked":"Lockon+1","floor":35},{"not_picked":[],"picked":"Sunder","floor":37},{"not_picked":["Beam Cell"],"picked":"SKIP","floor":38},{"not_picked":["FTL"],"picked":"SKIP","floor":39},{"not_picked":[],"picked":"Hologram","floor":41},{"not_picked":["Barrage"],"picked":"SKIP","floor":45},{"not_picked":["Hologram"],"picked":"SKIP","floor":46}],"player_experience":1915843,"relics_obtained":[{"floor":9,"key":"Oddly Smooth Stone"},{"floor":10,"key":"Gambling Chip"},{"floor":21,"key":"MawBank"},{"floor":21,"key":"Omamori"},{"floor":26,"key":"Mercury Hourglass"},{"floor":31,"key":"Bag of Preparation"},{"floor":43,"key":"The Courier"}],"event_choices":[{"damage_healed":0,"gold_gain":0,"player_choice":"Ignored","damage_taken":0,"max_hp_gain":0,"max_hp_loss":0,"event_name":"Shining Light","floor":5,"gold_loss":0},{"damage_healed":0,"gold_gain":0,"player_choice":"Success","damage_taken":11,"relics_obtained":["Matryoshka"],"max_hp_gain":0,"max_hp_loss":0,"event_name":"Scrap Ooze","floor":7,"gold_loss":0},{"damage_healed":0,"gold_gain":0,"player_choice":"Ignored","damage_taken":0,"max_hp_gain":0,"max_hp_loss":0,"event_name":"Ghosts","floor":19,"gold_loss":0},{"damage_healed":0,"gold_gain":0,"player_choice":"Stole Relic","damage_taken":0,"relics_obtained":["FossilizedHelix"],"max_hp_gain":0,"max_hp_loss":0,"event_name":"Addict","floor":29,"gold_loss":0,"cards_obtained":["Shame"]},{"cards_removed":["Strike_B"],"damage_healed":0,"gold_gain":0,"player_choice":"Purged","damage_taken":0,"max_hp_gain":0,"max_hp_loss":0,"event_name":"Purifier","floor":36,"gold_loss":0},{"damage_healed":0,"gold_gain":0,"player_choice":"Max HP","damage_taken":0,"max_hp_gain":0,"max_hp_loss":4,"event_name":"Winding Halls","floor":48,"gold_loss":0}],"is_beta":false,"boss_relics":[{"not_picked":["White Beast Statue","Velvet Choker"],"picked":"Busted Crown"},{"not_picked":["Lizard Tail","Orrery"],"picked":"Empty Cage"}],"items_purged_floors":[23],"is_endless":false,"potions_floor_spawned":[1,2,10,11,22,25,33,38,41,45],"killed_by":"Awakened One","ascension_level":16}