{"gold_per_floor":[115,135,135,60,78,78,78,111,160,160,171,190,21,21,21,116,116,129,149,149,165,17,17,32,32,32,44,44,75,174,174,174,174],"floor_reached":33,"playtime":2096,"items_purged":["Strike_G","Strike_G"],"score":504,"play_id":"16425e8e-be8b-4d44-a62a-8c724d6870d0","local_time":"20181029085200","is_ascension_mode":true,"campfire_choices":[{"floor":6,"key":"REST"},{"data":"After Image","floor":10,"key":"SMITH"},{"data":"Noxious Fumes","floor":15,"key":"SMITH"},{"floor":23,"key":"REST"},{"floor":25,"key":"REST"},{"floor":32,"key":"REST"}],"neow_cost":"NONE","seed_source_timestamp":1659319351493694,"circlet_count":0,"master_deck":["Defend_G","Defend_G","Defend_G","Defend_G","Defend_G","Strike_G","Strike_G","Strike_G","Survivor","Neutralize","AscendersBane","Flying Knee","Cloak And Dagger","Cloak And Dagger","After Image+1","Quick Slash","Blade Dance","Noxious Fumes+1","Phantasmal Killer","Escape Plan","Accuracy","Infinite Blades","Backstab","Cloak And Dagger","All Out Attack","Choke"],"relics":["White Beast Statue","Ninja Scroll","Darkstone Periapt","Strawberry","Eternal Feather","Mummified Hand","Ornamental Fan","PreservedInsect","Nilry\u0027s Codex"],"potions_floor_usage":[8,16,16,18,29,29,33],"damage_taken":[{"damage":18,"enemies":"Jaw Worm","floor":1,"turns":8},{"damage":3,"enemies":"2 Louse","floor":2,"turns":4},{"damage":5,"enemies":"Cultist","floor":5,"turns":5},{"damage":17,"enemies":"3 Sentries","floor":8,"turns":8},{"damage":15,"enemies":"Exordium Thugs","floor":11,"turns":7},{"damage":0,"enemies":"Exordium Wildlife","floor":12,"turns":5},{"damage":0,"enemies":"The Guardian","floor":16,"turns":13},{"damage":14,"enemies":"Shell Parasite","floor":18,"turns":7},{"damage":11,"enemies":"Spheric Guardian","floor":19,"turns":6},{"damage":17,"enemies":"Snecko","floor":21,"turns":5},{"damage":35,"enemies":"Snake Plant","floor":24,"turns":6},{"damage":2,"enemies":"Centurion and Healer","floor":27,"turns":8},{"damage":4,"enemies":"Book of Stabbing","floor":29,"turns":6},{"damage":85,"enemies":"Champ","floor":33,"turns":9}],"seed_played":"-5086369700281063898","potions_obtained":[{"floor":1,"key":"PowerPotion"},{"floor":2,"key":"SteroidPotion"},{"floor":8,"key":"Strength Potion"},{"floor":11,"key":"Dexterity Potion"},{"floor":16,"key":"AttackPotion"},{"floor":18,"key":"SkillPotion"},{"floor":19,"key":"Strength Potion"},{"floor":21,"key":"Dexterity Potion"},{"floor":29,"key":"Fruit Juice"}],"is_trial":false,"path_per_floor":["M","M","?","$","M","R","T","E","T","R","M","M","$","?","R","B",null,"M","M","?","M","$","R","M","R","T","M","$","E","?","?","R"],"character_chosen":"THE_SILENT","items_purchased":["Noxious Fumes","Infinite Blades","Backstab"],"campfire_rested":4,"item_purchase_floors":[13,22,22],"current_hp_per_floor":[45,42,42,42,37,58,58,41,48,48,33,33,33,58,58,58,72,58,47,47,30,30,65,30,65,65,63,63,59,59,43,77,0],"gold":174,"neow_bonus":"BOSS_RELIC","is_prod":false,"is_daily":false,"chose_seed":false,"campfire_upgraded":2,"win_rate":0,"timestamp":1540817520,"path_taken":["M","M","?","$","?","R","?","E","T","R","M","M","$","?","R","BOSS","M","M","?","M","$","R","M","R","T","?","$","E","?","?","R","BOSS"],"build_version":"2018-10-25v2","purchased_purges":2,"victory":false,"max_hp_per_floor":[70,70,70,70,70,70,70,70,77,77,77,77,77,77,77,77,77,77,77,77,77,77,77,77,77,77,77,77,77,77,77,77,82],"card_choices":[{"not_picked":["Underhanded Strike","Slice"],"picked":"Flying Knee","floor":1},{"not_picked":["All Out Attack","Deadly Poison"],"picked":"Cloak And Dagger","floor":2},{"not_picked":["Concentrate","Backflip"],"picked":"Cloak And Dagger","floor":5},{"not_picked":["Venomology","Poisoned Stab"],"picked":"After Image","floor":8},{"not_picked":["Underhanded Strike","Heel Hook"],"picked":"Quick Slash","floor":11},{"not_picked":["Bouncing Flask","Flying Knee"],"picked":"Blade Dance","floor":12},{"not_picked":["Grand Finale","Doppelganger"],"picked":"Phantasmal Killer","floor":16},{"not_picked":["Bouncing Flask+1","Dagger Spray"],"picked":"Escape Plan","floor":18},{"not_picked":["Slice","Catalyst"],"picked":"Accuracy","floor":19},{"not_picked":["Concentrate","Tactician","Dagger Throw"],"picked":"SKIP","floor":21},{"not_picked":["Crippling Poison","Dagger Spray"],"picked":"Cloak And Dagger","floor":24},{"not_picked":["Escape Plan","Expertise"],"picked":"All Out Attack","floor":27},{"not_picked":["Predator","Setup"],"picked":"Choke","floor":29}],"player_experience":1606024,"relics_obtained":[{"floor":7,"key":"Ninja Scroll"},{"floor":8,"key":"Darkstone Periapt"},{"floor":9,"key":"Strawberry"},{"floor":26,"key":"Ornamental Fan"},{"floor":29,"key":"PreservedInsect"},{"floor":31,"key":"Nilry\u0027s Codex"}],"event_choices":[{"damage_healed":0,"gold_gain":0,"player_choice":"Ignored","damage_taken":0,"max_hp_gain":0,"max_hp_loss":0,"event_name":"Liars Game","floor":3,"gold_loss":0},{"damage_healed":25,"gold_gain":0,"player_choice":"Banana","damage_taken":0,"max_hp_gain":0,"max_hp_loss":0,"event_name":"Big Fish","floor":14,"gold_loss":0},{"damage_healed":0,"gold_gain":0,"player_choice":"Gave Potion","damage_taken":0,"relics_obtained":["Mummified Hand"],"max_hp_gain":0,"max_hp_loss":0,"event_name":"WeMeetAgain","floor":20,"gold_loss":0},{"damage_healed":0,"gold_gain":99,"player_choice":"Stole From Cult","damage_taken":0,"max_hp_gain":0,"max_hp_loss":0,"event_name":"Nest","floor":30,"gold_loss":0},{"damage_healed":0,"gold_gain":0,"player_choice":"Obtained Book","damage_taken":16,"max_hp_gain":0,"max_hp_loss":0,"event_name":"Cursed Tome","floor":31,"gold_loss":0}],"is_beta":false,"boss_relics":[{"not_picked":["Tiny House","Empty Cage"],"picked":"Eternal Feather"}],"items_purged_floors":[4,13],"is_endless":false,"potions_floor_spawned":[1,2,5,8,11,12,16,18,19,21,24,27,29],"killed_by":"Champ","ascension_level":12}