{"path_per_floor":["M","?","M","$","?","R","E","R","T","M","M","M","M","$","R","B",null,"M","M","?","?","M","R","M","$","T","E","M","T"],"character_chosen":"DEFECT","items_purchased":["Stack","Lockon","Static Discharge","Sweeping Beam","Fission"],"gold_per_floor":[113,113,129,32,32,32,66,66,140,152,165,176,196,36,36,133,133,147,161,161,161,172,172,189,13,13,47,57,57,57],"floor_reached":30,"campfire_rested":2,"playtime":2904,"item_purchase_floors":[],"current_hp_per_floor":[75,75,75,75,68,68,51,75,75,72,73,74,64,64,64,44,75,54,52,52,52,24,61,52,52,52,23,12,12,0],"items_purged":["Strike_B","Scrape+1"],"gold":57,"score":252,"play_id":"8a4691f9-cad1-47d6-b1af-1cb21d7d3d16","local_time":"20180602132614","is_prod":false,"is_daily":false,"chose_seed":false,"is_ascension_mode":false,"campfire_upgraded":2,"win_rate":0.0,"timestamp":1527960374,"campfire_choices":[{"data":"Redo","floor":6.0,"key":"SMITH"},{"floor":8.0,"key":"REST"},{"data":"Static Discharge","floor":15.0,"key":"SMITH"},{"floor":23.0,"key":"REST"}],"path_taken":["M","?","M","$","?","R","E","R","T","M","M","M","M","$","R","BOSS","M","M","?","?","M","R","M","$","T","E","M","?","M"],"build_version":"2018-05-31","seed_source_timestamp":153514168172416,"purchased_purges":2,"victory":false,"master_deck":["Defend_B+1","Defend_B+1","Defend_B+1","Defend_B+1","Zap","Dualcast","Go for the Eyes","Cold Snap","Thunder Strike","Redo+1","Stack","Lockon","Self Repair","Reboot","Redo","Redo","Leap","Static Discharge+1","Sweeping Beam","Electrodynamics","Seek+1","All For One+1","White Noise","Beam Cell","Double Energy","Coolheaded","Fission","Melter","FTL+1"],"max_hp_per_floor":[75,75,75,75,75,75,75,75,75,75,75,75,75,75,75,75,75,75,75,75,75,75,75,75,75,75,75,75,75,75],"relics":["Cracked Core","Regal Pillow","Art of War","Bottled Tornado","Astrolabe","Pantograph","Girya","The Courier"],"card_choices":[{"not_picked":["Redo","Hologram"],"picked":"Go for the Eyes","floor":0.0},{"not_picked":["Barrage","Redo"],"picked":"Cold Snap","floor":1.0},{"not_picked":["Leap","Ball Lightning"],"picked":"Redo","floor":3.0},{"not_picked":["Conserve Battery","Stack"],"picked":"Self Repair","floor":7.0},{"not_picked":["Skim","Streamline"],"picked":"Reboot","floor":10.0},{"not_picked":["Streamline","Leap"],"picked":"Redo","floor":11.0},{"not_picked":["Gash","Melter"],"picked":"Redo","floor":12.0},{"not_picked":["Compile Driver","Heatsinks"],"picked":"Leap","floor":13.0},{"not_picked":["Machine Learning","All For One"],"picked":"Electrodynamics","floor":16.0},{"not_picked":["Stack","Gash+1"],"picked":"White Noise","floor":18.0},{"not_picked":["Steam Power","Ball Lightning"],"picked":"Beam Cell","floor":19.0},{"not_picked":["Gash+1","Beam Cell"],"picked":"Double Energy","floor":22.0},{"not_picked":["Stack","Redo"],"picked":"Coolheaded","floor":24.0},{"not_picked":["Stack","Reboot"],"picked":"Melter","floor":27.0},{"not_picked":["Redo","Gash"],"picked":"FTL+1","floor":28.0}],"player_experience":272012,"potions_floor_usage":[],"damage_taken":[{"damage":0.0,"enemies":"Jaw Worm","floor":1.0,"turns":4.0},{"damage":0.0,"enemies":"Cultist","floor":3.0,"turns":3.0},{"damage":17.0,"enemies":"Lagavulin","floor":7.0,"turns":6.0},{"damage":10.0,"enemies":"Small Slimes","floor":10.0,"turns":2.0},{"damage":6.0,"enemies":"Looter","floor":11.0,"turns":3.0},{"damage":6.0,"enemies":"Blue Slaver","floor":12.0,"turns":4.0},{"damage":10.0,"enemies":"3 Louse","floor":13.0,"turns":3.0},{"damage":27.0,"enemies":"The Guardian","floor":16.0,"turns":9.0},{"damage":28.0,"enemies":"3 Byrds","floor":18.0,"turns":5.0},{"damage":9.0,"enemies":"Spheric Guardian","floor":19.0,"turns":3.0},{"damage":35.0,"enemies":"Chosen and Byrds","floor":22.0,"turns":5.0},{"damage":16.0,"enemies":"Snake Plant","floor":24.0,"turns":3.0},{"damage":36.0,"enemies":"Book of Stabbing","floor":27.0,"turns":4.0},{"damage":18.0,"enemies":"3 Cultists","floor":28.0,"turns":4.0},{"damage":14,"enemies":"Sentry and Sphere","floor":30,"turns":4}],"relics_obtained":[{"floor":7.0,"key":"Art of War"},{"floor":9.0,"key":"Bottled Tornado"},{"floor":26.0,"key":"Pantograph"},{"floor":27.0,"key":"Girya"},{"floor":29.0,"key":"The Courier"}],"event_choices":[{"event_name":"Match and Keep!","player_choice":"1 cards matched","floor":2.0,"damage_taken":0.0},{"event_name":"Scrap Ooze","player_choice":"success","floor":5.0,"damage_taken":7.0},{"event_name":"Back to Basics","player_choice":"Simplicity","floor":20.0,"damage_taken":0.0},{"event_name":"Beggar","player_choice":"Ignored","floor":21.0,"damage_taken":0.0}],"boss_relics":[],"items_purged_floors":[],"potions_floor_spawned":[3,11,13,16,27],"seed_played":"7062177706112976916","killed_by":"Sentry and Sphere","ascension_level":0,"potions_obtained":[{"floor":3.0,"key":"GamblersBrew"},{"floor":11.0,"key":"Ancient Potion"},{"floor":13.0,"key":"SkillPotion"},{"floor":16.0,"key":"FearPotion"},{"floor":27.0,"key":"Energy Potion"}],"is_trial":false}