{"gold_per_floor":[116,129,146,146,169,169,169,22,22,42,57,132,61,61,61,165,165,184,384,245,258,258,269,269,280,303,303,303,303,337,355,355,453,453,471,381,395,270,283,283,310,310,310,310,310,310,410,462,462,462,462,462,27,54,54],"floor_reached":56,"playtime":6487,"items_purged":["Regret","Strike_B","Strike_B+1","Strike_B+1"],"score":1226,"play_id":"0d728e0f-e673-40a6-8365-6bdab03d60be","local_time":"20190125032739","is_ascension_mode":false,"campfire_choices":[{"data":"Rainbow","floor":6.0,"key":"SMITH"},{"floor":15.0,"key":"REST"},{"floor":28.0,"key":"REST"},{"floor":32.0,"key":"REST"},{"floor":40.0,"key":"RECALL"},{"floor":42.0,"key":"REST"},{"data":"Thunder Strike","floor":49.0,"key":"SMITH"},{"data":"Creative AI","floor":52.0,"key":"SMITH"}],"neow_cost":"NONE","seed_source_timestamp":0,"circlet_count":0,"master_deck":["Defend_B+1","Defend_B+1","Defend_B+1","Zap","Dualcast","Rainbow+1","Fusion","Doom and Gloom","Storm+1","Loop","Creative AI","Loop+1","Loop","Defragment+1","BootSequence","Creative AI+1","Conserve Battery+1","Thunder Strike+1","Loop","Parasite","White Noise+1","Coolheaded","White Noise+1","Storm"],"special_seed":0,"relics":["Cracked Core","Pantograph","Bronze Scales","Bird Faced Urn","Singing Bowl","Sozu","Juzu Bracelet","Gambling Chip","Velvet Choker","Kunai","Pocketwatch","Dead Branch","Pear","Lantern"],"potions_floor_usage":[],"damage_taken":[{"damage":0.0,"enemies":"Cultist","floor":1.0,"turns":4.0},{"damage":3.0,"enemies":"Jaw Worm","floor":2.0,"turns":5.0},{"damage":1.0,"enemies":"2 Louse","floor":3.0,"turns":2.0},{"damage":11.0,"enemies":"Exordium Wildlife","floor":10.0,"turns":4.0},{"damage":3.0,"enemies":"Gremlin Gang","floor":11.0,"turns":3.0},{"damage":10.0,"enemies":"Slime Boss","floor":16.0,"turns":8.0},{"damage":10.0,"enemies":"Chosen","floor":18.0,"turns":3.0},{"damage":41.0,"enemies":"2 Thieves","floor":21.0,"turns":4.0},{"damage":21.0,"enemies":"Centurion and Healer","floor":23.0,"turns":5.0},{"damage":0.0,"enemies":"Gremlin Leader","floor":24.0,"turns":2.0},{"damage":24.0,"enemies":"Snake Plant","floor":25.0,"turns":3.0},{"damage":58.0,"enemies":"Slavers","floor":30.0,"turns":5.0},{"damage":3.0,"enemies":"Shelled Parasite and Fungi","floor":31.0,"turns":4.0},{"damage":40.0,"enemies":"Champ","floor":33.0,"turns":7.0},{"damage":16.0,"enemies":"3 Shapes","floor":35.0,"turns":4.0},{"damage":3.0,"enemies":"Orb Walker","floor":37.0,"turns":3.0},{"damage":18.0,"enemies":"Writhing Mass","floor":39.0,"turns":4.0},{"damage":66.0,"enemies":"Nemesis","floor":41.0,"turns":7.0},{"damage":2.0,"enemies":"Mind Bloom Boss Battle","floor":47.0,"turns":5.0},{"damage":53.0,"enemies":"2 Orb Walkers","floor":48.0,"turns":4.0},{"damage":17.0,"enemies":"Time Eater","floor":50.0,"turns":7.0},{"damage":71.0,"enemies":"Shield and Spear","floor":54.0,"turns":4.0},{"damage":112,"enemies":"The Heart","floor":55,"turns":7}],"seed_played":"-1071703131247092477","potions_obtained":[{"floor":2.0,"key":"SkillPotion"},{"floor":3.0,"key":"Fire Potion"},{"floor":16.0,"key":"SmokeBomb"}],"is_trial":false,"path_per_floor":["M","M","M","?","T","R","?","$","T","M","M","?","$","?","R","B",null,"M","?","$","M","?","M","E","M","T","?","R","?","E","M","R","B",null,"M","?","M","$","M","R","E","R","T","?","?","?","?","?","R","B",null,"R","$","E","B",null],"character_chosen":"DEFECT","items_purchased":["Storm","Loop","Loop","Storm","Pear"],"campfire_rested":4,"item_purchase_floors":[8,13,20,53,53],"current_hp_per_floor":[75,72,71,53,53,53,53,53,53,46,45,34,34,18,41,60,79,75,75,75,46,46,35,41,27,27,27,51,51,11,20,44,61,83,78,78,84,84,85,85,33,59,59,61,61,61,89,44,44,80,89,89,99,50,15],"gold":54,"neow_bonus":"ONE_RANDOM_RARE_CARD","is_prod":false,"is_daily":false,"chose_seed":false,"campfire_upgraded":3,"win_rate":0,"timestamp":1548349059,"path_taken":["M","M","?","?","?","R","?","$","T","?","?","?","$","?","R","BOSS","M","?","$","?","?","M","E","M","T","?","R","?","E","M","R","BOSS","M","?","M","$","M","R","E","R","T","?","?","?","?","?","R","BOSS","R","$","E","BOSS"],"build_version":"2019-01-23","purchased_purges":4,"victory":true,"max_hp_per_floor":[75,75,75,75,75,75,75,75,75,77,79,79,79,79,79,79,79,79,79,79,81,81,81,81,81,81,81,81,81,81,83,83,83,83,83,83,85,85,87,87,87,87,87,89,89,89,89,89,89,89,89,89,99,101,101],"card_choices":[{"not_picked":["Go for the Eyes","Steam Power"],"picked":"Fusion","floor":1.0},{"not_picked":["Leap","Blizzard"],"picked":"Doom and Gloom","floor":2.0},{"not_picked":["Go for the Eyes","Leap","Aggregate"],"picked":"SKIP","floor":3.0},{"not_picked":["Hello World","Gash","Sweeping Beam"],"picked":"Singing Bowl","floor":10.0},{"not_picked":["Leap","Barrage","Steam"],"picked":"Singing Bowl","floor":11.0},{"not_picked":["Thunder Strike","Hyperbeam"],"picked":"Creative AI","floor":16.0},{"not_picked":["Capacitor+1","Turbo"],"picked":"Loop+1","floor":18.0},{"not_picked":["Leap","Undo","Auto Shields"],"picked":"Singing Bowl","floor":21.0},{"not_picked":["Rebound","Hologram"],"picked":"BootSequence","floor":23.0},{"not_picked":["Steam","Consume"],"picked":"Creative AI","floor":25.0},{"not_picked":["Tempest","Chill"],"picked":"Conserve Battery+1","floor":30.0},{"not_picked":["Barrage","Steam+1","Blizzard"],"picked":"Singing Bowl","floor":31.0},{"not_picked":["Fission","Meteor Strike"],"picked":"Thunder Strike","floor":33.0},{"not_picked":["Recycle","Coolheaded"],"picked":"Loop","floor":35.0},{"not_picked":["Reprogram+1","Coolheaded+1","Lockon+1"],"picked":"Singing Bowl","floor":37.0},{"not_picked":["Hello World+1","Steam","Barrage"],"picked":"Singing Bowl","floor":39.0},{"not_picked":["Fission","Leap+1"],"picked":"White Noise+1","floor":41.0},{"not_picked":["HandOfGreed","Swift Strike","Purity"],"picked":"Singing Bowl","floor":44.0},{"not_picked":["Compile Driver+1","Go for the Eyes+1"],"picked":"Coolheaded","floor":47.0},{"not_picked":["Go for the Eyes+1","Compile Driver+1"],"picked":"White Noise+1","floor":48.0},{"not_picked":["Melter","Sunder","Rebound+1"],"picked":"Singing Bowl","floor":54.0}],"player_experience":510469,"relics_obtained":[{"floor":5.0,"key":"Bronze Scales"},{"floor":9.0,"key":"Singing Bowl"},{"floor":26.0,"key":"Juzu Bracelet"},{"floor":30.0,"key":"Gambling Chip"},{"floor":41.0,"key":"Kunai"},{"floor":47.0,"key":"Pocketwatch"},{"floor":48.0,"key":"Dead Branch"},{"floor":54.0,"key":"Lantern"}],"event_choices":[{"damage_healed":0.0,"max_hp_gain":0.0,"max_hp_loss":0.0,"gold_gain":0.0,"event_name":"Scrap Ooze","player_choice":"Success","floor":4.0,"gold_loss":0.0,"damage_taken":18.0,"relics_obtained":["Pantograph"]},{"damage_healed":0.0,"max_hp_gain":0.0,"max_hp_loss":0.0,"gold_gain":0.0,"event_name":"Big Fish","player_choice":"Box","floor":7.0,"gold_loss":0.0,"damage_taken":0.0,"relics_obtained":["Bird Faced Urn"],"cards_obtained":["Regret"]},{"damage_healed":0.0,"max_hp_gain":0.0,"max_hp_loss":0.0,"gold_gain":75.0,"event_name":"World of Goop","player_choice":"Gather Gold","floor":12.0,"gold_loss":0.0,"damage_taken":11.0},{"damage_healed":0.0,"max_hp_gain":0.0,"max_hp_loss":0.0,"gold_gain":0.0,"event_name":"Shining Light","player_choice":"Entered Light","floor":14.0,"gold_loss":0.0,"damage_taken":16.0,"cards_upgraded":["Storm","Strike_B"]},{"damage_healed":0.0,"max_hp_gain":0.0,"max_hp_loss":0.0,"gold_gain":250.0,"event_name":"The Joust","player_choice":"Bet on Owner","floor":19.0,"gold_loss":50.0,"damage_taken":0.0},{"damage_healed":0.0,"max_hp_gain":0.0,"max_hp_loss":0.0,"gold_gain":0.0,"event_name":"The Library","player_choice":"Read","floor":22.0,"gold_loss":0.0,"damage_taken":0.0,"cards_obtained":["Defragment"]},{"damage_healed":0.0,"max_hp_gain":0.0,"max_hp_loss":0.0,"gold_gain":0.0,"event_name":"Vampires","player_choice":"Ignored","floor":27.0,"gold_loss":0.0,"damage_taken":0.0},{"damage_healed":0.0,"max_hp_gain":0.0,"max_hp_loss":0.0,"gold_gain":0.0,"event_name":"Back to Basics","player_choice":"Simplicity","floor":29.0,"gold_loss":0.0,"damage_taken":0.0,"cards_upgraded":["Strike_B","Strike_B","Defend_B","Defend_B","Defend_B","Defend_B"]},{"cards_removed":["Strike_B"],"damage_healed":0.0,"max_hp_gain":0.0,"max_hp_loss":0.0,"gold_gain":0.0,"event_name":"Designer","player_choice":"Upgrade and Remove","floor":36.0,"gold_loss":90.0,"damage_taken":0.0,"cards_upgraded":["Defragment"]},{"damage_healed":0.0,"max_hp_gain":0.0,"max_hp_loss":0.0,"gold_gain":0.0,"event_name":"SensoryStone","player_choice":"Memory 1","floor":44.0,"gold_loss":0.0,"damage_taken":0.0},{"cards_removed":["Defend_B"],"damage_healed":0.0,"max_hp_gain":0.0,"max_hp_loss":0.0,"gold_gain":0.0,"event_name":"Falling","player_choice":"Removed Skill","floor":45.0,"gold_loss":0.0,"damage_taken":0.0},{"damage_healed":0.0,"max_hp_gain":0.0,"max_hp_loss":0.0,"gold_gain":0.0,"event_name":"Lab","player_choice":"Got Potions","floor":46.0,"gold_loss":0.0,"damage_taken":0.0},{"damage_healed":0.0,"max_hp_gain":0.0,"max_hp_loss":0.0,"gold_gain":0.0,"event_name":"MindBloom","player_choice":"Fight","floor":47.0,"gold_loss":0.0,"damage_taken":0.0},{"damage_healed":0.0,"max_hp_gain":0.0,"max_hp_loss":0.0,"gold_gain":0.0,"event_name":"Mysterious Sphere","player_choice":"Fight","floor":48.0,"gold_loss":0.0,"damage_taken":0.0}],"is_beta":false,"boss_relics":[{"not_picked":["Tiny House","Eternal Feather"],"picked":"Sozu"},{"not_picked":["FrozenCore","Runic Pyramid"],"picked":"Velvet Choker"}],"items_purged_floors":[8,20,38,53],"is_endless":false,"potions_floor_spawned":[2,3,16,21,23,24,31,33,35,41,48],"ascension_level":0}