{"path_per_floor":["M","$","M","M","M","R","E","$","T","E","M","M","R","M","R","B",null,"M","?","?","$","?","R","M","R","T","M","M","E","M","M","R"],"character_chosen":"THE_SILENT","items_purchased":["Caltrops","Well Laid Plans","Swift Strike"],"gold_per_floor":[114,2,20,40,53,53,78,6,6,37,55,74,74,86,86,182,182,202,125,125,19,19,19,29,29,29,49,69,103,122,133,133,133],"floor_reached":33,"campfire_rested":4,"playtime":4986,"item_purchase_floors":[2,8,21],"current_hp_per_floor":[68,68,68,63,63,63,51,51,51,16,16,14,35,33,54,1,70,70,70,57,57,57,75,64,64,64,67,52,42,21,11,33,0],"items_purged":["Strike_G"],"gold":133,"score":281,"play_id":"4ff27618-d3b5-4854-976a-f08c7561f78c","local_time":"20180601143839","is_prod":false,"is_daily":false,"chose_seed":false,"is_ascension_mode":false,"campfire_upgraded":2,"win_rate":0.0,"timestamp":1527878319,"campfire_choices":[{"data":"Caltrops","floor":6,"key":"SMITH"},{"floor":13,"key":"REST"},{"floor":15,"key":"REST"},{"floor":23,"key":"REST"},{"data":"Malaise","floor":25,"key":"SMITH"},{"floor":32,"key":"REST"}],"path_taken":["M","$","M","M","M","R","E","$","T","E","M","M","R","?","R","BOSS","M","?","?","$","?","R","M","R","T","?","M","E","?","M","R","BOSS"],"build_version":"2018-05-31","seed_source_timestamp":69462693564395,"purchased_purges":1,"victory":false,"master_deck":["Defend_G","Defend_G","Defend_G","Defend_G","Defend_G","Strike_G","Strike_G","Strike_G","Survivor","Neutralize","PiercingWail","Flying Knee","Caltrops+1","Dagger Spray","Backflip","Dagger Throw","Terror","Well Laid Plans","Prepared","Quick Slash","Noxious Fumes","Malaise+1","Tools of the Trade","Underhanded Strike","J.A.X.","Swift Strike","Bouncing Flask","Decay","Footwork","PiercingWail","Choke+1","Infinite Blades+1"],"max_hp_per_floor":[70,70,70,70,70,70,70,70,70,70,70,70,70,70,70,70,70,70,70,75,75,75,75,75,75,75,75,75,75,75,75,75,75],"relics":["Ring of the Snake","Dodecahedron","Blue Candle","Ninja Scroll","Cursed Key","Matryoshka","Gambling Chip"],"card_choices":[{"not_picked":["Underhanded Strike","Well Laid Plans"],"picked":"Flying Knee","floor":1},{"not_picked":["Underhanded Strike","Heel Hook"],"picked":"Dagger Spray","floor":3},{"not_picked":["Prepared","Dagger Throw"],"picked":"Backflip","floor":4},{"not_picked":["Dodge and Roll","Deadly Poison"],"picked":"Dagger Throw","floor":5},{"not_picked":["Venomology","Dagger Throw"],"picked":"Terror","floor":7},{"not_picked":["Grand Finale","Calculated Gamble"],"picked":"Prepared","floor":10},{"not_picked":["Poisoned Stab","Reflex"],"picked":"Quick Slash","floor":11},{"not_picked":["Blur","Underhanded Strike"],"picked":"Noxious Fumes","floor":12},{"not_picked":["Dodge and Roll","Tactician"],"picked":"Malaise","floor":14},{"not_picked":["Grand Finale","Corpse Explosion"],"picked":"Tools of the Trade","floor":16},{"not_picked":["Cloak And Dagger","Setup"],"picked":"Underhanded Strike","floor":18},{"not_picked":["Accuracy","PiercingWail"],"picked":"Bouncing Flask","floor":24},{"not_picked":["Dash","Heel Hook"],"picked":"Footwork","floor":27},{"not_picked":["Prepared+1","Cloak And Dagger"],"picked":"PiercingWail","floor":28},{"not_picked":["Heel Hook","Bane"],"picked":"Choke+1","floor":29},{"not_picked":["Tools of the Trade","Dagger Throw"],"picked":"Infinite Blades+1","floor":30},{"not_picked":["Flying Knee","Sucker Punch","Malaise"],"picked":"SKIP","floor":31}],"player_experience":255114,"potions_floor_usage":[12,18,27,29,29,33],"damage_taken":[{"damage":2,"enemies":"Cultist","floor":1,"turns":5},{"damage":0,"enemies":"Jaw Worm","floor":3,"turns":5},{"damage":5,"enemies":"2 Louse","floor":4,"turns":3},{"damage":0,"enemies":"Large Slime","floor":5,"turns":7},{"damage":12,"enemies":"3 Sentries","floor":7,"turns":7},{"damage":35,"enemies":"Gremlin Nob","floor":10,"turns":5},{"damage":0,"enemies":"Looter","floor":11,"turns":1},{"damage":2,"enemies":"Gremlin Gang","floor":12,"turns":3},{"damage":2,"enemies":"Blue Slaver","floor":14,"turns":3},{"damage":53,"enemies":"Slime Boss","floor":16,"turns":11},{"damage":0,"enemies":"Shell Parasite","floor":18,"turns":5},{"damage":11,"enemies":"2 Thieves","floor":24,"turns":5},{"damage":12,"enemies":"Centurion and Healer","floor":27,"turns":8},{"damage":15,"enemies":"Cultist and Chosen","floor":28,"turns":6},{"damage":10,"enemies":"Book of Stabbing","floor":29,"turns":5},{"damage":21,"enemies":"Snecko","floor":30,"turns":4},{"damage":10,"enemies":"Snake Plant","floor":31,"turns":2},{"damage":48,"enemies":"Champ","floor":33,"turns":12}],"relics_obtained":[{"floor":7,"key":"Dodecahedron"},{"floor":9,"key":"Blue Candle"},{"floor":10,"key":"Ninja Scroll"},{"floor":26,"key":"Matryoshka"},{"floor":29,"key":"Gambling Chip"}],"event_choices":[{"event_name":"Drug Dealer","player_choice":"Got JAXXED","floor":19,"damage_taken":0},{"event_name":"Forgotten Altar","player_choice":"Shed Blood","floor":20,"damage_taken":0},{"event_name":"N\u0027loth","player_choice":"Ignored","floor":22,"damage_taken":0}],"boss_relics":[{"not_picked":["Calling Bell","Pandora\u0027s Box"],"picked":"Cursed Key"}],"items_purged_floors":[2],"potions_floor_spawned":[11,12,14,16,18,24,31],"seed_played":"1527885377381829598","killed_by":"Champ","ascension_level":0,"potions_obtained":[{"floor":11,"key":"Explosive Potion"},{"floor":12,"key":"Strength Potion"},{"floor":14,"key":"GhostInAJar"},{"floor":16,"key":"EssenceOfSteel"},{"floor":18,"key":"Regen Potion"},{"floor":31,"key":"FearPotion"}],"is_trial":false}