{"gold_per_floor":[119,132,23,98,31,31,49,66,66,66,77,91,109,109],"floor_reached":14,"playtime":556,"items_purged":["Defend_B"],"score":84,"play_id":"f0b9147b-a354-4c78-b34a-5e0a56251108","local_time":"20180812112131","is_ascension_mode":false,"campfire_choices":[{"data":"Consume","floor":6,"key":"SMITH"},{"floor":10,"key":"REST"}],"neow_cost":"PERCENT_DAMAGE","seed_source_timestamp":125615910379923,"circlet_count":0,"master_deck":["Strike_B","Strike_B","Defend_B","Defend_B","Defend_B","Zap","Dualcast","Consume+1","Static Discharge","Static Discharge","Loop","Leap"],"relics":["Cracked Core","Peace Pipe"],"potions_floor_usage":[12,14],"damage_taken":[{"damage":0,"enemies":"2 Louse","floor":1,"turns":2},{"damage":1,"enemies":"Cultist","floor":2,"turns":3},{"damage":3,"enemies":"Small Slimes","floor":7,"turns":3},{"damage":21,"enemies":"Exordium Wildlife","floor":8,"turns":3},{"damage":10,"enemies":"2 Fungi Beasts","floor":11,"turns":3},{"damage":20,"enemies":"Gremlin Gang","floor":12,"turns":3},{"damage":12,"enemies":"Exordium Wildlife","floor":13,"turns":4},{"damage":6,"enemies":"3 Louse","floor":14,"turns":1}],"seed_played":"-5555174223283001385","potions_obtained":[{"floor":2,"key":"FearPotion"},{"floor":8,"key":"Poison Potion"},{"floor":13,"key":"Block Potion"}],"is_trial":false,"path_per_floor":["M","M","$","?","$","R","M","M","T","R","M","M","M"],"character_chosen":"DEFECT","items_purchased":["Static Discharge","Static Discharge"],"campfire_rested":1,"item_purchase_floors":[3,5],"current_hp_per_floor":[54,53,53,46,46,46,43,22,22,44,34,14,2,0],"gold":109,"neow_bonus":"REMOVE_TWO","is_prod":false,"is_daily":false,"chose_seed":false,"campfire_upgraded":1,"win_rate":0,"timestamp":1534038691,"path_taken":["M","M","$","?","$","R","M","M","T","R","M","M","M","M"],"build_version":"2018-08-09","purchased_purges":1,"victory":false,"max_hp_per_floor":[75,75,75,75,75,75,75,75,75,75,75,75,75,75],"card_choices":[{"not_picked":["Steam","Consume","Gash"],"picked":"SKIP","floor":1},{"not_picked":["Steam","Gash"],"picked":"Consume","floor":1},{"not_picked":["Coolheaded","Conserve Battery","Beam Cell"],"picked":"SKIP","floor":2},{"not_picked":["Steam","Auto Shields","Redo"],"picked":"SKIP","floor":7},{"not_picked":["Coolheaded","Gash","Compile Driver"],"picked":"SKIP","floor":8},{"not_picked":["Reprogram","Turbo"],"picked":"Loop","floor":11},{"not_picked":["Steam Power","Tempest","Darkness"],"picked":"SKIP","floor":12},{"not_picked":["Rebound","Hyperbeam"],"picked":"Leap","floor":13}],"player_experience":312978,"relics_obtained":[{"floor":9,"key":"Peace Pipe"}],"event_choices":[{"event_name":"FaceTrader","player_choice":"Touch","floor":4,"damage_taken":0}],"is_beta":false,"boss_relics":[],"items_purged_floors":[3],"is_endless":false,"potions_floor_spawned":[2,8,13],"killed_by":"3 Louse","ascension_level":0}