{"gold_per_floor":[364,364,65,165,182,182,33,33,78,89,89,89,89,124,124,202,202,217,217,233,8,24,24,42,57,112,112,112,132,132,151,151,224,224,243,258,258,258,306,306,322,322,349,50,50,70,70,80,80,80],"floor_reached":50,"playtime":2240,"items_purged":["Strike_R"],"score":772,"play_id":"86442a81-a304-4934-a266-87813d76ed8c","local_time":"20180704210205","is_ascension_mode":true,"campfire_choices":[{"data":"Havoc","floor":6.0,"key":"SMITH"},{"data":"1","floor":8.0,"key":"LIFT"},{"data":"2","floor":11.0,"key":"LIFT"},{"floor":13.0,"key":"REST"},{"data":"Uppercut","floor":15.0,"key":"SMITH"},{"data":"3","floor":23.0,"key":"LIFT"},{"floor":30.0,"key":"REST"},{"data":"Body Slam","floor":32.0,"key":"SMITH"},{"data":"Heavy Blade","floor":40.0,"key":"SMITH"},{"data":"Heavy Blade","floor":42.0,"key":"SMITH"},{"data":"Heavy Blade","floor":45.0,"key":"SMITH"},{"floor":49.0,"key":"REST"}],"neow_cost":"","seed_source_timestamp":491669568369681,"circlet_count":0,"master_deck":["Strike_R","Strike_R","Strike_R","Strike_R+1","Defend_R","Defend_R","Defend_R","Defend_R+1","Bash","AscendersBane","Havoc+1","Shrug It Off+1","Clothesline","Uppercut+1","Limit Break+1","RitualDagger","Spot Weakness+1","Body Slam+1","Heavy Blade+1","Shrug It Off","Heavy Blade+1","Heavy Blade+1","Warcry","Armaments+1","Panacea","Pummel","Pain","Heavy Blade","Sentinel+1","Enlightenment"],"special_seed":0,"relics":["Burning Blood","Girya","Vajra","Happy Flower","Bottled Flame","Sozu","Bronze Scales","Regal Pillow","War Paint","Spirit Poop","Cursed Key","Omamori","Lantern","Ginger"],"potions_floor_usage":[],"damage_taken":[{"damage":14.0,"enemies":"Jaw Worm","floor":1.0,"turns":3.0},{"damage":0.0,"enemies":"2 Louse","floor":5.0,"turns":3.0},{"damage":1.0,"enemies":"Small Slimes","floor":10.0,"turns":3.0},{"damage":7.0,"enemies":"3 Sentries","floor":14.0,"turns":7.0},{"damage":20.0,"enemies":"Hexaghost","floor":16.0,"turns":9.0},{"damage":19.0,"enemies":"2 Thieves","floor":18.0,"turns":3.0},{"damage":8.0,"enemies":"Chosen","floor":20.0,"turns":3.0},{"damage":0.0,"enemies":"Snecko","floor":22.0,"turns":3.0},{"damage":26.0,"enemies":"Cultist and Chosen","floor":24.0,"turns":5.0},{"damage":19.0,"enemies":"Snake Plant","floor":25.0,"turns":2.0},{"damage":4.0,"enemies":"3 Cultists","floor":29.0,"turns":4.0},{"damage":9.0,"enemies":"Centurion and Healer","floor":31.0,"turns":4.0},{"damage":17.0,"enemies":"Collector","floor":33.0,"turns":6.0},{"damage":0.0,"enemies":"Orb Walker","floor":35.0,"turns":2.0},{"damage":1.0,"enemies":"3 Darklings","floor":36.0,"turns":3.0},{"damage":45.0,"enemies":"Maw","floor":41.0,"turns":5.0},{"damage":0.0,"enemies":"4 Shapes","floor":46.0,"turns":3.0},{"damage":0.0,"enemies":"Spire Growth","floor":48.0,"turns":2.0},{"damage":76,"enemies":"Time Eater","floor":50,"turns":5}],"seed_played":"-4521894876345131757","potions_obtained":[{"floor":1.0,"key":"PowerPotion"},{"floor":14.0,"key":"PowerPotion"}],"is_trial":false,"path_per_floor":["M","?","$","?","M","R","$","R","T","M","R","?","R","E","R","B",null,"M","?","M","$","M","R","M","M","T","?","?","M","R","M","R","B",null,"M","M","?","?","T","R","M","R","T","$","R","M","?","M","R"],"character_chosen":"IRONCLAD","items_purchased":["Girya","Vajra","Bronze Scales","Ginger"],"campfire_rested":3,"item_purchase_floors":[],"current_hp_per_floor":[26,11,11,11,17,17,17,17,17,22,22,22,44,43,43,29,64,51,45,43,43,49,49,29,16,16,16,16,18,55,52,52,41,67,73,75,75,75,75,75,36,36,36,36,36,42,42,48,75,0],"gold":80,"neow_bonus":"","is_prod":false,"is_daily":false,"chose_seed":false,"campfire_upgraded":6,"win_rate":0,"timestamp":1530730925,"path_taken":["M","?","$","?","M","R","?","R","T","M","R","?","R","E","R","BOSS","M","?","M","$","M","R","?","M","T","?","?","?","R","M","R","BOSS","M","M","?","?","?","R","?","R","T","$","R","M","?","M","R","BOSS"],"build_version":"2018-07-03","purchased_purges":1,"victory":false,"max_hp_per_floor":[75,75,75,75,75,75,75,75,75,75,75,75,75,75,75,75,75,75,75,75,75,75,75,75,75,75,75,75,75,75,75,75,75,75,75,75,75,75,75,75,75,75,75,75,75,75,75,75,75,75],"card_choices":[{"not_picked":["Perfected Strike","Armaments"],"picked":"Havoc","floor":1.0},{"not_picked":["Clothesline","Infernal Blade"],"picked":"Shrug It Off","floor":5.0},{"not_picked":["Warcry","Anger"],"picked":"Clothesline","floor":10.0},{"not_picked":["Perfected Strike","Dropkick"],"picked":"Uppercut","floor":14.0},{"not_picked":["Immolate","Reaper"],"picked":"Limit Break","floor":16.0},{"not_picked":["Wild Strike","Infernal Blade","Blood for Blood+1"],"picked":"SKIP","floor":18.0},{"not_picked":["Cleave+1","Thunderclap"],"picked":"Spot Weakness","floor":20.0},{"not_picked":["Fire Breathing","Thunderclap"],"picked":"Body Slam","floor":22.0},{"not_picked":["Second Wind","Anger"],"picked":"Heavy Blade","floor":24.0},{"not_picked":["Reckless Charge","Rampage"],"picked":"Shrug It Off","floor":25.0},{"not_picked":["Clothesline","Pommel Strike"],"picked":"Heavy Blade","floor":29.0},{"not_picked":["Carnage","True Grit"],"picked":"Heavy Blade","floor":31.0},{"not_picked":["Perfected Strike","Wild Strike"],"picked":"Warcry","floor":35.0},{"not_picked":["Cleave+1","Carnage"],"picked":"Armaments+1","floor":36.0},{"not_picked":["Second Wind","Twin Strike"],"picked":"Heavy Blade","floor":41.0},{"not_picked":["True Grit","Pommel Strike"],"picked":"Sentinel+1","floor":46.0},{"not_picked":["Master of Strategy","Dark Shackles"],"picked":"Enlightenment","floor":47.0},{"not_picked":["Whirlwind","Headbutt+1","Infernal Blade"],"picked":"SKIP","floor":48.0}],"player_experience":252513,"relics_obtained":[{"floor":9.0,"key":"Happy Flower"},{"floor":14.0,"key":"Bottled Flame"},{"floor":26.0,"key":"Regal Pillow"},{"floor":39.0,"key":"Omamori"},{"floor":43.0,"key":"Lantern"}],"event_choices":[{"event_name":"Shining Light","player_choice":"Entered Light","floor":2.0,"damage_taken":0.0},{"event_name":"Golden Shrine","player_choice":"Pray","floor":4.0,"damage_taken":0.0},{"event_name":"Accursed Blacksmith","player_choice":"Forge","floor":12.0,"damage_taken":0.0},{"event_name":"Nest","player_choice":"Joined the Cult","floor":19.0,"damage_taken":0.0},{"event_name":"The Mausoleum","player_choice":"Yes","floor":27.0,"damage_taken":0.0},{"event_name":"Bonfire Elementals","player_choice":"CURSE","floor":28.0,"damage_taken":0.0},{"event_name":"Tomb of Lord Red Mask","player_choice":"Ignored","floor":37.0,"damage_taken":0.0},{"event_name":"Match and Keep!","player_choice":"2 cards matched","floor":38.0,"damage_taken":0.0},{"event_name":"SensoryStone","player_choice":"Memory 1","floor":47.0,"damage_taken":0.0}],"boss_relics":[{"not_picked":["Orrery","Snecko Eye"],"picked":"Sozu"},{"not_picked":["Philosopher\u0027s Stone","Runic Pyramid"],"picked":"Cursed Key"}],"items_purged_floors":[],"is_endless":false,"potions_floor_spawned":[1,14,18,24,25,33,36,46],"killed_by":"Time Eater","ascension_level":14}