{"gold_per_floor":[112,125,144,144,21,21,21,32,32,59,79,79,89,89,89,184,184,196,196,212,226,226],"floor_reached":22,"playtime":1584,"items_purged":["Strike_R"],"score":223,"play_id":"9ba95dc5-2ff4-4ef0-b8f4-5881a4daa843","local_time":"20180703143005","is_ascension_mode":true,"campfire_choices":[{"data":"Shrug It Off","floor":6,"key":"SMITH"},{"data":"Spot Weakness","floor":12,"key":"SMITH"},{"data":"Clothesline","floor":15,"key":"SMITH"}],"neow_cost":"NONE","seed_source_timestamp":758003093422936,"circlet_count":0,"master_deck":["Strike_R","Strike_R","Defend_R","Defend_R","Defend_R","Bash","Spot Weakness+1","Pommel Strike","Shrug It Off+1","Clothesline+1","Impervious","Offering","Burning Pact","Perfected Strike","Rampage"],"relics":["Burning Blood","Toolbox","Boot","Lizard Tail"],"potions_floor_usage":[16,16],"damage_taken":[{"damage":2,"enemies":"2 Louse","floor":1,"turns":3},{"damage":19,"enemies":"Jaw Worm","floor":2,"turns":5},{"damage":6,"enemies":"Cultist","floor":3,"turns":3},{"damage":19,"enemies":"Looter","floor":8,"turns":3},{"damage":2,"enemies":"Blue Slaver","floor":11,"turns":4},{"damage":19,"enemies":"Exordium Thugs","floor":13,"turns":6},{"damage":32,"enemies":"The Guardian","floor":16,"turns":15},{"damage":44,"enemies":"Shell Parasite","floor":18,"turns":6},{"damage":17,"enemies":"Chosen","floor":20,"turns":5},{"damage":37,"enemies":"Centurion and Healer","floor":21,"turns":10},{"damage":56,"enemies":"3 Cultists","floor":22,"turns":5}],"seed_played":"2995853735910383193","potions_obtained":[{"floor":3,"key":"Dexterity Potion"},{"floor":8,"key":"Strength Potion"},{"floor":13,"key":"Ancient Potion"},{"floor":21,"key":"Poison Potion"}],"is_trial":false,"path_per_floor":["M","M","M","?","$","R","?","M","T","T","M","R","M","?","R","B",null,"M","?","M","M"],"character_chosen":"IRONCLAD","items_purchased":["Clothesline"],"campfire_rested":0,"item_purchase_floors":[5],"current_hp_per_floor":[88,75,75,75,75,75,75,62,62,62,66,66,53,82,82,56,80,42,42,31,50,0],"gold":226,"neow_bonus":"TEN_PERCENT_HP_BONUS","is_prod":false,"is_daily":false,"chose_seed":false,"campfire_upgraded":3,"win_rate":0,"timestamp":1530642605,"path_taken":["M","M","M","?","$","R","?","M","T","?","?","R","M","?","R","BOSS","M","?","?","?","M"],"build_version":"2018-06-28","purchased_purges":1,"victory":false,"max_hp_per_floor":[88,88,88,88,88,88,88,88,88,88,88,88,88,88,88,88,88,88,88,88,88,88],"card_choices":[{"not_picked":["Clothesline","Body Slam"],"picked":"Spot Weakness","floor":1},{"not_picked":["Headbutt","Blood for Blood"],"picked":"Pommel Strike","floor":2},{"not_picked":["Headbutt","Combust"],"picked":"Shrug It Off","floor":3},{"not_picked":["Reckless Charge","Sword Boomerang","Seeing Red"],"picked":"SKIP","floor":8},{"not_picked":["Wild Strike","Shrug It Off"],"picked":"Impervious","floor":11},{"not_picked":["Warcry","Sword Boomerang","Body Slam"],"picked":"SKIP","floor":13},{"not_picked":["Juggernaut","Double Tap"],"picked":"Offering","floor":16},{"not_picked":["True Grit","Wild Strike+1"],"picked":"Burning Pact","floor":18},{"not_picked":["Fire Breathing","Pommel Strike"],"picked":"Rampage","floor":20},{"not_picked":["Cleave","Brutality","Evolve"],"picked":"SKIP","floor":21}],"player_experience":937577,"relics_obtained":[{"floor":9,"key":"Toolbox"},{"floor":10,"key":"Boot"}],"event_choices":[{"event_name":"Living Wall","player_choice":"Forget","floor":4,"damage_taken":0},{"event_name":"Bonfire Elementals","player_choice":"BASIC","floor":7,"damage_taken":0},{"event_name":"Big Fish","player_choice":"Banana","floor":14,"damage_taken":0},{"event_name":"Transmorgrifier","player_choice":"Transform","floor":19,"damage_taken":0}],"boss_relics":[{"not_picked":["Fusion Hammer","Calling Bell"],"picked":"Lizard Tail"}],"items_purged_floors":[5],"is_endless":false,"potions_floor_spawned":[3,8,13,21],"killed_by":"3 Cultists","ascension_level":5}