{"path_per_floor":["M","?","M","M","$","R","M","M","T","M","M","?","?","$","R","B",null,"M","M","?","M","$","R","?","M","T","?","?","R","M","?","R"],"character_chosen":"THE_SILENT","items_purchased":["Deadly Poison","Cloak And Dagger","Shuriken","Backflip","Poisoned Stab"],"gold_per_floor":[110,110,125,138,13,13,27,46,46,59,70,70,70,19,19,114,114,126,114,314,327,5,5,5,16,70,70,70,70,82,82,82,82],"floor_reached":33,"campfire_rested":4,"playtime":1983,"item_purchase_floors":[5,14,22,22,22],"current_hp_per_floor":[66,66,66,66,66,66,42,42,42,15,13,13,13,13,34,4,70,66,43,43,32,32,53,53,27,27,27,27,48,25,12,34,0],"items_purged":["Strike_G"],"gold":82,"score":287,"play_id":"d90a1e17-6aad-456e-8935-6e6ea146587d","local_time":"20180619173431","is_prod":false,"is_daily":false,"chose_seed":false,"is_ascension_mode":true,"campfire_upgraded":1,"win_rate":0,"timestamp":1529444071,"campfire_choices":[{"data":"Infinite Blades","floor":6,"key":"SMITH"},{"floor":15,"key":"REST"},{"floor":23,"key":"REST"},{"floor":29,"key":"REST"},{"floor":32,"key":"REST"}],"path_taken":["M","?","M","M","$","R","M","M","T","M","?","?","?","?","R","BOSS","M","M","?","M","?","R","?","?","T","?","?","R","M","?","R","BOSS"],"build_version":"2018-06-14v2","seed_source_timestamp":481399450918668,"purchased_purges":1,"victory":false,"master_deck":["Defend_G","Defend_G","Defend_G","Defend_G","Strike_G","Strike_G","Strike_G","Survivor","Neutralize","Footwork","Infinite Blades+1","Dagger Throw","Deadly Poison","Poisoned Stab","Crippling Poison","Prepared","Cloak And Dagger","Wraith Form v2","Dash","Poisoned Stab+1","PiercingWail","Backflip","Poisoned Stab","Tools of the Trade","Bandage Up","Bouncing Flask"],"max_hp_per_floor":[70,70,70,70,70,70,70,70,70,70,70,70,70,70,70,70,70,70,70,70,70,70,70,70,70,70,70,70,70,70,75,75,75],"relics":["Ring of the Snake","Vajra","Happy Flower","Empty Cage","Shuriken","Juzu Bracelet"],"card_choices":[{"not_picked":["Catalyst","Predator"],"picked":"Footwork","floor":1},{"not_picked":["Backflip","Cloak And Dagger"],"picked":"Infinite Blades","floor":3},{"not_picked":["Deflect","Concentrate"],"picked":"Dagger Throw","floor":4},{"not_picked":["Prepared","Well Laid Plans"],"picked":"Poisoned Stab","floor":7},{"not_picked":["Wraith Form v2","Backflip"],"picked":"Crippling Poison","floor":8},{"not_picked":["Slice","Well Laid Plans"],"picked":"Prepared","floor":10},{"not_picked":["Tactician","Dagger Throw","Deflect"],"picked":"SKIP","floor":11},{"not_picked":["Doppelganger","Night Terror"],"picked":"Wraith Form v2","floor":16},{"not_picked":["Heel Hook","Acrobatics"],"picked":"Dash","floor":18},{"not_picked":["Dagger Throw","Reflex+1"],"picked":"Poisoned Stab+1","floor":19},{"not_picked":["Expertise","Endless Agony"],"picked":"PiercingWail","floor":21},{"not_picked":["Bane+1","Dagger Throw+1"],"picked":"Tools of the Trade","floor":25},{"not_picked":["Endless Agony","Dagger Spray"],"picked":"Bouncing Flask","floor":30}],"player_experience":652993,"potions_floor_usage":[10,16,25,30,33],"damage_taken":[{"damage":4,"enemies":"Small Slimes","floor":1,"turns":4},{"damage":0,"enemies":"Cultist","floor":3,"turns":5},{"damage":0,"enemies":"2 Louse","floor":4,"turns":4},{"damage":24,"enemies":"Lots of Slimes","floor":7,"turns":6},{"damage":0,"enemies":"Large Slime","floor":8,"turns":5},{"damage":27,"enemies":"Exordium Thugs","floor":10,"turns":4},{"damage":2,"enemies":"Blue Slaver","floor":11,"turns":4},{"damage":30,"enemies":"The Guardian","floor":16,"turns":12},{"damage":4,"enemies":"3 Byrds","floor":18,"turns":7},{"damage":23,"enemies":"2 Thieves","floor":19,"turns":4},{"damage":11,"enemies":"Snecko","floor":21,"turns":5},{"damage":26,"enemies":"3 Cultists","floor":25,"turns":6},{"damage":27,"enemies":"Snake Plant","floor":30,"turns":5},{"damage":55,"enemies":"Collector","floor":33,"turns":5}],"relics_obtained":[{"floor":9,"key":"Happy Flower"},{"floor":26,"key":"Juzu Bracelet"}],"event_choices":[{"event_name":"Wheel of Change","player_choice":"Relic","floor":2,"damage_taken":0},{"event_name":"Golden Idol","player_choice":"Ignored","floor":12,"damage_taken":0},{"event_name":"The Lab","player_choice":"Got Potions","floor":13,"damage_taken":0},{"event_name":"Wheel of Change","player_choice":"Gold","floor":20,"damage_taken":0},{"event_name":"Addict","player_choice":"Ignored","floor":24,"damage_taken":0},{"event_name":"Drug Dealer","player_choice":"Ignored","floor":27,"damage_taken":0},{"event_name":"Match and Keep!","player_choice":"1 cards matched","floor":28,"damage_taken":0},{"event_name":"Forgotten Altar","player_choice":"Shed Blood","floor":31,"damage_taken":0}],"boss_relics":[{"not_picked":["Astrolabe","Runic Dome"],"picked":"Empty Cage"}],"items_purged_floors":[5],"is_endless":false,"potions_floor_spawned":[1,3,16,18,30],"seed_played":"2157526041800588828","killed_by":"Collector","ascension_level":4,"potions_obtained":[{"floor":1,"key":"Swift Potion"},{"floor":3,"key":"Weak Potion"},{"floor":13,"key":"Ancient Potion"},{"floor":13,"key":"Ancient Potion"},{"floor":16,"key":"PowerPotion"},{"floor":30,"key":"Dexterity Potion"}],"is_trial":false}