{"gold_per_floor":[113,38,38,50,225,256,256,281,281,281,301,201,201,76,76,172,172,191,201,126,126,142,142,158,8,62,152,152,166,184,9,9,9],"floor_reached":33,"playtime":1718,"items_purged":["Strike_R","Strike_R","Strike_R","Strike_R","Demon Form"],"score":253,"play_id":"89ec5f55-047e-47d0-a5a0-11d90b414e33","local_time":"20181213113522","is_ascension_mode":false,"campfire_choices":[{"floor":7.0,"key":"REST"},{"floor":13.0,"key":"REST"},{"data":"True Grit","floor":15.0,"key":"SMITH"},{"floor":23.0,"key":"REST"},{"floor":32.0,"key":"REST"}],"neow_cost":"NONE","seed_source_timestamp":56093028295205,"circlet_count":0,"master_deck":["Defend_R","Defend_R","Defend_R","Defend_R","Bash+1","Infernal Blade","Armaments","Dropkick","Dropkick","True Grit+1","Battle Trance","Dropkick"],"special_seed":0,"relics":["Burning Blood","Bird Faced Urn","Bag of Preparation","Pen Nib","White Beast Statue","Ancient Tea Set"],"potions_floor_usage":[33],"damage_taken":[{"damage":5.0,"enemies":"Small Slimes","floor":1.0,"turns":4.0},{"damage":7.0,"enemies":"2 Louse","floor":4.0,"turns":2.0},{"damage":31.0,"enemies":"Gremlin Nob","floor":6.0,"turns":5.0},{"damage":29.0,"enemies":"3 Sentries","floor":8.0,"turns":11.0},{"damage":0.0,"enemies":"Jaw Worm","floor":11.0,"turns":3.0},{"damage":44.0,"enemies":"The Guardian","floor":16.0,"turns":10.0},{"damage":47.0,"enemies":"Spheric Guardian","floor":18.0,"turns":9.0},{"damage":16.0,"enemies":"3 Byrds","floor":19.0,"turns":7.0},{"damage":7.0,"enemies":"Snecko","floor":22.0,"turns":4.0},{"damage":19.0,"enemies":"Shelled Parasite and Fungi","floor":24.0,"turns":6.0},{"damage":17.0,"enemies":"Centurion and Healer","floor":29.0,"turns":8.0},{"damage":18.0,"enemies":"Snecko","floor":30.0,"turns":6.0},{"damage":48,"enemies":"Automaton","floor":33,"turns":4}],"seed_played":"-5520451248908702527","potions_obtained":[{"floor":6.0,"key":"Block Potion"},{"floor":8.0,"key":"GamblersBrew"},{"floor":11.0,"key":"EntropicBrew"},{"floor":16.0,"key":"AttackPotion"},{"floor":18.0,"key":"Block Potion"},{"floor":19.0,"key":"SteroidPotion"},{"floor":21.0,"key":"EntropicBrew"},{"floor":21.0,"key":"FairyPotion"},{"floor":30.0,"key":"BloodPotion"}],"is_trial":false,"path_per_floor":["M","$","?","M","?","E","R","E","T","?","M","$","R","$","R","B",null,"M","M","?","?","M","R","M","$","T","?","$","M","M","$","R","B"],"character_chosen":"IRONCLAD","items_purchased":[],"campfire_rested":4,"item_purchase_floors":[],"current_hp_per_floor":[80,80,77,76,76,51,75,52,52,52,58,58,80,80,80,58,80,39,31,31,31,32,56,43,43,43,27,27,16,14,14,38,0],"gold":9,"neow_bonus":"UPGRADE_CARD","is_prod":false,"is_daily":false,"chose_seed":false,"campfire_upgraded":1,"win_rate":0,"timestamp":1544718922,"path_taken":["M","$","?","M","?","E","R","E","T","?","M","$","R","$","R","BOSS","M","M","?","?","?","R","M","$","T","?","?","?","M","$","R","BOSS"],"build_version":"2018-12-06","purchased_purges":5,"victory":false,"max_hp_per_floor":[80,80,80,80,80,80,80,80,80,80,80,80,80,80,80,80,80,80,80,80,80,80,80,80,80,80,80,80,80,80,80,80,80],"card_choices":[{"not_picked":["Body Slam","Bloodletting"],"picked":"Infernal Blade","floor":1.0},{"not_picked":["Iron Wave","Wild Strike"],"picked":"Armaments","floor":4.0},{"not_picked":["Feel No Pain","Thunderclap"],"picked":"Dropkick","floor":6.0},{"not_picked":["Wild Strike","Whirlwind"],"picked":"Dropkick","floor":8.0},{"not_picked":["Corruption","Headbutt"],"picked":"True Grit","floor":11.0},{"not_picked":["Bludgeon","Double Tap"],"picked":"Demon Form","floor":16.0},{"not_picked":["Thunderclap","True Grit"],"picked":"Battle Trance","floor":18.0},{"not_picked":["Fire Breathing","Armaments","Flex"],"picked":"SKIP","floor":19.0},{"not_picked":["Heavy Blade","Flex","Clothesline+1"],"picked":"SKIP","floor":22.0},{"not_picked":["Fire Breathing","Iron Wave","Heavy Blade"],"picked":"SKIP","floor":24.0},{"not_picked":["Offering","Thunderclap"],"picked":"Dropkick","floor":29.0},{"not_picked":["Burning Pact","Clothesline","Body Slam"],"picked":"SKIP","floor":30.0}],"player_experience":1883632,"relics_obtained":[{"floor":6.0,"key":"Bag of Preparation"},{"floor":8.0,"key":"Pen Nib"},{"floor":26.0,"key":"Ancient Tea Set"}],"event_choices":[{"damage_healed":0.0,"max_hp_gain":0.0,"max_hp_loss":0.0,"gold_gain":0.0,"event_name":"Scrap Ooze","player_choice":"Success","floor":3.0,"gold_loss":0.0,"damage_taken":3.0,"relics_obtained":["Bird Faced Urn"]},{"damage_healed":0.0,"max_hp_gain":0.0,"max_hp_loss":0.0,"gold_gain":175.0,"event_name":"Liars Game","player_choice":"AGREE","floor":5.0,"gold_loss":0.0,"damage_taken":0.0,"cards_obtained":["Doubt"]},{"cards_removed":["Doubt"],"damage_healed":0.0,"max_hp_gain":0.0,"max_hp_loss":0.0,"gold_gain":0.0,"event_name":"Living Wall","player_choice":"Forget","floor":10.0,"gold_loss":0.0,"damage_taken":0.0},{"cards_removed":["Strike_R"],"damage_healed":0.0,"max_hp_gain":0.0,"max_hp_loss":0.0,"gold_gain":0.0,"event_name":"Beggar","player_choice":"Gave Gold","floor":20.0,"gold_loss":75.0,"damage_taken":0.0},{"damage_healed":0.0,"max_hp_gain":0.0,"max_hp_loss":0.0,"gold_gain":0.0,"event_name":"Lab","player_choice":"Got Potions","floor":21.0,"gold_loss":0.0,"damage_taken":0.0},{"damage_healed":0.0,"max_hp_gain":0.0,"max_hp_loss":0.0,"gold_gain":90.0,"event_name":"Knowing Skull","player_choice":"GOLD ","floor":27.0,"potions_obtained":[],"gold_loss":0.0,"damage_taken":16.0,"cards_obtained":[]}],"is_beta":false,"boss_relics":[{"not_picked":["Orrery","Velvet Choker"],"picked":"White Beast Statue"}],"items_purged_floors":[2,12,14,25,31],"is_endless":false,"potions_floor_spawned":[6,8,11,16,18,19,22,24,29,30],"killed_by":"Automaton","ascension_level":0}