{"gold_per_floor":[114,114,124,299,309,309,335,347,371,371,110,110,10,10,10,113,113,132,47,47,62,62,62,78,78,78,78,78,25,25,72,72,172,172,183,183,197,208,208,208,219,231,231,156,156,172,172,37,37,37],"floor_reached":50,"playtime":3039,"items_purged":["Strike_G","Strike_G"],"score":798,"play_id":"4b714927-ca27-43d4-b7c1-1a268d4908e0","local_time":"20180707234930","is_ascension_mode":true,"campfire_choices":[{"data":"Neutralize","floor":6,"key":"SMITH"},{"data":"Catalyst","floor":10,"key":"SMITH"},{"data":"Panache","floor":12,"key":"SMITH"},{"floor":15,"key":"REST"},{"data":"After Image","floor":23,"key":"SMITH"},{"data":"Infinite Blades","floor":25,"key":"SMITH"},{"data":"Bouncing Flask","floor":27,"key":"SMITH"},{"floor":32,"key":"REST"},{"floor":40,"key":"DIG"},{"floor":45,"key":"REST"},{"floor":49,"key":"REST"}],"neow_cost":"NONE","seed_source_timestamp":353319815471174,"circlet_count":0,"master_deck":["Defend_G+1","Defend_G+1","Defend_G+1","Defend_G+1","Defend_G+1","Survivor","Neutralize+1","Leg Sweep","Bouncing Flask+1","Footwork","Infinite Blades+1","Catalyst+1","Panache+1","After Image+1","Backflip","Dodge and Roll+1","Choke","PiercingWail","A Thousand Cuts","Deadly Poison+1","Backflip","Escape Plan","Poisoned Stab","PiercingWail","Infinite Blades","Finesse"],"relics":["Ring of the Snake","Orichalcum","Pen Nib","Cursed Key","Potion Belt","Blood Vial","Lantern","Empty Cage","Shovel","Ginger"],"potions_floor_usage":[7,16,16,30,50,50],"damage_taken":[{"damage":0,"enemies":"Jaw Worm","floor":1,"turns":7},{"damage":0,"enemies":"2 Louse","floor":3,"turns":3},{"damage":1,"enemies":"Cultist","floor":5,"turns":4},{"damage":14,"enemies":"Lagavulin","floor":7,"turns":8},{"damage":6,"enemies":"Blue Slaver","floor":8,"turns":4},{"damage":23,"enemies":"Slime Boss","floor":16,"turns":10},{"damage":9,"enemies":"Chosen","floor":18,"turns":4},{"damage":0,"enemies":"Shell Parasite","floor":21,"turns":4},{"damage":3,"enemies":"Snecko","floor":24,"turns":4},{"damage":0,"enemies":"Snake Plant","floor":30,"turns":1},{"damage":47,"enemies":"Automaton","floor":33,"turns":12},{"damage":45,"enemies":"3 Darklings","floor":35,"turns":5},{"damage":13,"enemies":"3 Shapes","floor":37,"turns":7},{"damage":0,"enemies":"Maw","floor":38,"turns":6},{"damage":0,"floor":39,"turns":6},{"damage":16,"enemies":"3 Darklings","floor":41,"turns":6},{"damage":11,"enemies":"Sphere and 2 Shapes","floor":42,"turns":5},{"damage":18,"enemies":"Maw","floor":46,"turns":8},{"damage":55,"enemies":"Time Eater","floor":50,"turns":14}],"seed_played":"6880150763075671774","potions_obtained":[{"floor":5,"key":"EssenceOfSteel"},{"floor":7,"key":"Swift Potion"},{"floor":8,"key":"Regen Potion"},{"floor":24,"key":"SmokeBomb"},{"floor":35,"key":"Poison Potion"},{"floor":41,"key":"SpeedPotion"},{"floor":46,"key":"FearPotion"}],"is_trial":false,"path_per_floor":["M","?","M","?","M","R","E","M","T","R","$","R","$","$","R","B",null,"M","?","?","M","$","R","M","R","T","R","?","$","M","T","R","B",null,"M","?","M","M","?","R","M","M","T","$","R","M","?","$","R"],"character_chosen":"THE_SILENT","items_purchased":["Panache","PiercingWail","Poisoned Stab","PiercingWail","Infinite Blades","Finesse"],"campfire_rested":4,"item_purchase_floors":[11,29,44,44,48,48],"current_hp_per_floor":[70,70,70,70,69,69,55,49,49,49,49,49,49,49,70,62,68,59,59,59,59,59,59,56,56,56,56,56,56,58,58,70,23,58,15,61,48,50,52,52,38,29,29,29,47,31,25,25,43,0],"gold":37,"neow_bonus":"REMOVE_CARD","is_prod":false,"is_daily":false,"chose_seed":false,"campfire_upgraded":6,"win_rate":0,"timestamp":1531021770,"path_taken":["M","?","M","?","M","R","E","?","T","R","$","R","?","$","R","BOSS","M","?","?","M","?","R","M","R","T","R","?","$","M","?","R","BOSS","M","?","M","M","?","R","M","M","T","?","R","M","?","$","R","BOSS"],"build_version":"2018-07-05","purchased_purges":2,"victory":false,"max_hp_per_floor":[70,70,70,70,70,70,70,70,70,70,70,70,70,70,70,70,70,70,70,70,70,70,70,70,70,70,70,70,70,70,70,70,70,70,70,61,61,61,61,61,61,61,61,61,61,61,61,61,61,61],"card_choices":[{"not_picked":["Sucker Punch","Masterful Stab"],"picked":"Leg Sweep","floor":1},{"not_picked":["Cloak And Dagger","Riddle With Holes"],"picked":"Bouncing Flask","floor":3},{"not_picked":["Dodge and Roll","Eviscerate"],"picked":"Footwork","floor":5},{"not_picked":["Deflect","Dagger Throw"],"picked":"Infinite Blades","floor":7},{"not_picked":["Slice","Concentrate"],"picked":"Catalyst","floor":8},{"not_picked":["Night Terror","Burst"],"picked":"After Image","floor":16},{"not_picked":["Poisoned Stab+1","Flying Knee"],"picked":"Backflip","floor":18},{"not_picked":["Underhanded Strike","Finisher+1"],"picked":"Dodge and Roll+1","floor":21},{"not_picked":["Outmaneuver","Backstab"],"picked":"Choke","floor":24},{"not_picked":["Die Die Die","Storm of Steel"],"picked":"A Thousand Cuts","floor":33},{"not_picked":["Distraction+1","Dagger Throw+1"],"picked":"Deadly Poison+1","floor":35},{"not_picked":["Underhanded Strike","Dodge and Roll+1"],"picked":"Backflip","floor":37},{"not_picked":["Slice+1","Backflip","Quick Slash+1"],"picked":"SKIP","floor":38},{"not_picked":["Deadly Poison","Unload"],"picked":"Escape Plan","floor":41},{"not_picked":["Dagger Spray","Bane+1","Underhanded Strike"],"picked":"SKIP","floor":42},{"not_picked":["Expertise+1","Leg Sweep+1","PiercingWail+1"],"picked":"SKIP","floor":46}],"player_experience":998395,"relics_obtained":[{"floor":7,"key":"Orichalcum"},{"floor":9,"key":"Pen Nib"},{"floor":26,"key":"Blood Vial"},{"floor":31,"key":"Lantern"},{"floor":39,"key":"Shovel"},{"floor":40,"key":"Ginger"}],"event_choices":[{"event_name":"Living Wall","player_choice":"Forget","floor":2,"damage_taken":0},{"event_name":"Liars Game","player_choice":"agreed","floor":4,"damage_taken":0},{"event_name":"Addict","player_choice":"Obtained Relic","floor":19,"damage_taken":0},{"event_name":"Back to Basics","player_choice":"Simplicity","floor":20,"damage_taken":0},{"event_name":"Fountain of Cleansing","player_choice":"Removed Curse","floor":28,"damage_taken":0},{"event_name":"The Moai Head","player_choice":"Heal","floor":36,"damage_taken":0},{"event_name":"MindBloom","player_choice":"Fight","floor":39,"damage_taken":0},{"event_name":"Wheel of Change","player_choice":"Damage","floor":47,"damage_taken":0}],"boss_relics":[{"not_picked":["Orrery","Black Star"],"picked":"Cursed Key"},{"not_picked":["Astrolabe","Eternal Feather"],"picked":"Empty Cage"}],"items_purged_floors":[11,13],"is_endless":false,"potions_floor_spawned":[5,7,8,24,30,35,41,46],"killed_by":"Time Eater","ascension_level":5}