{"gold_per_floor":[110,130,95,6,23,23,23,37,37,63,12,12,12,48,48,142,142,157,34,34],"floor_reached":20,"playtime":763,"items_purged":[],"score":333,"play_id":"90ae0086-3e4b-4ef6-bd5a-37c060669690","local_time":"20190211142127","is_ascension_mode":true,"campfire_choices":[{"data":"Bash","floor":6,"key":"SMITH"},{"floor":12,"key":"REST"},{"floor":15,"key":"REST"}],"neow_cost":"TEN_PERCENT_HP_LOSS","seed_source_timestamp":691474627622560,"circlet_count":0,"master_deck":["AscendersBane","Strike_R","Strike_R","Strike_R","Strike_R","Strike_R","Defend_R","Defend_R","Defend_R","Defend_R","Bash+1","Limit Break","Feel No Pain","Metallicize","Whirlwind","Pummel","Uppercut","Double Tap","Iron Wave","Injury","Flex","Demon Form","Power Through","Evolve"],"relics":["Burning Blood","PreservedInsect","Singing Bowl","Golden Idol","Ancient Tea Set","Velvet Choker"],"potions_floor_usage":[14,16,16,20],"damage_taken":[{"damage":25,"enemies":"Small Slimes","floor":1,"turns":4},{"damage":7,"enemies":"2 Louse","floor":2,"turns":2},{"damage":17,"enemies":"Jaw Worm","floor":5,"turns":5},{"damage":19,"enemies":"3 Louse","floor":8,"turns":3},{"damage":28,"enemies":"Gremlin Nob","floor":10,"turns":4},{"damage":32,"enemies":"Lagavulin","floor":14,"turns":6},{"damage":46,"enemies":"Slime Boss","floor":16,"turns":10},{"damage":34,"enemies":"Spheric Guardian","floor":18,"turns":7},{"damage":29,"enemies":"Shell Parasite","floor":20,"turns":4}],"seed_played":"-7458094268759649086","potions_obtained":[{"floor":2,"key":"Regen Potion"},{"floor":5,"key":"Explosive Potion"},{"floor":14,"key":"Poison Potion"},{"floor":18,"key":"GamblersBrew"}],"is_trial":false,"path_per_floor":["M","M","?","$","M","R","$","M","T","E","$","R","?","E","R","B",null,"M","$","M"],"character_chosen":"IRONCLAD","items_purchased":["Whirlwind","Iron Wave","Power Through","Evolve"],"campfire_rested":2,"item_purchase_floors":[4,11,19,19],"current_hp_per_floor":[49,48,65,65,54,54,54,41,41,19,19,39,39,28,48,8,53,27,27,0],"gold":34,"neow_bonus":"THREE_RARE_CARDS","is_prod":false,"is_daily":false,"chose_seed":false,"campfire_upgraded":1,"win_rate":0,"timestamp":1549912887,"path_taken":["M","M","?","$","M","R","$","M","T","E","$","R","?","E","R","BOSS","M","$","M"],"build_version":"2019-01-23","purchased_purges":0,"victory":false,"max_hp_per_floor":[68,68,68,68,68,68,68,68,68,68,68,68,68,68,68,68,68,70,70,70],"card_choices":[{"not_picked":["Offering","Impervious"],"picked":"Limit Break","floor":0},{"not_picked":["Pommel Strike","Warcry"],"picked":"Feel No Pain","floor":1},{"not_picked":["True Grit","Heavy Blade"],"picked":"Metallicize","floor":2},{"not_picked":["Whirlwind","Body Slam"],"picked":"Pummel","floor":5},{"not_picked":["Battle Trance","Cleave"],"picked":"Uppercut","floor":8},{"not_picked":["Entrench","True Grit"],"picked":"Double Tap","floor":10},{"not_picked":["Combust","Twin Strike"],"picked":"Flex","floor":14},{"not_picked":["Dark Embrace","Exhume"],"picked":"Demon Form","floor":16},{"not_picked":["Thunderclap","Iron Wave","Sever Soul"],"picked":"Singing Bowl","floor":18}],"player_experience":2396770,"relics_obtained":[{"floor":9,"key":"PreservedInsect"},{"floor":10,"key":"Singing Bowl"},{"floor":14,"key":"Ancient Tea Set"}],"event_choices":[{"damage_healed":17,"gold_gain":0,"player_choice":"Healed","damage_taken":0,"max_hp_gain":0,"max_hp_loss":0,"event_name":"The Cleric","floor":3,"gold_loss":35},{"damage_healed":0,"gold_gain":0,"player_choice":"Take Wound","damage_taken":0,"relics_obtained":["Golden Idol"],"max_hp_gain":0,"max_hp_loss":0,"event_name":"Golden Idol","floor":13,"gold_loss":0,"cards_obtained":["Injury"]}],"is_beta":false,"boss_relics":[{"not_picked":["Runic Dome","Philosopher\u0027s Stone"],"picked":"Velvet Choker"}],"items_purged_floors":[],"is_endless":false,"potions_floor_spawned":[2,5,14,18],"killed_by":"Shell Parasite","ascension_level":17}