{"gold_per_floor":[114,189,204,204,219,219,234,234,259,289,304,31,46,61,61,161,161,176,191,206,206,221,221,80,95,95,95,95,95,125,152,164,276,288,315,342,369,281,296,326,326,341,341,341,341,0,50,65,65,65],"floor_reached":51,"playtime":1903,"items_purged":[],"score":1003,"play_id":"d812bf20-6260-48ea-9fc1-f18d5e888bb7","local_time":"20180901202311","daily_mods":["Shiny","Cursed Run","Uncertain Future"],"is_ascension_mode":false,"campfire_choices":[{"data":"Bludgeon","floor":6,"key":"SMITH"},{"data":"Feed","floor":8,"key":"SMITH"},{"data":"Whirlwind","floor":15,"key":"SMITH"},{"data":"Demon Form","floor":23,"key":"SMITH"},{"data":"1","floor":29,"key":"LIFT"},{"data":"2","floor":32,"key":"LIFT"},{"floor":41,"key":"REST"},{"floor":45,"key":"REST"},{"data":"3","floor":49,"key":"LIFT"}],"neow_cost":"","seed_source_timestamp":0,"circlet_count":0,"master_deck":["Double Tap","Demon Form+1","Bludgeon+1","Feed+1","Limit Break+1","Barricade","Fiend Fire","Dark Embrace","Berserk","Impervious","Reaper","Exhume","Offering","Immolate","True Grit","Body Slam","Thunderclap","Shame","Iron Wave","Clothesline","Whirlwind+1","True Grit+1","Warcry+1","Havoc+1","Impervious+1","Bludgeon+1","Uppercut+1","Doubt","Sword Boomerang+1","Feel No Pain","Flame Barrier+1","Offering+1","Warcry+1","Shame","Shrug It Off+1","Shrug It Off+1","Regret","Exhume+1","Normality","Regret","Normality","Whirlwind+1","Sword Boomerang+1","Shrug It Off+1","Shrug It Off+1","Armaments+1","Pummel+1","Spot Weakness+1","Shockwave+1","Pain","Limit Break+1","Normality","Clumsy"],"special_seed":17775,"relics":["Cursed Key","Darkstone Periapt","Du-Vu Doll","Toxic Egg 2","Oddly Smooth Stone","Ornamental Fan","Bag of Preparation","Astrolabe","Orichalcum","Girya","Enchiridion","MawBank","Calling Bell","Art of War","Pear","Torii","Boot","Smiling Mask","Red Mask","Lantern"],"potions_floor_usage":[22,22],"damage_taken":[{"damage":0,"enemies":"Jaw Worm","floor":1,"turns":2},{"damage":0,"enemies":"2 Louse","floor":3,"turns":6},{"damage":6,"enemies":"Cultist","floor":5,"turns":3},{"damage":6,"enemies":"Large Slime","floor":7,"turns":2},{"damage":6,"enemies":"Lagavulin","floor":10,"turns":5},{"damage":0,"enemies":"3 Louse","floor":11,"turns":1},{"damage":6,"enemies":"Looter","floor":13,"turns":2},{"damage":6,"enemies":"Exordium Wildlife","floor":14,"turns":1},{"damage":6,"enemies":"Slime Boss","floor":16,"turns":3},{"damage":0,"enemies":"3 Byrds","floor":18,"turns":1},{"damage":12,"enemies":"Shell Parasite","floor":19,"turns":2},{"damage":12,"enemies":"Centurion and Healer","floor":20,"turns":2},{"damage":18,"enemies":"3 Cultists","floor":22,"turns":5},{"damage":18,"enemies":"Cultist and Chosen","floor":25,"turns":3},{"damage":18,"enemies":"Book of Stabbing","floor":30,"turns":3},{"damage":10,"enemies":"Shelled Parasite and Fungi","floor":31,"turns":4},{"damage":16,"enemies":"Automaton","floor":33,"turns":4},{"damage":1,"enemies":"Orb Walker","floor":35,"turns":2},{"damage":28,"enemies":"3 Darklings","floor":36,"turns":3},{"damage":31,"enemies":"4 Shapes","floor":37,"turns":3},{"damage":57,"enemies":"Transient","floor":39,"turns":5},{"damage":26,"enemies":"Nemesis","floor":40,"turns":5},{"damage":35,"enemies":"Reptomancer","floor":42,"turns":4},{"damage":0,"enemies":"Spire Growth","floor":48,"turns":3},{"damage":36,"enemies":"Time Eater","floor":50,"turns":5}],"seed_played":"7006954628493323479","potions_obtained":[{"floor":1,"key":"SkillPotion"},{"floor":11,"key":"SkillPotion"},{"floor":14,"key":"SpeedPotion"},{"floor":22,"key":"GamblersBrew"},{"floor":30,"key":"LiquidBronze"},{"floor":37,"key":"Explosive Potion"}],"is_trial":false,"path_per_floor":["M","?","M","?","M","R","M","R","T","E","M","$","M","M","R","B",null,"M","M","M","?","M","R","$","M","T","?","?","R","E","M","R","B",null,"M","M","M","$","M","E","R","M","T","?","R","?","T","M","R","B"],"character_chosen":"IRONCLAD","items_purchased":["Bag of Preparation","Whirlwind","True Grit+1","Flame Barrier+1","Offering+1","Shrug It Off+1","Armaments+1"],"campfire_rested":2,"item_purchase_floors":[12,12,12,24,24,38,38],"current_hp_per_floor":[80,69,76,73,67,67,64,64,70,64,64,64,64,70,70,70,101,101,93,81,81,97,97,97,95,101,85,85,85,75,95,95,119,153,152,124,97,97,40,47,94,59,65,65,113,113,119,145,145,151],"gold":65,"neow_bonus":"","is_prod":false,"is_daily":true,"chose_seed":false,"campfire_upgraded":4,"win_rate":0,"timestamp":1535826191,"path_taken":["M","?","M","?","?","R","M","R","T","E","M","$","M","M","R","BOSS","M","M","M","?","M","R","$","M","T","?","?","R","E","M","R","BOSS","M","M","M","$","M","E","R","M","T","?","R","?","?","M","R","BOSS"],"build_version":"2018-08-30","purchased_purges":0,"victory":true,"max_hp_per_floor":[80,80,83,83,83,83,86,86,92,92,92,92,92,92,92,98,101,101,105,105,105,109,109,109,113,119,119,119,119,119,119,119,125,153,153,153,157,157,157,157,157,157,163,163,163,163,169,169,169,179],"card_choices":[{"not_picked":["Hemokinesis","Havoc"],"picked":"True Grit","floor":1},{"not_picked":["Wild Strike","True Grit"],"picked":"Body Slam","floor":3},{"not_picked":["Clash","Havoc+1"],"picked":"Thunderclap","floor":5},{"not_picked":["Dark Embrace","Sentinel+1","Flex+1"],"picked":"SKIP","floor":7},{"not_picked":["Fiend Fire","Perfected Strike"],"picked":"Iron Wave","floor":10},{"not_picked":["Heavy Blade","Sword Boomerang"],"picked":"Clothesline","floor":11},{"not_picked":["Intimidate+1","Wild Strike"],"picked":"Warcry+1","floor":13},{"not_picked":["Thunderclap","Body Slam"],"picked":"Havoc+1","floor":14},{"not_picked":["Bludgeon","Dark Embrace"],"picked":"Impervious+1","floor":16},{"not_picked":["Clothesline","Iron Wave+1","Thunderclap"],"picked":"SKIP","floor":18},{"not_picked":["Hemokinesis","Body Slam"],"picked":"Sword Boomerang+1","floor":19},{"not_picked":["Clash","Uppercut"],"picked":"Feel No Pain","floor":20},{"not_picked":["Flex+1","Heavy Blade","Perfected Strike"],"picked":"SKIP","floor":22},{"not_picked":["Evolve","Intimidate+1"],"picked":"Warcry+1","floor":25},{"not_picked":["Dark Embrace","Inflame"],"picked":"Shrug It Off+1","floor":30},{"not_picked":["Body Slam","Perfected Strike+1"],"picked":"Shrug It Off+1","floor":31},{"not_picked":["Brutality","Barricade"],"picked":"Exhume+1","floor":33},{"not_picked":["Clothesline+1","Perfected Strike"],"picked":"Whirlwind+1","floor":35},{"not_picked":["Wild Strike","Perfected Strike+1"],"picked":"Sword Boomerang+1","floor":36},{"not_picked":["Thunderclap","Cleave+1"],"picked":"Shrug It Off+1","floor":37},{"not_picked":["Sword Boomerang+1","Bloodletting+1"],"picked":"Pummel+1","floor":39},{"not_picked":["Inflame+1","Warcry+1"],"picked":"Spot Weakness+1","floor":40},{"not_picked":["Sword Boomerang+1","Infernal Blade+1"],"picked":"Shockwave+1","floor":42},{"not_picked":["Cleave+1","Flex+1","Second Wind+1"],"picked":"SKIP","floor":48}],"player_experience":1371055,"relics_obtained":[{"floor":9,"key":"Oddly Smooth Stone"},{"floor":10,"key":"Ornamental Fan"},{"floor":26,"key":"Girya"},{"floor":27,"key":"Enchiridion"},{"floor":30,"key":"MawBank"},{"floor":34,"key":"Art of War"},{"floor":34,"key":"Pear"},{"floor":34,"key":"Torii"},{"floor":40,"key":"Boot"},{"floor":43,"key":"Smiling Mask"},{"floor":47,"key":"Lantern"}],"event_choices":[{"event_name":"World of Goop","player_choice":"Gather Gold","floor":2,"damage_taken":0},{"event_name":"Scrap Ooze","player_choice":"success","floor":4,"damage_taken":3},{"event_name":"The Mausoleum","player_choice":"Yes","floor":21,"damage_taken":0},{"event_name":"Cursed Tome","player_choice":"Obtained Book","floor":27,"damage_taken":0},{"event_name":"Accursed Blacksmith","player_choice":"Forge","floor":28,"damage_taken":0},{"event_name":"Duplicator","player_choice":"One dupe","floor":44,"damage_taken":0},{"event_name":"Tomb of Lord Red Mask","player_choice":"Paid","floor":46,"damage_taken":0}],"is_beta":false,"boss_relics":[{"not_picked":["Runic Cube","Runic Dome"],"picked":"Astrolabe"},{"not_picked":["Lizard Tail","Empty Cage"],"picked":"Calling Bell"}],"items_purged_floors":[],"is_endless":false,"potions_floor_spawned":[1,11,14,19,22,30,33,37,42],"ascension_level":0}