{"gold_per_floor":[118,5,19,19,19,19,33,33,33,33,49,49,62,87,87,185,185,199,99,99,110,127,127,139,139,219,169,189,189,206,206,206,308,308,320,113,113,113,125,125,152,102,102,102,102,115,115,129,129,129],"floor_reached":51,"playtime":2990,"items_purged":["Strike_R","Perfected Strike","Anger","Clothesline","Flex"],"score":1058,"play_id":"81d9c585-c937-4c0c-b21f-236902930b82","local_time":"20180906181606","is_ascension_mode":true,"campfire_choices":[{"data":"Bash","floor":6.0,"key":"SMITH"},{"data":"Rage","floor":8.0,"key":"SMITH"},{"data":"Rage","floor":10.0,"key":"SMITH"},{"data":"Pommel Strike","floor":12.0,"key":"SMITH"},{"data":"Battle Trance","floor":15,"key":"SMITH"},{"data":"True Grit","floor":23,"key":"SMITH"},{"data":"Metallicize","floor":29,"key":"SMITH"},{"floor":32,"key":"REST"},{"floor":40,"key":"REST"},{"floor":44,"key":"REST"},{"data":"Impervious","floor":47,"key":"SMITH"},{"floor":49,"key":"REST"}],"neow_cost":"","seed_source_timestamp":1445348202173732,"circlet_count":0,"master_deck":["Bash+1","AscendersBane","Rampage+1","Rage+1","Rage+1","Ghostly Armor","Pommel Strike+1","Headbutt","Battle Trance+1","Impervious+1","Shrug It Off","Headbutt","Shrug It Off","Clash","Metallicize+1","Intimidate","True Grit+1"],"special_seed":0,"relics":["Burning Blood","Mango","Centennial Puzzle","Pandora\u0027s Box","Dodecahedron","Smiling Mask","Black Star","Vajra","Mercury Hourglass","Pantograph","Prayer Wheel"],"potions_floor_usage":[16,24,28,30,41,46,46,50],"damage_taken":[{"damage":10.0,"enemies":"Jaw Worm","floor":1.0,"turns":5.0},{"damage":3.0,"enemies":"Cultist","floor":3.0,"turns":4.0},{"damage":1.0,"enemies":"Small Slimes","floor":7.0,"turns":3.0},{"damage":0.0,"enemies":"Looter","floor":11.0,"turns":3.0},{"damage":6.0,"enemies":"Blue Slaver","floor":13.0,"turns":3.0},{"damage":32,"enemies":"Gremlin Nob","floor":14,"turns":4},{"damage":40,"enemies":"Hexaghost","floor":16,"turns":8},{"damage":0,"enemies":"Chosen","floor":18,"turns":4},{"damage":14,"enemies":"2 Thieves","floor":21,"turns":4},{"damage":0,"enemies":"Centurion and Healer","floor":22,"turns":9},{"damage":39,"enemies":"Cultist and Chosen","floor":24,"turns":9},{"damage":15,"enemies":"Snake Plant","floor":28,"turns":4},{"damage":29,"enemies":"3 Cultists","floor":30,"turns":7},{"damage":62,"enemies":"Automaton","floor":33,"turns":11},{"damage":21,"enemies":"3 Darklings","floor":35,"turns":8},{"damage":16,"enemies":"3 Shapes","floor":39,"turns":4},{"damage":68,"enemies":"Giant Head","floor":41,"turns":9},{"damage":11,"enemies":"Transient","floor":46,"turns":5},{"damage":2,"enemies":"3 Darklings","floor":48,"turns":6},{"damage":69,"enemies":"Awakened One","floor":50,"turns":14}],"seed_played":"-2366930888814464663","potions_obtained":[{"floor":7.0,"key":"Block Potion"},{"floor":14,"key":"FearPotion"},{"floor":21,"key":"Fire Potion"},{"floor":22,"key":"Regen Potion"},{"floor":28,"key":"BloodPotion"},{"floor":39,"key":"Poison Potion"},{"floor":41,"key":"Regen Potion"},{"floor":45,"key":"Weak Potion"},{"floor":48,"key":"SteroidPotion"}],"is_trial":false,"path_per_floor":["M","$","M","?","?","R","M","R","T","R","M","R","M","E","R","B",null,"M","$","?","M","M","R","M","T","T","$","M","R","M","?","R","B",null,"M","$","?","?","M","R","E","$","T","R","?","M","R","M","R","B"],"character_chosen":"IRONCLAD","items_purchased":["Rage","Vajra"],"campfire_rested":4,"item_purchase_floors":[2,36],"current_hp_per_floor":[68,68,71,71,76,76,81,81,95,95,99,99,99,73,73,39,84,90,90,90,82,88,88,64,64,64,64,55,55,41,41,70,14,78,63,63,63,63,53,82,20,20,20,49,49,59,59,63,92,36],"gold":129,"neow_bonus":"","is_prod":false,"is_daily":false,"chose_seed":false,"campfire_upgraded":8,"win_rate":0,"timestamp":1536272166,"path_taken":["M","$","M","?","?","R","M","R","T","R","M","R","M","E","R","BOSS","M","$","?","M","M","R","M","?","T","$","M","R","M","?","R","BOSS","M","$","?","?","M","R","E","$","T","R","?","M","R","M","R","BOSS"],"build_version":"2018-08-30","purchased_purges":5,"victory":true,"max_hp_per_floor":[80,80,80,80,85,85,85,85,99,99,99,99,99,99,99,99,99,99,99,99,99,99,99,99,99,99,99,99,99,99,99,99,99,99,99,99,99,99,99,99,99,99,99,99,99,99,99,99,99,99],"card_choices":[{"not_picked":["Heavy Blade","Anger"],"picked":"Rampage","floor":1.0},{"not_picked":["Cleave","Twin Strike"],"picked":"Rage","floor":3.0},{"not_picked":["Flex","Entrench"],"picked":"Ghostly Armor","floor":7.0},{"not_picked":["Sever Soul","Rampage"],"picked":"Pommel Strike","floor":11.0},{"not_picked":["Pummel","Flex"],"picked":"Headbutt","floor":13},{"not_picked":["Reckless Charge","Exhume"],"picked":"Battle Trance","floor":14},{"not_picked":["Dark Embrace","Brutality"],"picked":"Impervious","floor":16},{"not_picked":["Twin Strike","Bloodletting+1"],"picked":"Metallicize","floor":18},{"not_picked":["Hemokinesis","True Grit","Blood for Blood"],"picked":"SKIP","floor":21},{"not_picked":["Hemokinesis","Blood for Blood"],"picked":"True Grit","floor":21},{"not_picked":["Headbutt+1","Clothesline","Uppercut"],"picked":"SKIP","floor":22},{"not_picked":["Berserk","Havoc+1","Flex"],"picked":"SKIP","floor":24},{"not_picked":["Wild Strike","Sentinel+1","Flex"],"picked":"SKIP","floor":28},{"not_picked":["Wild Strike","Havoc+1","Body Slam"],"picked":"SKIP","floor":30},{"not_picked":["Iron Wave+1","Sword Boomerang","Heavy Blade+1"],"picked":"SKIP","floor":35},{"not_picked":["Second Wind","Shockwave+1","Heavy Blade"],"picked":"SKIP","floor":39},{"not_picked":["Clash+1","Havoc+1","Juggernaut"],"picked":"SKIP","floor":41},{"not_picked":["Corruption+1","Clash+1","Dual Wield"],"picked":"SKIP","floor":46},{"not_picked":["Dropkick","Heavy Blade","Sword Boomerang"],"picked":"SKIP","floor":46},{"not_picked":["Flame Barrier+1","Bloodletting","Iron Wave"],"picked":"SKIP","floor":48},{"not_picked":["Iron Wave","Flex+1","Wild Strike+1"],"picked":"SKIP","floor":48}],"player_experience":1509532,"relics_obtained":[{"floor":9.0,"key":"Mango"},{"floor":14,"key":"Centennial Puzzle"},{"floor":25,"key":"Dodecahedron"},{"floor":26,"key":"Smiling Mask"},{"floor":41,"key":"Mercury Hourglass"},{"floor":41,"key":"Pantograph"},{"floor":43,"key":"Prayer Wheel"}],"event_choices":[{"event_name":"Upgrade Shrine","player_choice":"Upgraded","floor":4.0,"damage_taken":0.0},{"event_name":"Big Fish","player_choice":"Donut","floor":5.0,"damage_taken":0.0},{"event_name":"The Library","player_choice":"Read","floor":20,"damage_taken":0},{"event_name":"Duplicator","player_choice":"Ignored","floor":31,"damage_taken":0},{"event_name":"Tomb of Lord Red Mask","player_choice":"Ignored","floor":37,"damage_taken":0},{"event_name":"The Woman in Blue","player_choice":"Bought 0 Potions","floor":38,"damage_taken":0},{"event_name":"The Lab","player_choice":"Got Potions","floor":45,"damage_taken":0}],"is_beta":false,"boss_relics":[{"not_picked":["Velvet Choker","Runic Pyramid"],"picked":"Pandora\u0027s Box"},{"not_picked":["Runic Dome","Philosopher\u0027s Stone"],"picked":"Black Star"}],"items_purged_floors":[2,19,27,36,42],"is_endless":false,"potions_floor_spawned":[7,14,21,22,28,39,41,48],"ascension_level":11}