{"gold_per_floor":[110,35,48,63,63,63,89,89,89,109,19,19,94,112,112,112],"floor_reached":16,"playtime":750,"items_purged":["Pain"],"score":105,"play_id":"1c6d03ea-bd77-41b7-a86f-6bab21a97415","local_time":"20190127010941","is_ascension_mode":true,"campfire_choices":[{"data":"Cloak And Dagger","floor":6,"key":"SMITH"},{"floor":8,"key":"REST"},{"floor":15,"key":"REST"}],"neow_cost":"CURSE","seed_source_timestamp":1253738386383125,"circlet_count":0,"master_deck":["Defend_G","Defend_G","Defend_G","Defend_G","Defend_G","Strike_G","Strike_G","Strike_G","Strike_G","Strike_G","Survivor","Neutralize","Cloak And Dagger+1","Endless Agony","Backstab","Backflip","Blur","Outmaneuver","Caltrops","Noxious Fumes"],"relics":["Ring of the Snake","Torii","Mummified Hand","Potion Belt"],"potions_floor_usage":[],"damage_taken":[{"damage":8,"enemies":"Cultist","floor":1,"turns":6},{"damage":0,"enemies":"Jaw Worm","floor":3,"turns":5},{"damage":0,"enemies":"Small Slimes","floor":4,"turns":4},{"damage":28,"enemies":"Lagavulin","floor":7,"turns":10},{"damage":1,"enemies":"Blue Slaver","floor":10,"turns":4},{"damage":2,"enemies":"Exordium Thugs","floor":14,"turns":4},{"damage":67,"enemies":"Slime Boss","floor":16,"turns":11}],"seed_played":"-2977983289505246904","potions_obtained":[{"floor":3,"key":"AttackPotion"},{"floor":10,"key":"Dexterity Potion"}],"is_trial":false,"path_per_floor":["M","$","M","M","$","R","E","R","T","M","$","?","?","M","R","B"],"character_chosen":"THE_SILENT","items_purchased":["Outmaneuver","Caltrops"],"campfire_rested":2,"item_purchase_floors":[11,11],"current_hp_per_floor":[62,62,62,62,62,62,34,55,55,54,54,54,43,41,62,0],"gold":112,"neow_bonus":"ONE_RARE_RELIC","is_prod":false,"is_daily":false,"chose_seed":false,"campfire_upgraded":1,"win_rate":0,"timestamp":1548522581,"path_taken":["M","$","?","M","$","R","E","R","T","M","$","?","?","M","R","BOSS"],"build_version":"2019-01-23","purchased_purges":1,"victory":false,"max_hp_per_floor":[70,70,70,70,70,70,70,70,70,70,70,70,70,70,70,70],"card_choices":[{"not_picked":["Deadly Poison","Flying Knee"],"picked":"Cloak And Dagger","floor":1},{"not_picked":["Underhanded Strike","Slice"],"picked":"Endless Agony","floor":3},{"not_picked":["Deflect","Distraction"],"picked":"Backstab","floor":4},{"not_picked":["Dodge and Roll","Tools of the Trade"],"picked":"Backflip","floor":7},{"not_picked":["Catalyst","Backstab"],"picked":"Blur","floor":10},{"not_picked":["Bane","Infinite Blades"],"picked":"Noxious Fumes","floor":14}],"player_experience":27638,"relics_obtained":[{"floor":7,"key":"Mummified Hand"},{"floor":9,"key":"Potion Belt"}],"event_choices":[{"damage_healed":0,"gold_gain":0,"player_choice":"Leave","damage_taken":0,"max_hp_gain":0,"max_hp_loss":0,"event_name":"The Cleric","floor":12,"gold_loss":0},{"damage_healed":0,"gold_gain":75,"player_choice":"Gather Gold","damage_taken":11,"max_hp_gain":0,"max_hp_loss":0,"event_name":"World of Goop","floor":13,"gold_loss":0}],"is_beta":false,"boss_relics":[],"items_purged_floors":[2],"is_endless":false,"potions_floor_spawned":[3,10],"killed_by":"Slime Boss","ascension_level":1}