{"gold_per_floor":[109,125,137,157,168,168,199,216,216,216,24,24,39,50,50,154,154,173,273,23,23,34,34,54,54,124,142,14,0,0,27,27,27],"floor_reached":33,"playtime":1996,"items_purged":["Bash"],"score":375,"play_id":"765c8a70-1bfc-4564-9aba-09cd19df39c2","local_time":"20190114233242","is_ascension_mode":true,"campfire_choices":[{"data":"Clothesline","floor":6.0,"key":"SMITH"},{"data":"Searing Blow","floor":12.0,"key":"SMITH"},{"data":"Searing Blow+1","floor":15.0,"key":"SMITH"},{"data":"Searing Blow+2","floor":23,"key":"SMITH"},{"floor":25,"key":"REST"},{"data":"Shrug It Off","floor":30,"key":"SMITH"},{"data":"Immolate","floor":32,"key":"SMITH"}],"neow_cost":"NONE","seed_source_timestamp":0,"circlet_count":0,"master_deck":["Strike_R","Strike_R","Strike_R","Strike_R","Strike_R","Defend_R","Defend_R","Defend_R","Defend_R","Twin Strike","Clothesline+1","Feed","Searing Blow+3","Metallicize","Juggernaut","Immolate+1","Pommel Strike","Perfected Strike","Shrug It Off+1","Rampage+1","Disarm"],"special_seed":0,"relics":["Burning Blood","Potion Belt","Gambling Chip","Kunai","Art of War","Membership Card","HandDrill","Bottled Flame","Lee\u0027s Waffle","Prayer Wheel"],"potions_floor_usage":[16,22,22,31,31,33],"damage_taken":[{"damage":5.0,"enemies":"Small Slimes","floor":1.0,"turns":3.0},{"damage":0.0,"enemies":"2 Louse","floor":2.0,"turns":3.0},{"damage":0.0,"enemies":"Cultist","floor":3.0,"turns":3.0},{"damage":5.0,"enemies":"2 Fungi Beasts","floor":4.0,"turns":4.0},{"damage":10.0,"enemies":"Exordium Wildlife","floor":5.0,"turns":5.0},{"damage":15.0,"enemies":"Lagavulin","floor":7.0,"turns":3.0},{"damage":8.0,"enemies":"3 Louse","floor":8.0,"turns":3.0},{"damage":1.0,"enemies":"Blue Slaver","floor":13.0,"turns":3.0},{"damage":4.0,"enemies":"Exordium Thugs","floor":14.0,"turns":4.0},{"damage":28,"enemies":"Slime Boss","floor":16,"turns":14},{"damage":39,"enemies":"Shell Parasite","floor":18,"turns":12},{"damage":26,"enemies":"2 Thieves","floor":22,"turns":4},{"damage":44,"enemies":"Shelled Parasite and Fungi","floor":24,"turns":11},{"damage":30,"enemies":"Centurion and Healer","floor":27,"turns":8},{"damage":27,"enemies":"Slavers","floor":31,"turns":3},{"damage":93,"enemies":"Collector","floor":33,"turns":7}],"seed_played":"777362157787864279","potions_obtained":[{"floor":2.0,"key":"SteroidPotion"},{"floor":3.0,"key":"GamblersBrew"},{"floor":4.0,"key":"AttackPotion"},{"floor":8.0,"key":"Explosive Potion"},{"floor":14.0,"key":"EssenceOfSteel"},{"floor":18,"key":"Dexterity Potion"},{"floor":27,"key":"Fire Potion"},{"floor":31,"key":"LiquidBronze"}],"is_trial":false,"path_per_floor":["M","M","M","M","M","R","E","M","T","?","$","R","M","M","R","B",null,"M","?","$","?","M","R","M","R","T","M","$","?","R","E","R","B"],"character_chosen":"IRONCLAD","items_purchased":["Membership Card","HandDrill","Immolate","Pommel Strike","Block Potion","Lee\u0027s Waffle","PowerPotion"],"campfire_rested":1,"item_purchase_floors":[11,20,20,20,20,28,28],"current_hp_per_floor":[73,79,80,80,79,79,70,71,71,71,71,71,79,84,84,62,85,52,52,52,82,65,65,27,55,55,31,102,102,102,84,84,0],"gold":27,"neow_bonus":"RANDOM_COMMON_RELIC","is_prod":false,"is_daily":false,"chose_seed":false,"campfire_upgraded":6,"win_rate":0,"timestamp":1547530362,"path_taken":["M","M","M","M","M","R","E","M","T","?","$","R","M","M","R","BOSS","M","?","?","?","?","R","M","R","T","M","$","?","R","E","R","BOSS"],"build_version":"2019-01-10","purchased_purges":1,"victory":false,"max_hp_per_floor":[80,80,80,80,83,83,83,86,86,86,86,86,89,92,92,92,92,92,92,92,92,95,95,95,95,95,95,102,102,102,105,105,105],"card_choices":[{"not_picked":["Blood for Blood","Dual Wield"],"picked":"Twin Strike","floor":1.0},{"not_picked":["Inflame","Burning Pact"],"picked":"Clothesline","floor":2.0},{"not_picked":["Wild Strike","Clothesline","Body Slam"],"picked":"SKIP","floor":3.0},{"not_picked":["Infernal Blade","Flex"],"picked":"Feed","floor":4.0},{"not_picked":["Twin Strike","Clash","Evolve"],"picked":"SKIP","floor":5.0},{"not_picked":["Iron Wave","Headbutt"],"picked":"Searing Blow","floor":7.0},{"not_picked":["Pommel Strike","Warcry","Bloodletting"],"picked":"SKIP","floor":8.0},{"not_picked":["Anger","Cleave","Reckless Charge"],"picked":"SKIP","floor":13.0},{"not_picked":["Cleave","Perfected Strike"],"picked":"Metallicize","floor":14.0},{"not_picked":["Dark Embrace","Exhume"],"picked":"Juggernaut","floor":16},{"not_picked":["Headbutt","Dual Wield","True Grit"],"picked":"SKIP","floor":18},{"not_picked":["Disarm","Havoc"],"picked":"Perfected Strike","floor":22},{"not_picked":["Burning Pact","Infernal Blade"],"picked":"Shrug It Off","floor":24},{"not_picked":["Bloodletting","Reckless Charge"],"picked":"Rampage+1","floor":27},{"not_picked":["Clash","Wild Strike"],"picked":"Disarm","floor":31}],"player_experience":599676,"relics_obtained":[{"floor":7.0,"key":"Gambling Chip"},{"floor":9.0,"key":"Kunai"},{"floor":26,"key":"Bottled Flame"},{"floor":31,"key":"Prayer Wheel"}],"event_choices":[{"damage_healed":0.0,"max_hp_gain":0.0,"max_hp_loss":0.0,"gold_gain":0.0,"event_name":"Dead Adventurer","player_choice":"Searched \u00271\u0027 times","floor":10.0,"gold_loss":0.0,"damage_taken":0.0,"relics_obtained":["Art of War"]},{"damage_healed":0,"gold_gain":100,"player_choice":"Pray","damage_taken":0,"max_hp_gain":0,"max_hp_loss":0,"event_name":"Golden Shrine","floor":19,"gold_loss":0},{"damage_healed":30,"gold_gain":0,"player_choice":"Heal","damage_taken":0,"max_hp_gain":0,"max_hp_loss":0,"event_name":"The Library","floor":21,"gold_loss":0},{"damage_healed":0,"gold_gain":0,"player_choice":"Paid Fearfully","damage_taken":0,"max_hp_gain":0,"max_hp_loss":0,"event_name":"Masked Bandits","floor":29,"gold_loss":14}],"is_beta":true,"boss_relics":[{"not_picked":["Ectoplasm","Snecko Eye","Fusion Hammer"]}],"items_purged_floors":[20],"is_endless":false,"potions_floor_spawned":[2,3,4,8,14,18,27,31],"killed_by":"Collector","ascension_level":6}