{"gold_per_floor":[117,117,134,61,236,236,270,270,295,306,84,100,100,118,118,248,248,273,273,372,372,372],"floor_reached":22,"playtime":1351,"items_purged":["Doubt"],"score":217,"play_id":"241cf83e-e399-4493-8576-589a07e3c106","local_time":"20180710220911","is_ascension_mode":true,"campfire_choices":[{"data":"Zap","floor":6,"key":"SMITH"},{"data":"Doom and Gloom","floor":8,"key":"SMITH"},{"floor":15,"key":"REST"}],"neow_cost":"","seed_source_timestamp":38896767857005,"circlet_count":0,"master_deck":["Strike_B","Strike_B","Strike_B","Defend_B","Defend_B","Defend_B","Defend_B","Zap+1","Dualcast","Glacier","Self Repair","Self Repair","Doom and Gloom+1","Coolheaded","Self Repair","Darkness","Steam","Coolheaded","Gash","Machine Learning","Capacitor"],"relics":["Cracked Core","Pantograph","Dream Catcher","Golden Idol","Velvet Choker","Nilry\u0027s Codex"],"potions_floor_usage":[3,7,7,7,16],"damage_taken":[{"damage":0,"enemies":"Small Slimes","floor":1,"turns":3},{"damage":0,"enemies":"Cultist","floor":3,"turns":4},{"damage":0,"enemies":"Gremlin Nob","floor":7,"turns":3},{"damage":0,"enemies":"Jaw Worm","floor":10,"turns":3},{"damage":19,"enemies":"Blue Slaver","floor":12,"turns":3},{"damage":9,"enemies":"Exordium Wildlife","floor":14,"turns":3},{"damage":28,"enemies":"Slime Boss","floor":16,"turns":11},{"damage":11,"enemies":"Chosen","floor":18,"turns":6},{"damage":60,"floor":22,"turns":3}],"seed_played":"356487977104514356","potions_obtained":[{"floor":2,"key":"SteroidPotion"},{"floor":2,"key":"PowerPotion"},{"floor":2,"key":"FearPotion"},{"floor":3,"key":"AttackPotion"},{"floor":10,"key":"Weak Potion"}],"is_trial":false,"path_per_floor":["M","?","M","$","?","R","E","R","T","M","$","M","?","M","R","B",null,"M","?","?","?"],"character_chosen":"DEFECT","items_purchased":["Self Repair","Self Repair","Darkness"],"campfire_rested":1,"item_purchase_floors":[4,11,11],"current_hp_per_floor":[75,75,75,75,75,75,75,75,75,75,75,63,45,43,65,68,75,75,59,59,59,0],"gold":372,"neow_bonus":"","is_prod":false,"is_daily":false,"chose_seed":false,"campfire_upgraded":2,"win_rate":0,"timestamp":1531226351,"path_taken":["M","?","M","$","?","R","E","R","T","?","$","M","?","M","R","BOSS","M","?","?","?","?"],"build_version":"2018-07-05","purchased_purges":1,"victory":false,"max_hp_per_floor":[75,75,75,75,75,75,75,75,75,75,75,75,75,75,75,75,75,75,75,75,75,75],"card_choices":[{"not_picked":["Streamline","Rip and Tear"],"picked":"Glacier","floor":1},{"not_picked":["Leap","Coolheaded"],"picked":"Self Repair","floor":3},{"not_picked":["Hologram","Conserve Battery"],"picked":"Doom and Gloom","floor":7},{"not_picked":["Steam","Beam Cell"],"picked":"Coolheaded","floor":10},{"not_picked":["Core Surge","Sweeping Beam"],"picked":"Steam","floor":12},{"not_picked":["FTL","Chaos"],"picked":"Coolheaded","floor":14},{"not_picked":["Steam Power","Melter"],"picked":"Gash","floor":15},{"not_picked":["Fission","Reboot"],"picked":"Machine Learning","floor":16},{"not_picked":["Hello World+1","Steam"],"picked":"Capacitor","floor":18}],"player_experience":72200,"relics_obtained":[{"floor":7,"key":"Pantograph"},{"floor":9,"key":"Dream Catcher"},{"floor":19,"key":"Nilry\u0027s Codex"}],"event_choices":[{"event_name":"The Lab","player_choice":"Got Potions","floor":2,"damage_taken":0},{"event_name":"Liars Game","player_choice":"agreed","floor":5,"damage_taken":0},{"event_name":"Golden Idol","player_choice":"Take Damage","floor":13,"damage_taken":0},{"event_name":"Cursed Tome","player_choice":"Obtained Book","floor":19,"damage_taken":0},{"event_name":"Nest","player_choice":"Stole From Cult","floor":20,"damage_taken":0},{"event_name":"Purifier","player_choice":"One Purge","floor":21,"damage_taken":0},{"event_name":"Masked Bandits","player_choice":"Fought over 372 gold","floor":22,"damage_taken":0}],"boss_relics":[{"not_picked":["Busted Crown","White Beast Statue"],"picked":"Velvet Choker"}],"items_purged_floors":[11],"is_endless":false,"potions_floor_spawned":[3,10],"ascension_level":1}