{"gold_per_floor":[113,129,204,204,215,215,226,78,78,78,78,98,115,148,148,252,252,263,263,291,259,358,358,375,394,394,394,394,66,66,79,79,183,183,193,415,435,435,232,232,261,261,261,288,288,298,309,309,309,309,309,309,78,110,110],"floor_reached":55,"playtime":5397,"items_purged":["Strike_G","Strike_G+1"],"score":866,"play_id":"653fcbdd-2197-4abb-8eb9-7448c5b4ce3a","local_time":"20190212125552","is_ascension_mode":true,"campfire_choices":[{"data":"Infinite Blades","floor":6,"key":"SMITH"},{"data":"Neutralize","floor":10,"key":"SMITH"},{"data":"Cloak And Dagger","floor":15,"key":"SMITH"},{"floor":23,"key":"REST"},{"floor":32,"key":"REST"},{"floor":40,"key":"RECALL"},{"data":"Cloak And Dagger","floor":45,"key":"SMITH"}],"neow_cost":"NONE","seed_source_timestamp":89104530336600,"circlet_count":0,"master_deck":["Defend_G+1","Defend_G+1","Defend_G+1","Defend_G+1","Defend_G+1","Strike_G+1","Strike_G+1","Strike_G+1","Survivor+1","Neutralize+1","Infinite Blades+1","Slice+1","Well Laid Plans+1","Cloak And Dagger+1","Cloak And Dagger+1","Accuracy+1","Metamorphosis+1","Cloak And Dagger+1","After Image+1","Cloak And Dagger+1"],"relics":["Ring of the Serpent","Juzu Bracelet","Paper Crane","Kunai","MutagenicStrength","Red Mask","Omamori","Coffee Dripper","Mark of the Bloom","Sundial","Lantern","Bronze Scales","Bag of Preparation"],"potions_floor_usage":[20,27,33,39,41,41,46,50,54,54,55],"damage_taken":[{"damage":0,"enemies":"Small Slimes","floor":1,"turns":4},{"damage":0,"enemies":"2 Louse","floor":2,"turns":2},{"damage":2,"enemies":"Cultist","floor":5,"turns":4},{"damage":8,"enemies":"Large Slime","floor":7,"turns":8},{"damage":1,"enemies":"Looter","floor":12,"turns":3},{"damage":2,"enemies":"Red Slaver","floor":13,"turns":4},{"damage":24,"enemies":"Gremlin Nob","floor":14,"turns":5},{"damage":4,"enemies":"The Guardian","floor":16,"turns":15},{"damage":3,"enemies":"3 Byrds","floor":18,"turns":7},{"damage":46,"enemies":"Masked Bandits","floor":20,"turns":8},{"damage":2,"enemies":"2 Thieves","floor":21,"turns":5},{"damage":9,"enemies":"Snecko","floor":24,"turns":9},{"damage":6,"enemies":"Shelled Parasite and Fungi","floor":25,"turns":10},{"damage":0,"enemies":"Cultist and Chosen","floor":27,"turns":1},{"damage":0,"enemies":"Centurion and Healer","floor":31,"turns":8},{"damage":0,"enemies":"Champ","floor":33,"turns":12},{"damage":1,"enemies":"Orb Walker","floor":35,"turns":5},{"damage":12,"enemies":"3 Shapes","floor":37,"turns":7},{"damage":0,"enemies":"Giant Head","floor":41,"turns":9},{"damage":0,"enemies":"Nemesis","floor":44,"turns":9},{"damage":18,"enemies":"Writhing Mass","floor":46,"turns":4},{"damage":4,"enemies":"4 Shapes","floor":47,"turns":6},{"damage":2,"enemies":"Time Eater","floor":50,"turns":16},{"damage":10,"enemies":"Shield and Spear","floor":54,"turns":8},{"damage":34,"enemies":"The Heart","floor":55,"turns":2}],"seed_played":"-6462767955191349197","potions_obtained":[{"floor":1,"key":"SmokeBomb"},{"floor":13,"key":"Fruit Juice"},{"floor":16,"key":"Energy Potion"},{"floor":20,"key":"EssenceOfSteel"},{"floor":31,"key":"SteroidPotion"},{"floor":37,"key":"Block Potion"},{"floor":44,"key":"SkillPotion"},{"floor":47,"key":"LiquidBronze"},{"floor":54,"key":"Ancient Potion"}],"is_trial":false,"path_per_floor":["M","M","?","?","M","R","M","$","T","R","?","M","M","E","R","B",null,"M","?","?","M","?","R","M","M","T","M","?","$","?","M","R","B",null,"M","?","M","?","$","R","E","R","T","E","R","M","M","?","R","B",null,"R","$","E","B"],"character_chosen":"THE_SILENT","items_purchased":["Juzu Bracelet","Accuracy","Metamorphosis","Energy Potion","PowerPotion","LiquidBronze","Bronze Scales"],"campfire_rested":2,"item_purchase_floors":[8,29,29,39,39,53,53],"current_hp_per_floor":[70,70,59,59,57,57,49,49,49,49,49,48,46,22,22,18,70,67,67,21,19,19,40,31,25,25,25,18,18,18,18,39,39,70,69,69,57,57,57,57,57,57,57,57,57,39,35,35,35,33,33,33,33,23,0],"gold":110,"neow_bonus":"THREE_CARDS","is_prod":false,"is_daily":false,"chose_seed":false,"campfire_upgraded":4,"win_rate":0,"timestamp":1550004952,"path_taken":["M","M","?","?","M","R","M","$","T","R","?","M","M","E","R","BOSS","M","?","?","M","?","R","M","M","T","M","?","$","?","M","R","BOSS","M","?","M","?","?","R","E","R","T","E","R","M","M","?","R","BOSS","R","$","E","BOSS"],"build_version":"2019-01-23","purchased_purges":2,"victory":false,"max_hp_per_floor":[70,70,70,70,70,70,70,70,70,70,70,70,70,70,70,70,70,70,70,70,70,70,70,70,70,70,70,70,70,70,70,70,70,70,70,70,70,70,75,75,75,75,75,75,75,75,75,71,71,71,71,71,71,71,71],"card_choices":[{"not_picked":["PiercingWail","Slice"],"picked":"Infinite Blades","floor":0},{"not_picked":["Caltrops","Dagger Spray"],"picked":"Slice","floor":1},{"not_picked":["Concentrate","Endless Agony","Heel Hook"],"picked":"SKIP","floor":2},{"not_picked":["Deadly Poison","Flying Knee","Slice"],"picked":"SKIP","floor":5},{"not_picked":["Masterful Stab","Quick Slash"],"picked":"Well Laid Plans","floor":7},{"not_picked":["Reflex","Flechettes","Tactician"],"picked":"SKIP","floor":12},{"not_picked":["Reflex","Flechettes","Tactician"],"picked":"SKIP","floor":12},{"not_picked":["Catalyst","Bane"],"picked":"Cloak And Dagger","floor":13},{"not_picked":["Backflip","Sucker Punch","Flechettes"],"picked":"SKIP","floor":14},{"not_picked":["Concentrate+1","Crippling Poison","Dodge and Roll"],"picked":"SKIP","floor":18},{"not_picked":["Flying Knee","Dodge and Roll","Underhanded Strike"],"picked":"SKIP","floor":21},{"not_picked":["Infinite Blades+1","Tactician","Bane"],"picked":"SKIP","floor":24},{"not_picked":["All Out Attack","Malaise"],"picked":"Cloak And Dagger","floor":25},{"not_picked":["Expertise","PiercingWail+1"],"picked":"Cloak And Dagger+1","floor":31},{"not_picked":["Phantasmal Killer","Malaise"],"picked":"After Image","floor":33},{"not_picked":["Sucker Punch","Flying Knee+1","Deflect"],"picked":"SKIP","floor":35},{"not_picked":["Bane","Prepared","Dagger Spray+1"],"picked":"SKIP","floor":37},{"not_picked":["Dash+1","Riddle With Holes","Grand Finale"],"picked":"SKIP","floor":41},{"not_picked":["Well Laid Plans+1","Poisoned Stab"],"picked":"Cloak And Dagger","floor":44},{"not_picked":["Reflex","Infinite Blades+1","Cloak And Dagger+1"],"picked":"SKIP","floor":46},{"not_picked":["Concentrate","Riddle With Holes","Slice+1"],"picked":"SKIP","floor":47},{"not_picked":["Catalyst","Dash+1","Blade Dance+1"],"picked":"SKIP","floor":54}],"player_experience":213138,"relics_obtained":[{"floor":9,"key":"Paper Crane"},{"floor":14,"key":"Kunai"},{"floor":20,"key":"Red Mask"},{"floor":26,"key":"Omamori"},{"floor":41,"key":"Sundial"},{"floor":44,"key":"Lantern"},{"floor":54,"key":"Bag of Preparation"}],"event_choices":[{"damage_healed":0,"gold_gain":75,"player_choice":"Gather Gold","damage_taken":11,"max_hp_gain":0,"max_hp_loss":0,"event_name":"World of Goop","floor":3,"gold_loss":0},{"damage_healed":0,"gold_gain":0,"player_choice":"0 cards matched","damage_taken":0,"max_hp_gain":0,"max_hp_loss":0,"event_name":"Match and Keep!","floor":4,"gold_loss":0,"cards_obtained":[]},{"damage_healed":0,"gold_gain":0,"player_choice":"Fled","damage_taken":0,"max_hp_gain":0,"max_hp_loss":0,"event_name":"Scrap Ooze","floor":11,"gold_loss":0},{"damage_healed":0,"gold_gain":0,"player_choice":"Inject Mutagens","damage_taken":0,"relics_obtained":["MutagenicStrength"],"max_hp_gain":0,"max_hp_loss":0,"event_name":"Drug Dealer","floor":19,"gold_loss":0},{"damage_healed":0,"gold_gain":0,"player_choice":"Fought Bandits","damage_taken":0,"max_hp_gain":0,"max_hp_loss":0,"event_name":"Masked Bandits","floor":20,"gold_loss":0},{"damage_healed":0,"gold_gain":99,"player_choice":"Stole From Cult","damage_taken":0,"max_hp_gain":0,"max_hp_loss":0,"event_name":"Nest","floor":22,"gold_loss":0},{"damage_healed":0,"gold_gain":0,"player_choice":"Damaged","damage_taken":7,"max_hp_gain":0,"max_hp_loss":0,"event_name":"Wheel of Change","floor":28,"gold_loss":0},{"damage_healed":0,"gold_gain":222,"player_choice":"Wore Mask","damage_taken":0,"max_hp_gain":0,"max_hp_loss":0,"event_name":"Tomb of Lord Red Mask","floor":36,"gold_loss":0},{"damage_healed":0,"gold_gain":0,"player_choice":"Upgrade","damage_taken":0,"relics_obtained":["Mark of the Bloom"],"max_hp_gain":0,"max_hp_loss":0,"event_name":"MindBloom","floor":38,"gold_loss":0,"cards_upgraded":["Defend_G","Defend_G","Defend_G","Defend_G","Defend_G","Strike_G","Strike_G","Strike_G","Strike_G","Survivor","Slice","Well Laid Plans","Cloak And Dagger","Accuracy","Metamorphosis","After Image"]},{"damage_healed":0,"gold_gain":0,"player_choice":"Max HP","damage_taken":0,"max_hp_gain":0,"max_hp_loss":4,"event_name":"Winding Halls","floor":48,"gold_loss":0}],"is_beta":false,"boss_relics":[{"not_picked":["Black Star","Runic Dome"],"picked":"Ring of the Serpent"},{"not_picked":["HoveringKite","Astrolabe"],"picked":"Coffee Dripper"}],"items_purged_floors":[29,39],"is_endless":false,"potions_floor_spawned":[1,13,16,20,21,25,27,31,37,44,47,54],"killed_by":"The Heart","ascension_level":1}