{"gold_per_floor":[109,109,184,184,197,197,214,214,214,229,199,214,241,256,256,256],"floor_reached":16,"playtime":1445,"items_purged":[],"score":153,"play_id":"a555b9df-40de-4857-9431-6429af711a2b","local_time":"20180629124719","is_ascension_mode":true,"campfire_choices":[{"data":"Fire Breathing","floor":6.0,"key":"SMITH"},{"floor":8.0,"key":"REST"},{"floor":15.0,"key":"REST"}],"neow_cost":"","seed_source_timestamp":0,"circlet_count":0,"master_deck":["Strike_R","Strike_R","Strike_R","Strike_R","Defend_R","Defend_R","Defend_R","Defend_R","Bash","AscendersBane","Brutality","Shrug It Off","Fire Breathing+1","Iron Wave","Pummel","Flame Barrier","Iron Wave","Battle Trance","Armaments"],"special_seed":0,"relics":["Burning Blood","Art of War","Bottled Flame","Boot"],"potions_floor_usage":[],"damage_taken":[{"damage":11.0,"enemies":"Jaw Worm","floor":1.0,"turns":4.0},{"damage":10.0,"enemies":"Small Slimes","floor":5.0,"turns":4.0},{"damage":10.0,"enemies":"2 Louse","floor":7.0,"turns":3.0},{"damage":7.0,"enemies":"Large Slime","floor":10.0,"turns":6.0},{"damage":5.0,"enemies":"Looter","floor":11.0,"turns":4.0},{"damage":1.0,"enemies":"Blue Slaver","floor":12.0,"turns":5.0},{"damage":21.0,"enemies":"3 Sentries","floor":13.0,"turns":8.0},{"damage":20.0,"enemies":"Exordium Thugs","floor":14.0,"turns":4.0},{"damage":60,"enemies":"The Guardian","floor":16,"turns":8}],"seed_played":"7718428741474545364","potions_obtained":[{"floor":1.0,"key":"PowerPotion"},{"floor":5.0,"key":"BloodPotion"},{"floor":10.0,"key":"Weak Potion"}],"is_trial":false,"path_per_floor":["M","?","?","?","M","R","M","R","T","M","M","M","E","M","R"],"character_chosen":"IRONCLAD","items_purchased":[],"campfire_rested":2,"item_purchase_floors":[],"current_hp_per_floor":[67,67,56,44,40,40,36,60,60,59,60,65,50,36,60,0],"gold":256,"neow_bonus":"","is_prod":false,"is_daily":false,"chose_seed":false,"campfire_upgraded":1,"win_rate":0,"timestamp":1530269239,"path_taken":["M","?","?","?","M","R","M","R","T","M","M","?","E","M","R","BOSS"],"build_version":"2018-06-28","purchased_purges":0,"victory":false,"max_hp_per_floor":[80,80,80,80,80,80,80,80,80,80,80,80,80,80,80,80],"card_choices":[{"not_picked":["Entrench","Anger"],"picked":"Shrug It Off","floor":1.0},{"not_picked":["Power Through","Body Slam"],"picked":"Iron Wave","floor":5.0},{"not_picked":["Anger","Flex"],"picked":"Pummel","floor":7.0},{"not_picked":["Intimidate","Pommel Strike"],"picked":"Flame Barrier","floor":10.0},{"not_picked":["Infernal Blade","Bloodletting","Cleave"],"picked":"SKIP","floor":11.0},{"not_picked":["Perfected Strike","Havoc"],"picked":"Iron Wave","floor":12.0},{"not_picked":["Pommel Strike","Dark Embrace"],"picked":"Battle Trance","floor":13.0},{"not_picked":["Twin Strike","Havoc"],"picked":"Armaments","floor":14.0}],"player_experience":225085,"relics_obtained":[{"floor":9.0,"key":"Bottled Flame"},{"floor":13.0,"key":"Boot"}],"event_choices":[{"event_name":"Living Wall","player_choice":"Change","floor":2.0,"damage_taken":0.0},{"event_name":"World of Goop","player_choice":"Gather Gold","floor":3.0,"damage_taken":0.0},{"event_name":"Scrap Ooze","player_choice":"success","floor":4.0,"damage_taken":12.0}],"boss_relics":[],"items_purged_floors":[],"is_endless":false,"potions_floor_spawned":[1,5,10],"killed_by":"The Guardian","ascension_level":10}