{"gold_per_floor":[117,44,57,57,57,97,97,22,22,53,66,66,99,113,113,244,244,262,6,19,19,19,19,19],"floor_reached":24,"playtime":973,"items_purged":["Strike_B","Strike_B"],"score":238,"play_id":"38cc7ce9-48f0-44dd-95a2-de3b8cc006e4","local_time":"20190210213636","is_ascension_mode":true,"campfire_choices":[{"data":"Coolheaded","floor":7.0,"key":"SMITH"},{"floor":12.0,"key":"REST"},{"floor":15.0,"key":"REST"},{"data":"1","floor":23,"key":"LIFT"}],"neow_cost":"NONE","seed_source_timestamp":0,"circlet_count":0,"master_deck":["Strike_B","Strike_B","Defend_B","Defend_B","Defend_B","Defend_B","Zap","Dualcast","Cold Snap","Conserve Battery","Coolheaded+1","Turbo","Sweeping Beam","Conserve Battery","Cold Snap","Conserve Battery","Electrodynamics","Recycle"],"special_seed":0,"relics":["Cracked Core","NeowsBlessing","Golden Idol","Dream Catcher","Girya","Turnip","Happy Flower","Odd Mushroom","Fusion Hammer","Orichalcum","MutagenicStrength"],"potions_floor_usage":[24],"damage_taken":[{"damage":0.0,"enemies":"Small Slimes","floor":1.0,"turns":1.0},{"damage":0.0,"enemies":"Jaw Worm","floor":3.0,"turns":1.0},{"damage":0.0,"enemies":"3 Sentries","floor":6.0,"turns":1.0},{"damage":45.0,"enemies":"Gremlin Nob","floor":10.0,"turns":5.0},{"damage":0.0,"enemies":"2 Louse","floor":11.0,"turns":3.0},{"damage":14.0,"enemies":"The Mushroom Lair","floor":13.0,"turns":5.0},{"damage":0.0,"enemies":"Exordium Wildlife","floor":14.0,"turns":5.0},{"damage":38.0,"enemies":"The Guardian","floor":16.0,"turns":20.0},{"damage":5,"enemies":"2 Thieves","floor":18,"turns":4},{"damage":8,"enemies":"Spheric Guardian","floor":20,"turns":4},{"damage":63,"enemies":"Gremlin Leader","floor":24,"turns":10}],"seed_played":"2582968126888949191","potions_obtained":[{"floor":3.0,"key":"Strength Potion"},{"floor":6.0,"key":"AttackPotion"},{"floor":13.0,"key":"Regen Potion"},{"floor":18,"key":"Dexterity Potion"}],"is_trial":false,"path_per_floor":["M","$","M","?","?","E","R","$","T","E","M","R","?","M","R","B",null,"M","$","M","?","?","R","E"],"character_chosen":"DEFECT","items_purchased":["Conserve Battery","Coolheaded","Orichalcum"],"campfire_rested":2,"item_purchase_floors":[2,2,19],"current_hp_per_floor":[75,75,75,69,62,62,62,62,62,17,17,37,23,23,43,5,69,64,64,56,56,47,47,0],"gold":19,"neow_bonus":"THREE_ENEMY_KILL","is_prod":false,"is_daily":false,"chose_seed":false,"campfire_upgraded":1,"win_rate":0,"timestamp":1549830996,"path_taken":["M","$","M","?","?","E","R","?","T","E","M","R","?","?","R","BOSS","M","$","M","?","?","R","E"],"build_version":"2019-01-23","purchased_purges":2,"victory":false,"max_hp_per_floor":[75,75,75,69,69,69,69,69,69,69,69,69,69,69,69,69,69,69,69,69,69,69,69,69],"card_choices":[{"not_picked":["Go for the Eyes","Gash"],"picked":"Cold Snap","floor":1.0},{"not_picked":["Redo","Turbo","Streamline"],"picked":"SKIP","floor":3.0},{"not_picked":["Redo","Streamline"],"picked":"Turbo","floor":3.0},{"not_picked":["Double Energy","Reboot"],"picked":"Sweeping Beam","floor":6.0},{"not_picked":["Redo","Go for the Eyes"],"picked":"Conserve Battery","floor":10.0},{"not_picked":["Core Surge","Darkness"],"picked":"Cold Snap","floor":11.0},{"not_picked":["Turbo","Aggregate","Barrage"],"picked":"SKIP","floor":14.0},{"not_picked":["Darkness","Redo"],"picked":"Conserve Battery","floor":15.0},{"not_picked":["Amplify","Buffer"],"picked":"Electrodynamics","floor":16.0},{"not_picked":["Redo","Fusion"],"picked":"Recycle","floor":18},{"not_picked":["Leap","Barrage","Conserve Battery"],"picked":"SKIP","floor":20}],"player_experience":46545,"relics_obtained":[{"floor":6.0,"key":"Girya"},{"floor":9.0,"key":"Turnip"},{"floor":10.0,"key":"Happy Flower"},{"floor":13.0,"key":"Odd Mushroom"}],"event_choices":[{"damage_healed":0.0,"max_hp_gain":0.0,"max_hp_loss":6.0,"gold_gain":0.0,"event_name":"Golden Idol","player_choice":"Lose Max HP","floor":4.0,"gold_loss":0.0,"damage_taken":0.0,"relics_obtained":["Golden Idol"]},{"damage_healed":0.0,"max_hp_gain":0.0,"max_hp_loss":0.0,"gold_gain":0.0,"event_name":"Scrap Ooze","player_choice":"Success","floor":5.0,"gold_loss":0.0,"damage_taken":7.0,"relics_obtained":["Dream Catcher"]},{"damage_healed":0.0,"max_hp_gain":0.0,"max_hp_loss":0.0,"gold_gain":0.0,"event_name":"Mushrooms","player_choice":"Fought Mushrooms","floor":13.0,"gold_loss":0.0,"damage_taken":0.0},{"damage_healed":0,"gold_gain":0,"player_choice":"Inject Mutagens","damage_taken":0,"relics_obtained":["MutagenicStrength"],"max_hp_gain":0,"max_hp_loss":0,"event_name":"Drug Dealer","floor":21,"gold_loss":0},{"damage_healed":0,"gold_gain":0,"player_choice":"Stopped","damage_taken":9,"max_hp_gain":0,"max_hp_loss":0,"event_name":"Cursed Tome","floor":22,"gold_loss":0}],"is_beta":false,"boss_relics":[{"not_picked":["Ectoplasm","Tiny House"],"picked":"Fusion Hammer"}],"items_purged_floors":[8,19],"is_endless":false,"potions_floor_spawned":[3,6,13,18],"killed_by":"Gremlin Leader","ascension_level":1}