{"gold_per_floor":[109,284,302,55,55,55,71,104,183,197,211,229,229,244,244,244],"floor_reached":16,"playtime":2341,"items_purged":[],"score":104,"play_id":"5c53cd2e-ec2a-474e-9a60-8cb82cf61649","local_time":"20190103002425","is_ascension_mode":false,"campfire_choices":[{"data":"Double Tap","floor":6,"key":"SMITH"},{"data":"Anger","floor":13,"key":"SMITH"},{"floor":15,"key":"REST"}],"neow_cost":"","seed_source_timestamp":1082775592522135,"circlet_count":0,"master_deck":["Strike_R","Strike_R","Strike_R","Strike_R","Strike_R","Defend_R","Defend_R","Defend_R","Defend_R","Bash","Anger+1","Doubt","Twin Strike","Double Tap+1","Thunderclap","Headbutt","Reaper","Whirlwind","Cleave","Iron Wave","Warcry"],"relics":["Burning Blood","Ancient Tea Set","Dodecahedron"],"potions_floor_usage":[8,12,16],"damage_taken":[{"damage":11,"enemies":"Jaw Worm","floor":1,"turns":5},{"damage":3,"enemies":"2 Louse","floor":3,"turns":3},{"damage":10,"enemies":"Small Slimes","floor":7,"turns":2},{"damage":11,"enemies":"Gremlin Nob","floor":8,"turns":3},{"damage":10,"enemies":"3 Louse","floor":10,"turns":3},{"damage":16,"enemies":"Blue Slaver","floor":11,"turns":5},{"damage":17,"enemies":"Large Slime","floor":12,"turns":5},{"damage":15,"enemies":"Looter","floor":14,"turns":3},{"damage":62,"enemies":"The Guardian","floor":16,"turns":11}],"seed_played":"8218004585438866174","potions_obtained":[{"floor":1,"key":"Swift Potion"},{"floor":3,"key":"EssenceOfSteel"},{"floor":7,"key":"AttackPotion"}],"is_trial":false,"path_per_floor":["M","?","M","$","?","R","M","E","T","M","M","M","R","M","R","B"],"character_chosen":"IRONCLAD","items_purchased":["Double Tap","Ancient Potion","Explosive Potion","Thunderclap"],"campfire_rested":1,"item_purchase_floors":[4,4,4,4],"current_hp_per_floor":[75,75,78,78,78,78,74,69,69,65,55,44,44,35,59,0],"gold":244,"neow_bonus":"","is_prod":false,"is_daily":false,"chose_seed":false,"campfire_upgraded":2,"win_rate":0.0,"timestamp":1546503865,"path_taken":["M","?","M","$","?","R","M","E","T","?","M","M","R","M","R","BOSS"],"build_version":"2018-12-20","purchased_purges":0,"victory":false,"max_hp_per_floor":[80,80,80,80,80,80,80,80,80,80,80,80,80,80,80,80],"card_choices":[{"not_picked":["Sword Boomerang","Feel No Pain"],"picked":"Anger","floor":1},{"not_picked":["Armaments","True Grit"],"picked":"Twin Strike","floor":3},{"not_picked":["Shrug It Off","Searing Blow"],"picked":"Headbutt","floor":7},{"not_picked":["Armaments","Searing Blow"],"picked":"Reaper","floor":8},{"not_picked":["Rupture","Sever Soul"],"picked":"Whirlwind","floor":10},{"not_picked":["Uppercut","Clash"],"picked":"Cleave","floor":11},{"not_picked":["Searing Blow","Ghostly Armor"],"picked":"Iron Wave","floor":12},{"not_picked":["Sword Boomerang","Entrench"],"picked":"Warcry","floor":14}],"player_experience":0,"relics_obtained":[{"floor":8,"key":"Ancient Tea Set"},{"floor":9,"key":"Dodecahedron"}],"event_choices":[{"damage_healed":0,"gold_gain":175,"player_choice":"AGREE","damage_taken":0,"max_hp_gain":0,"max_hp_loss":0,"event_name":"Liars Game","floor":2,"gold_loss":0,"cards_obtained":["Doubt"]},{"damage_healed":0,"gold_gain":0,"player_choice":"Ignored","damage_taken":0,"max_hp_gain":0,"max_hp_loss":0,"event_name":"Golden Wing","floor":5,"gold_loss":0}],"is_beta":false,"boss_relics":[],"items_purged_floors":[],"is_endless":false,"potions_floor_spawned":[1,3,7],"killed_by":"The Guardian","ascension_level":0}