{"gold_per_floor":[114,18,18,33,48,48,78,78,78,93,108,108,36,66,66,166,166,181,196,196,211,91,91,121,121,146,188,215,242,269,296,308,420,432,459,216,216,216,231,261,291,306,306,306,336,336,366,381,381,381],"floor_reached":51,"playtime":2682,"items_purged":["Strike_G"],"score":1267,"play_id":"2e67d8a2-ca4c-4f46-8880-9e055ff72ff8","local_time":"20190211121243","daily_mods":["Specialized","Vintage","Terminal"],"is_ascension_mode":false,"campfire_choices":[{"data":"Crippling Poison","floor":6.0,"key":"SMITH"},{"data":"Crippling Poison","floor":8.0,"key":"SMITH"},{"floor":15.0,"key":"DIG"},{"data":"Catalyst","floor":23.0,"key":"SMITH"},{"floor":25.0,"key":"DIG"},{"floor":32.0,"key":"DIG"},{"floor":44,"key":"DIG"},{"floor":46,"key":"DIG"},{"floor":49,"key":"DIG"}],"neow_cost":"","seed_source_timestamp":0,"circlet_count":0,"master_deck":["Defend_G","Defend_G","Defend_G","Defend_G+1","Strike_G","Strike_G","Strike_G+1","Survivor","Neutralize","Crippling Poison+1","Crippling Poison+1","Crippling Poison","Crippling Poison","Crippling Poison","Quick Slash","Cloak And Dagger","Catalyst+1","Envenom","Bullet Time","Backstab","Noxious Fumes","Acrobatics","Blade Dance+1","Night Terror","Well Laid Plans","Infinite Blades","Footwork","Footwork","Backflip+1","Acrobatics","Leg Sweep","PiercingWail+1"],"special_seed":17938,"relics":["Ring of the Snake","Tingsha","Mummified Hand","Shuriken","Torii","Meat on the Bone","WingedGreaves","Shovel","Snake Skull","Question Card","White Beast Statue","Letter Opener","Smiling Mask","Juzu Bracelet","Bag of Preparation","Bottled Tornado","MawBank","Orichalcum","Potion Belt","Happy Flower","Matryoshka","Blue Candle","The Courier","Snecko Eye","Molten Egg 2","Omamori","Pen Nib","Oddly Smooth Stone","Mercury Hourglass","Regal Pillow","Ginger","Dream Catcher","Bag of Marbles","Frozen Egg 2","Dodecahedron","Singing Bowl","Bronze Scales"],"potions_floor_usage":[41,50,50,50,50],"damage_taken":[{"damage":1.0,"enemies":"Cultist","floor":1.0,"turns":4.0},{"damage":0.0,"enemies":"Jaw Worm","floor":4.0,"turns":4.0},{"damage":0.0,"enemies":"2 Louse","floor":5.0,"turns":2.0},{"damage":0.0,"enemies":"Lagavulin","floor":7.0,"turns":8.0},{"damage":0.0,"enemies":"Large Slime","floor":10.0,"turns":6.0},{"damage":1.0,"enemies":"Gremlin Gang","floor":11.0,"turns":3.0},{"damage":1.0,"enemies":"3 Sentries","floor":14.0,"turns":7.0},{"damage":0.0,"enemies":"The Guardian","floor":16.0,"turns":8.0},{"damage":0.0,"enemies":"3 Byrds","floor":18.0,"turns":3.0},{"damage":1.0,"enemies":"2 Thieves","floor":19.0,"turns":3.0},{"damage":0.0,"enemies":"Centurion and Healer","floor":21.0,"turns":6.0},{"damage":0.0,"enemies":"Gremlin Leader","floor":24.0,"turns":3.0},{"damage":0.0,"enemies":"Book of Stabbing","floor":27.0,"turns":4.0},{"damage":0.0,"enemies":"3 Cultists","floor":28.0,"turns":3.0},{"damage":0.0,"enemies":"Chosen and Byrds","floor":29.0,"turns":4.0},{"damage":0.0,"enemies":"Sentry and Sphere","floor":30.0,"turns":3.0},{"damage":1.0,"enemies":"Snake Plant","floor":31.0,"turns":4.0},{"damage":0.0,"enemies":"Collector","floor":33.0,"turns":5.0},{"damage":1.0,"enemies":"3 Darklings","floor":35.0,"turns":3.0},{"damage":0,"enemies":"Orb Walker","floor":39,"turns":2},{"damage":16,"enemies":"Nemesis","floor":40,"turns":5},{"damage":0,"enemies":"Reptomancer","floor":41,"turns":3},{"damage":0,"enemies":"Sphere and 2 Shapes","floor":42,"turns":3},{"damage":0,"enemies":"Nemesis","floor":45,"turns":5},{"damage":0,"enemies":"Giant Head","floor":47,"turns":5},{"damage":0,"enemies":"Maw","floor":48,"turns":3},{"damage":0,"enemies":"Donu and Deca","floor":50,"turns":3}],"seed_played":"6339212738474030288","potions_obtained":[{"floor":3.0,"key":"Fire Potion"},{"floor":3.0,"key":"Swift Potion"},{"floor":7.0,"key":"PowerPotion"},{"floor":16.0,"key":"Energy Potion"},{"floor":18.0,"key":"SpeedPotion"},{"floor":19.0,"key":"GamblersBrew"},{"floor":27.0,"key":"FearPotion"},{"floor":28.0,"key":"Regen Potion"},{"floor":29.0,"key":"Explosive Potion"},{"floor":30.0,"key":"Strength Potion"},{"floor":31.0,"key":"SpeedPotion"},{"floor":33.0,"key":"SneckoOil"},{"floor":35.0,"key":"LiquidBronze"},{"floor":39,"key":"Dexterity Potion"},{"floor":40,"key":"EssenceOfSteel"},{"floor":41,"key":"SpeedPotion"},{"floor":42,"key":"EssenceOfSteel"},{"floor":45,"key":"PowerPotion"}],"is_trial":false,"path_per_floor":["M","$","?","M","M","R","E","R","T","M","M","?","$","E","R","B",null,"M","M","?","M","$","R","E","R","T","E","M","M","M","M","R","B",null,"M","$","?","?","M","E","E","M","T","R","E","R","E","M","R","B",null],"character_chosen":"THE_SILENT","items_purchased":["Fire Potion","Quick Slash","Catalyst","Noxious Fumes","Well Laid Plans","Infinite Blades","Footwork","Footwork"],"campfire_rested":0,"item_purchase_floors":[2,2,13,22,36,36,36,36],"current_hp_per_floor":[68,67,66,65,64,63,62,61,60,59,58,46,46,45,45,45,52,51,50,49,48,47,46,45,44,43,42,41,40,39,38,37,36,35,34,33,32,29,28,24,24,24,24,23,22,21,20,19,18,17],"gold":381,"neow_bonus":"","is_prod":false,"is_daily":true,"chose_seed":false,"campfire_upgraded":3,"win_rate":0,"timestamp":1549883563,"path_taken":["M","?","?","?","M","R","E","R","T","M","M","?","$","E","R","BOSS","M","M","?","M","$","R","E","R","T","E","M","M","M","M","R","BOSS","M","$","?","?","M","E","E","M","T","R","E","R","E","M","R","BOSS"],"build_version":"2019-01-23","purchased_purges":1,"victory":true,"max_hp_per_floor":[68,67,66,65,64,63,62,61,60,59,58,57,56,55,54,53,52,51,50,49,48,47,46,45,44,43,42,41,40,39,38,37,36,35,34,33,32,29,28,27,26,25,24,23,22,21,20,19,18,17],"card_choices":[{"not_picked":["Bane","Poisoned Stab"],"picked":"Cloak And Dagger","floor":7.0},{"not_picked":["Quick Slash","Finisher","Underhanded Strike"],"picked":"SKIP","floor":14.0},{"not_picked":["Wraith Form v2","Venomology","Doppelganger"],"picked":"Envenom","floor":16.0},{"not_picked":["Prepared","Poisoned Stab+1","Slice"],"picked":"Acrobatics","floor":24.0},{"not_picked":["Prepared","Backflip","Choke"],"picked":"Blade Dance+1","floor":27.0},{"not_picked":["Glass Knife","Envenom","A Thousand Cuts"],"picked":"Night Terror","floor":33.0},{"not_picked":["Outmaneuver","Slice+1","Backstab+1"],"picked":"Backflip+1","floor":40},{"not_picked":["Finisher+1","Quick Slash+1","Bane+1"],"picked":"Acrobatics","floor":41},{"not_picked":["Prepared","Dodge and Roll+1","Accuracy+1"],"picked":"Leg Sweep","floor":45},{"not_picked":["Deadly Poison","Storm of Steel","Bane+1"],"picked":"PiercingWail+1","floor":47}],"player_experience":1961761,"relics_obtained":[{"floor":1.0,"key":"Tingsha"},{"floor":4.0,"key":"Mummified Hand"},{"floor":5.0,"key":"Shuriken"},{"floor":7.0,"key":"Torii"},{"floor":9.0,"key":"Meat on the Bone"},{"floor":10.0,"key":"WingedGreaves"},{"floor":11.0,"key":"Shovel"},{"floor":14.0,"key":"Snake Skull"},{"floor":15.0,"key":"Question Card"},{"floor":18.0,"key":"Letter Opener"},{"floor":19.0,"key":"Smiling Mask"},{"floor":21.0,"key":"Juzu Bracelet"},{"floor":24.0,"key":"Bag of Preparation"},{"floor":25.0,"key":"Bottled Tornado"},{"floor":26.0,"key":"MawBank"},{"floor":27.0,"key":"Orichalcum"},{"floor":28.0,"key":"Potion Belt"},{"floor":29.0,"key":"Happy Flower"},{"floor":30.0,"key":"Matryoshka"},{"floor":31.0,"key":"Blue Candle"},{"floor":32.0,"key":"The Courier"},{"floor":35.0,"key":"Molten Egg 2"},{"floor":39,"key":"Omamori"},{"floor":40,"key":"Pen Nib"},{"floor":41,"key":"Oddly Smooth Stone"},{"floor":42,"key":"Mercury Hourglass"},{"floor":43,"key":"Regal Pillow"},{"floor":43,"key":"Ginger"},{"floor":44,"key":"Dream Catcher"},{"floor":45,"key":"Bag of Marbles"},{"floor":46,"key":"Frozen Egg 2"},{"floor":47,"key":"Dodecahedron"},{"floor":48,"key":"Singing Bowl"},{"floor":49,"key":"Bronze Scales"}],"event_choices":[{"damage_healed":0.0,"max_hp_gain":0.0,"max_hp_loss":0.0,"gold_gain":0.0,"event_name":"Lab","player_choice":"Got Potions","floor":3.0,"gold_loss":0.0,"damage_taken":0.0},{"damage_healed":0.0,"max_hp_gain":0.0,"max_hp_loss":0.0,"gold_gain":0.0,"event_name":"Shining Light","player_choice":"Entered Light","floor":12.0,"gold_loss":0.0,"damage_taken":12.0,"cards_upgraded":["Strike_G","Defend_G"]},{"damage_healed":0.0,"max_hp_gain":0.0,"max_hp_loss":0.0,"gold_gain":0.0,"cards_transformed":["Strike_G","Defend_G"],"event_name":"Drug Dealer","player_choice":"Became Test Subject","floor":20.0,"gold_loss":0.0,"damage_taken":0.0,"cards_obtained":["Bullet Time","Backstab"]},{"damage_healed":0,"gold_gain":0,"player_choice":"Leave","damage_taken":0,"max_hp_gain":0,"max_hp_loss":0,"event_name":"FaceTrader","floor":37,"gold_loss":0},{"damage_healed":0,"gold_gain":0,"player_choice":"Max HP","damage_taken":0,"max_hp_gain":0,"max_hp_loss":2,"event_name":"Winding Halls","floor":38,"gold_loss":0}],"is_beta":false,"boss_relics":[{"not_picked":["Runic Pyramid","Runic Dome"],"picked":"White Beast Statue"},{"not_picked":["Black Star","Lizard Tail"],"picked":"Snecko Eye"}],"items_purged_floors":[22],"is_endless":false,"potions_floor_spawned":[5,7,16,18,19,21,24,27,28,29,30,31,33,35,39,40,41,42,45,47,48],"ascension_level":0}