{"gold_per_floor":[114,114,128,128,78,78,90,90,90,115,17,31,51,69,69,172,172,182,192,192,46,61,61,72,72,72,83,83,97,111,131,131,131],"floor_reached":33,"playtime":1530,"items_purged":[],"score":341,"play_id":"11236e9e-9df5-4674-ae5b-b1b98136fbd2","local_time":"20181226142150","is_ascension_mode":true,"campfire_choices":[{"data":"Fiend Fire","floor":6,"key":"SMITH"},{"data":"Bash","floor":8,"key":"SMITH"},{"data":"Uppercut","floor":15,"key":"SMITH"},{"data":"Flame Barrier","floor":23,"key":"SMITH"},{"floor":25,"key":"REST"},{"data":"Exhume","floor":32,"key":"SMITH"}],"neow_cost":"NONE","seed_source_timestamp":48166999872244,"circlet_count":0,"master_deck":["Strike_R+1","Strike_R+1","Strike_R+1","Defend_R+1","Defend_R+1","Defend_R+1","Defend_R+1","Bash+1","Fiend Fire+1","Flex","Body Slam","Headbutt","Iron Wave","Flame Barrier+1","Shrug It Off","Uppercut+1","Thunderclap","Seeing Red","Immolate","Heavy Blade+1","Rage+1","Shockwave","Exhume+1","Ghostly","Ghostly","Ghostly","Ghostly","Ghostly","Armaments+1","Flex","Exhume"],"relics":["Burning Blood","Oddly Smooth Stone","Red Skull","StoneCalendar","Mark of Pain","Omamori","Question Card"],"potions_floor_usage":[13,33,33],"damage_taken":[{"damage":11,"enemies":"Jaw Worm","floor":1,"turns":4},{"damage":0,"enemies":"Cultist","floor":3,"turns":2},{"damage":8,"enemies":"2 Louse","floor":7,"turns":3},{"damage":42,"enemies":"3 Sentries","floor":10,"turns":9},{"damage":0,"enemies":"Exordium Thugs","floor":12,"turns":3},{"damage":5,"enemies":"Gremlin Gang","floor":13,"turns":3},{"damage":18,"enemies":"Large Slime","floor":14,"turns":4},{"damage":10,"enemies":"Hexaghost","floor":16,"turns":7},{"damage":23,"enemies":"3 Byrds","floor":18,"turns":4},{"damage":11,"enemies":"2 Thieves","floor":19,"turns":3},{"damage":24,"enemies":"Snake Plant","floor":22,"turns":2},{"damage":22,"enemies":"Sentry and Sphere","floor":24,"turns":4},{"damage":0,"enemies":"Snecko","floor":27,"turns":2},{"damage":3,"enemies":"Cultist and Chosen","floor":29,"turns":7},{"damage":3,"enemies":"Snake Plant","floor":30,"turns":5},{"damage":4,"enemies":"Snecko","floor":31,"turns":5},{"damage":57,"enemies":"Automaton","floor":33,"turns":12}],"seed_played":"4398822541537602756","potions_obtained":[{"floor":3,"key":"Ancient Potion"},{"floor":10,"key":"Explosive Potion"},{"floor":12,"key":"SpeedPotion"},{"floor":22,"key":"GamblersBrew"},{"floor":29,"key":"Regen Potion"}],"is_trial":false,"path_per_floor":["M","?","M","?","?","R","M","R","T","E","$","M","M","M","R","B",null,"M","M","?","$","M","R","M","R","T","M","?","M","M","M","R","B"],"character_chosen":"IRONCLAD","items_purchased":["Flame Barrier","Shrug It Off","Omamori"],"campfire_rested":1,"item_purchase_floors":[11,11,21],"current_hp_per_floor":[75,75,80,73,73,73,71,71,71,35,35,41,42,30,30,26,67,50,45,45,45,27,27,11,35,35,41,40,40,40,40,40,0],"gold":131,"neow_bonus":"ONE_RANDOM_RARE_CARD","is_prod":false,"is_daily":false,"chose_seed":false,"campfire_upgraded":5,"win_rate":0,"timestamp":1545801710,"path_taken":["M","?","?","?","?","R","M","R","T","E","?","M","?","M","R","BOSS","M","M","?","$","M","R","M","R","T","M","?","M","M","M","R","BOSS"],"build_version":"2018-12-20","purchased_purges":0,"victory":false,"max_hp_per_floor":[80,80,80,80,80,80,80,80,80,80,80,80,80,80,80,80,80,80,80,80,80,80,80,80,80,80,80,40,40,40,40,40,40],"card_choices":[{"not_picked":["Clothesline","Body Slam"],"picked":"Flex","floor":1},{"not_picked":["Pummel","True Grit"],"picked":"Body Slam","floor":3},{"not_picked":["Fire Breathing","Corruption"],"picked":"Headbutt","floor":7},{"not_picked":["Perfected Strike","Warcry"],"picked":"Iron Wave","floor":10},{"not_picked":["Headbutt","Pommel Strike"],"picked":"Uppercut","floor":12},{"not_picked":["Pommel Strike","Power Through"],"picked":"Thunderclap","floor":13},{"not_picked":["Body Slam","Hemokinesis"],"picked":"Seeing Red","floor":14},{"not_picked":["Brutality","Limit Break"],"picked":"Immolate","floor":16},{"not_picked":["Twin Strike+1","Havoc","Pommel Strike"],"picked":"SKIP","floor":18},{"not_picked":["Flex","Shrug It Off"],"picked":"Heavy Blade+1","floor":19},{"not_picked":["Blood for Blood","True Grit+1"],"picked":"Rage+1","floor":22},{"not_picked":["Wild Strike","Pommel Strike"],"picked":"Shockwave","floor":24},{"not_picked":["Thunderclap","Clash+1","Flame Barrier"],"picked":"Exhume","floor":27},{"not_picked":["Power Through","Warcry","Cleave"],"picked":"Armaments+1","floor":29},{"not_picked":["Heavy Blade","Rupture","Clash+1"],"picked":"Flex","floor":30},{"not_picked":["Cleave+1","Clash","Iron Wave"],"picked":"Exhume","floor":31}],"player_experience":247307,"relics_obtained":[{"floor":9,"key":"Red Skull"},{"floor":10,"key":"StoneCalendar"},{"floor":26,"key":"Question Card"}],"event_choices":[{"cards_removed":["Strike_R"],"damage_healed":0,"gold_gain":0,"player_choice":"Offered Basic","damage_taken":0,"max_hp_gain":0,"max_hp_loss":0,"event_name":"Bonfire Elementals","floor":2,"gold_loss":0},{"damage_healed":0,"gold_gain":0,"player_choice":"Success","damage_taken":7,"relics_obtained":["Oddly Smooth Stone"],"max_hp_gain":0,"max_hp_loss":0,"event_name":"Scrap Ooze","floor":4,"gold_loss":0},{"cards_removed":["Strike_R"],"damage_healed":0,"gold_gain":0,"player_choice":"Card Removal","damage_taken":0,"max_hp_gain":0,"max_hp_loss":0,"event_name":"The Cleric","floor":5,"gold_loss":50},{"damage_healed":0,"gold_gain":0,"player_choice":"Simplicity","damage_taken":0,"max_hp_gain":0,"max_hp_loss":0,"event_name":"Back to Basics","floor":20,"gold_loss":0,"cards_upgraded":["Strike_R","Strike_R","Strike_R","Defend_R","Defend_R","Defend_R","Defend_R"]},{"damage_healed":0,"gold_gain":0,"player_choice":"Became a Ghost","damage_taken":0,"max_hp_gain":0,"max_hp_loss":40,"event_name":"Ghosts","floor":28,"gold_loss":0,"cards_obtained":["Ghostly","Ghostly","Ghostly","Ghostly","Ghostly"]}],"is_beta":false,"boss_relics":[{"not_picked":["Runic Cube","White Beast Statue"],"picked":"Mark of Pain"}],"items_purged_floors":[],"is_endless":false,"potions_floor_spawned":[3,10,12,22,29,30,31],"killed_by":"Automaton","ascension_level":5}