{"path_per_floor":["M","?","M","M","M","R","$","M","T","R","?","T","$","E","R","B",null,"M","M","?","?","M","R","M","R","T","$"],"character_chosen":"IRONCLAD","items_purchased":["Carnage","Thunderclap","Sentinel"],"gold_per_floor":[115,115,128,148,167,167,97,110,110,110,110,134,84,114,114,209,209,226,214,214,214,234,234,244,244,244,176,176],"floor_reached":28,"campfire_rested":3,"playtime":1522,"item_purchase_floors":[7,13,27],"current_hp_per_floor":[80,80,80,80,70,70,70,60,60,80,80,80,80,68,68,9,80,72,68,68,68,22,46,36,60,60,60,0],"items_purged":[],"gold":176,"score":240,"play_id":"082bd0c0-086d-4b48-8418-17b94fec72f5","local_time":"20180604220645","is_prod":false,"is_daily":false,"chose_seed":false,"is_ascension_mode":true,"campfire_upgraded":2,"win_rate":0,"timestamp":1528168005,"campfire_choices":[{"data":"Rampage","floor":6,"key":"SMITH"},{"floor":10,"key":"REST"},{"data":"Carnage","floor":15,"key":"SMITH"},{"floor":23,"key":"REST"},{"floor":25,"key":"REST"}],"path_taken":["M","?","?","M","?","R","$","M","T","R","?","?","$","E","R","BOSS","M","M","?","?","M","R","M","R","T","$","E"],"build_version":"2018-05-31","seed_source_timestamp":11346427359371,"purchased_purges":0,"victory":false,"master_deck":["Strike_R","Strike_R","Strike_R","Strike_R","Defend_R","Defend_R","Defend_R","Defend_R","Bash","Rampage+1","Intimidate","Cleave","Carnage+1","Thunderclap","Reaper","Fiend Fire","True Grit","Thunderclap","Feel No Pain","Warcry","Rupture","Sentinel"],"max_hp_per_floor":[80,80,80,80,80,80,80,80,80,80,80,80,80,80,80,80,80,80,80,80,80,80,80,80,80,80,80,80],"relics":["Burning Blood","Gambling Chip","Boot","Pantograph","Runic Pyramid","Frozen Egg 2"],"card_choices":[{"not_picked":["Iron Wave","Twin Strike"],"picked":"Rampage","floor":1},{"not_picked":["Havoc","Perfected Strike"],"picked":"Cleave","floor":3},{"not_picked":["Searing Blow","Body Slam","Clothesline"],"picked":"SKIP","floor":4},{"not_picked":["Havoc","Blood for Blood","Intimidate"],"picked":"SKIP","floor":5},{"not_picked":["Clash","Fire Breathing","Warcry"],"picked":"SKIP","floor":8},{"not_picked":["Flame Barrier","Seeing Red"],"picked":"Reaper","floor":14},{"not_picked":["Dark Embrace","Juggernaut"],"picked":"Fiend Fire","floor":16},{"not_picked":["Body Slam","Pommel Strike"],"picked":"True Grit","floor":18},{"not_picked":["Combust","Twin Strike+1"],"picked":"Thunderclap","floor":19},{"not_picked":["Flex+1","Iron Wave"],"picked":"Warcry","floor":22},{"not_picked":["Flame Barrier+1","Infernal Blade"],"picked":"Rupture","floor":24}],"player_experience":284124,"potions_floor_usage":[19,22,24,28,28],"damage_taken":[{"damage":1,"enemies":"Cultist","floor":1,"turns":3},{"damage":1,"enemies":"2 Louse","floor":3,"turns":3},{"damage":6,"enemies":"Small Slimes","floor":4,"turns":4},{"damage":16,"enemies":"3 Louse","floor":5,"turns":3},{"damage":16,"enemies":"Large Slime","floor":8,"turns":6},{"damage":18,"enemies":"3 Sentries","floor":14,"turns":7},{"damage":77,"enemies":"Hexaghost","floor":16,"turns":10},{"damage":14,"enemies":"Chosen","floor":18,"turns":4},{"damage":15,"enemies":"2 Thieves","floor":19,"turns":4},{"damage":60,"enemies":"Chosen and Byrds","floor":22,"turns":7},{"damage":16,"enemies":"Snecko","floor":24,"turns":4},{"damage":78,"enemies":"Gremlin Leader","floor":28,"turns":6}],"relics_obtained":[{"floor":9,"key":"Gambling Chip"},{"floor":12,"key":"Boot"},{"floor":14,"key":"Pantograph"},{"floor":26,"key":"Frozen Egg 2"}],"event_choices":[{"event_name":"Transmorgrifier","player_choice":"Transform","floor":2,"damage_taken":0},{"event_name":"The Cleric","player_choice":"Leave","floor":11,"damage_taken":0},{"event_name":"Ghosts","player_choice":"Ignored","floor":20,"damage_taken":0},{"event_name":"The Library","player_choice":"Read","floor":21,"damage_taken":0}],"boss_relics":[{"not_picked":["Philosopher\u0027s Stone","Orrery"],"picked":"Runic Pyramid"}],"items_purged_floors":[],"potions_floor_spawned":[3,16,18,22,24],"seed_played":"-88463731760353849","killed_by":"Gremlin Leader","ascension_level":2,"potions_obtained":[{"floor":3,"key":"Strength Potion"},{"floor":16,"key":"Regen Potion"},{"floor":18,"key":"SkillPotion"},{"floor":22,"key":"Energy Potion"},{"floor":24,"key":"Block Potion"}],"is_trial":false}