{"path_per_floor":["M","?","M","?","M","R","M","R","T","M","$","M","M","M","R","B",null,"M","?","?","M","?","R","E","$","T","T","R","M","M","$","R","B",null,"M","M","M","$","M","R","M","R","T","R","M","?"],"character_chosen":"IRONCLAD","items_purchased":["Orichalcum","Panache","Anger"],"gold_per_floor":[114,114,125,225,245,245,263,263,263,276,46,64,76,93,93,198,198,184,184,184,194,194,194,226,13,13,13,13,25,43,43,43,145,145,164,179,199,49,66,66,80,80,107,107,119,119],"floor_reached":47,"campfire_rested":4,"playtime":4176,"current_hp_per_floor":[72,56,62,62,68,68,72,72,72,71,71,75,80,74,74,27,83,77,60,60,46,60,60,24,24,24,24,42,46,51,51,66,19,66,51,61,55,55,51,72,53,53,53,72,55,46],"items_purged":["Defend_R","Armaments"],"gold":119,"score":467,"play_id":"06455b9a-b9bd-48cd-bc36-df74fabb6fdc","local_time":"20180314210714","is_prod":false,"is_daily":false,"is_ascension_mode":false,"campfire_upgraded":5,"timestamp":1521054434,"path_taken":["M","?","?","?","M","R","?","R","T","M","$","M","?","M","R","BOSS","M","?","?","M","?","R","E","$","T","?","R","M","?","?","R","BOSS","M","M","M","$","?","R","M","R","T","R","M","?","M"],"build_version":"2018-03-09","purchased_purges":2,"victory":false,"master_deck":["Defend_R","Defend_R+1","Defend_R","Entrench","Shrug It Off","Armaments","Metallicize","Cleave","Inflame","Inflame","Feed","Double Tap+1","Anger","Bite","Bite","Bite","Bite","Bite","Dual Wield","Panache","Armaments+1","Limit Break+1","Inflame+1","Sword Boomerang+1","Iron Wave+1","Heavy Blade+1","Dropkick","Heavy Blade","Anger","Body Slam","Reaper","Feel No Pain","Madness","Madness"],"max_hp_per_floor":[80,80,80,80,80,80,80,80,80,80,80,80,80,80,80,83,83,86,60,60,60,60,60,63,63,63,63,63,63,66,66,66,66,66,69,69,69,69,72,72,72,72,72,72,72,72],"relics":["Burning Blood","Gremlin Horn","Orichalcum","Sozu","Bottled Tornado","Sundial","Happy Flower","Astrolabe","Juzu Bracelet"],"card_choices":[{"not_picked":["Hemokinesis","True Grit"],"picked":"Entrench"},{"not_picked":["Cleave","Juggernaut"],"picked":"Shrug It Off"},{"not_picked":["Headbutt","Flex"],"picked":"Armaments"},{"not_picked":["Iron Wave","Second Wind"],"picked":"Metallicize"},{"not_picked":["Feel No Pain","Uppercut"],"picked":"Cleave"},{"not_picked":["Rampage","Perfected Strike"],"picked":"Inflame"},{"not_picked":["Clothesline","Warcry"],"picked":"Inflame"},{"not_picked":["Inflame","Headbutt"],"picked":"Armaments"},{"not_picked":["Fire Breathing","Sword Boomerang"],"picked":"Feed"},{"not_picked":["Feed","Offering"],"picked":"Double Tap"},{"not_picked":["Clothesline","Pommel Strike"],"picked":"Anger"},{"not_picked":["Flex","Rupture"],"picked":"Dual Wield"},{"not_picked":["Offering","Power Through"],"picked":"Rage"},{"not_picked":["Rupture","Sword Boomerang"],"picked":"Armaments"},{"not_picked":["Perfected Strike","Bloodletting"],"picked":"Iron Wave"},{"not_picked":["Fiend Fire","Impervious"],"picked":"Limit Break"},{"not_picked":["Shrug It Off","Warcry"],"picked":"Heavy Blade"},{"not_picked":["Second Wind","Feel No Pain"],"picked":"Dropkick"},{"not_picked":["Clothesline","Perfected Strike"],"picked":"Heavy Blade"},{"not_picked":["Flex","Reckless Charge"],"picked":"Body Slam"},{"not_picked":["Burning Pact","Bloodletting"],"picked":"Reaper"},{"not_picked":["Power Through","Iron Wave"],"picked":"Feel No Pain"}],"player_experience":90334,"potions_floor_usage":[],"damage_taken":[{"damage":14.0,"enemies":"Jaw Worm","floor":1.0,"turns":4.0},{"damage":0.0,"enemies":"Small Slimes","floor":3.0,"turns":3.0},{"damage":0.0,"enemies":"Cultist","floor":5.0,"turns":3.0},{"damage":2.0,"enemies":"Blue Slaver","floor":7.0,"turns":5.0},{"damage":22.0,"enemies":"Exordium Thugs","floor":10.0,"turns":9.0},{"damage":2.0,"enemies":"Red Slaver","floor":12.0,"turns":4.0},{"damage":0.0,"enemies":"Gremlin Gang","floor":13.0,"turns":3.0},{"damage":12.0,"enemies":"3 Louse","floor":14.0,"turns":3.0},{"damage":56.0,"enemies":"Slime Boss","floor":16.0,"turns":11.0},{"damage":15.0,"enemies":"2 Thieves","floor":18.0,"turns":4.0},{"damage":35.0,"enemies":"3 Byrds","floor":21.0,"turns":7.0},{"damage":58.0,"enemies":"Slavers","floor":24.0,"turns":6.0},{"damage":18.0,"enemies":"Snecko","floor":29.0,"turns":7.0},{"damage":25.0,"enemies":"Cultist and Chosen","floor":30.0,"turns":9.0},{"damage":94.0,"enemies":"Champ","floor":33.0,"turns":16.0},{"damage":32.0,"enemies":"3 Shapes","floor":35.0,"turns":5.0},{"damage":2.0,"enemies":"Orb Walker","floor":36.0,"turns":3.0},{"damage":23.0,"enemies":"Maw","floor":37.0,"turns":7.0},{"damage":24.0,"enemies":"Sphere and 2 Shapes","floor":39.0,"turns":5.0},{"damage":36.0,"enemies":"3 Darklings","floor":41.0,"turns":5.0},{"damage":53,"enemies":"4 Shapes","floor":45,"turns":3},{"damage":71,"enemies":"Maw","floor":47,"turns":8}],"event_choices":[{"event_name":"Shining Light","player_choice":"Entered Light","floor":2.0,"damage_taken":0.0},{"event_name":"Golden Shrine","player_choice":"Pray","floor":4.0,"damage_taken":0.0},{"event_name":"Vampires","player_choice":"Became a vampire","floor":19.0,"damage_taken":0.0},{"event_name":"Drug Dealer","player_choice":"Ignored","floor":20.0,"damage_taken":0.0},{"event_name":"The Library","player_choice":"Heal","floor":22.0,"damage_taken":0.0},{"event_name":"Winding Halls","player_choice":"Embrace Madness","floor":46,"damage_taken":0}],"boss_relics":[],"potions_floor_spawned":[5,7,10,16,21,30,37,39,45],"seed_played":"1164622763983836476","killed_by":"Maw","ascension_level":0,"is_trial":false}