{"gold_per_floor":[118,118,118,46,46,46,65,88,88,88,102,121,144,144,144,272,272,292,313,336,349,264,264,277,277,301,30,44,62,62,76,76,207,207,228,248,44,44,69,69,0,20,20,40,40,40,59,83,83,202,202,227,49,72,91,110,110,110,110,192,192,67,91,111,134,134,263,263,278,294,309,333,4,42,42,55,86,100,121,121,121,145,145,271,271,296,316,166,166],"floor_reached":89,"playtime":6408,"items_purged":["Normality","Normality","Regret","Static Discharge"],"score":1511,"play_id":"c2e1203e-d4fe-498f-abe1-44063fa2b686","local_time":"20180713171021","is_ascension_mode":false,"campfire_choices":[{"data":"Zap","floor":6,"key":"SMITH"},{"data":"Streamline","floor":10,"key":"SMITH"},{"floor":15,"key":"REST"},{"data":"Redo","floor":23,"key":"SMITH"},{"floor":25,"key":"REST"},{"floor":32,"key":"REST"},{"data":"Apotheosis","floor":40,"key":"SMITH"},{"data":"Capacitor","floor":46,"key":"SMITH"},{"floor":49,"key":"REST"},{"data":"Defragment","floor":57,"key":"SMITH"},{"data":"Blizzard","floor":59,"key":"SMITH"},{"data":"RitualDagger","floor":61,"key":"SMITH"},{"data":"Defragment","floor":66,"key":"SMITH"},{"floor":75,"key":"REST"},{"floor":83,"key":"REST"}],"neow_cost":"","seed_source_timestamp":0,"circlet_count":0,"master_deck":["Zap+1","Dualcast","Barrage","Self Repair","Cold Snap","Streamline+1","Glacier","Redo+1","Capacitor+1","Machine Learning","Melter","Doom and Gloom","Cold Snap+1","Coolheaded","Apotheosis+1","Leap","Seek","RitualDagger+1","Loop","Electrodynamics","Coolheaded","Leap","Coolheaded","Coolheaded","Compile Driver","Steam","Compile Driver","Genetic Algorithm","Glacier+1","Heatsinks","Hologram+1","Force Field+1","Glacier+1","Machine Learning","Consume","Reboot","Aggregate","Blizzard+1","Defragment+1","Genetic Algorithm","BootSequence","BootSequence","Defragment+1","Seek","Echo Form","Hologram","Glacier","Barrage","Capacitor","Genetic Algorithm","Chill+1","Writhe","Buffer"],"relics":["FrozenCore","NlothsMask","Golden Idol","Cursed Key","Ginger","Lantern","Pandora\u0027s Box","OrangePellets","Red Mask","Prayer Wheel","Cables","Busted Crown","Mercury Hourglass","Pen Nib","Eternal Feather"],"potions_floor_usage":[11,16,20,33,33,50,50,67,71,74,77,82,89],"damage_taken":[{"damage":1,"enemies":"Cultist","floor":1,"turns":3},{"damage":12,"enemies":"Small Slimes","floor":7,"turns":4},{"damage":6,"enemies":"Jaw Worm","floor":8,"turns":3},{"damage":15,"enemies":"Exordium Wildlife","floor":11,"turns":3},{"damage":0,"enemies":"Red Slaver","floor":12,"turns":4},{"damage":12,"enemies":"Blue Slaver","floor":13,"turns":3},{"damage":35,"enemies":"Slime Boss","floor":16,"turns":10},{"damage":17,"enemies":"Chosen","floor":18,"turns":5},{"damage":0,"enemies":"Spheric Guardian","floor":19,"turns":1},{"damage":11,"enemies":"Chosen and Byrds","floor":20,"turns":6},{"damage":27,"enemies":"Snake Plant","floor":21,"turns":5},{"damage":18,"enemies":"Centurion and Healer","floor":24,"turns":7},{"damage":13,"enemies":"Cultist and Chosen","floor":28,"turns":5},{"damage":11,"enemies":"Snake Plant","floor":29,"turns":4},{"damage":0,"enemies":"Sentry and Sphere","floor":31,"turns":3},{"damage":28,"enemies":"Automaton","floor":33,"turns":11},{"damage":9,"enemies":"Flame Bruiser 1 Orb","floor":35,"turns":10},{"damage":5,"enemies":"3 Shapes","floor":36,"turns":3},{"damage":7,"enemies":"Maw","floor":39,"turns":8},{"damage":20,"enemies":"Transient","floor":42,"turns":5},{"damage":0,"enemies":"4 Shapes","floor":44,"turns":2},{"damage":18,"enemies":"3 Darklings","floor":47,"turns":5},{"damage":5,"enemies":"Sphere and 2 Shapes","floor":48,"turns":6},{"damage":40,"enemies":"Time Eater","floor":50,"turns":13},{"damage":0,"enemies":"Small Slimes","floor":52,"turns":4},{"damage":0,"enemies":"Jaw Worm","floor":54,"turns":5},{"damage":0,"enemies":"Cultist","floor":55,"turns":4},{"damage":10,"enemies":"Blue Slaver","floor":56,"turns":4},{"damage":0,"enemies":"Looter","floor":63,"turns":3},{"damage":2,"enemies":"Large Slime","floor":64,"turns":6},{"damage":0,"enemies":"Exordium Thugs","floor":65,"turns":7},{"damage":0,"enemies":"The Guardian","floor":67,"turns":10},{"damage":0,"enemies":"Chosen","floor":69,"turns":7},{"damage":0,"enemies":"Spheric Guardian","floor":70,"turns":4},{"damage":9,"enemies":"3 Cultists","floor":71,"turns":6},{"damage":11,"enemies":"Sentry and Sphere","floor":72,"turns":7},{"damage":36,"enemies":"Book of Stabbing","floor":74,"turns":7},{"damage":0,"enemies":"Cultist and Chosen","floor":76,"turns":8},{"damage":9,"enemies":"Slavers","floor":77,"turns":6},{"damage":0,"enemies":"Snecko","floor":78,"turns":8},{"damage":1,"enemies":"Centurion and Healer","floor":79,"turns":6},{"damage":13,"enemies":"Sentry and Sphere","floor":82,"turns":6},{"damage":12,"enemies":"Automaton","floor":84,"turns":11},{"damage":2,"enemies":"Flame Bruiser 1 Orb","floor":86,"turns":5},{"damage":68,"enemies":"3 Darklings","floor":87,"turns":9},{"damage":18,"enemies":"Flame Bruiser 2 Orb","floor":89,"turns":2}],"seed_played":"-5426922889987414832","potions_obtained":[{"floor":8,"key":"Ancient Potion"},{"floor":11,"key":"LiquidBronze"},{"floor":13,"key":"Energy Potion"},{"floor":20,"key":"SteroidPotion"},{"floor":21,"key":"Fire Potion"},{"floor":31,"key":"Block Potion"},{"floor":35,"key":"EssenceOfSteel"},{"floor":39,"key":"Weak Potion"},{"floor":47,"key":"LiquidBronze"},{"floor":55,"key":"SpeedPotion"},{"floor":56,"key":"FocusPotion"},{"floor":67,"key":"Ancient Potion"},{"floor":71,"key":"Weak Potion"},{"floor":74,"key":"Weak Potion"},{"floor":77,"key":"Explosive Potion"},{"floor":87,"key":"Block Potion"}],"is_trial":true,"path_per_floor":["M","?","?","$","?","R","M","M","T","R","M","M","M","?","R","B",null,"M","M","M","M","?","R","M","R","T","$","M","M","?","M","R","B",null,"M","M","$","?","M","R","?","M","T","M","?","R","M","M","R","B",null,"M","$","M","M","M","R","?","R","T","R","$","M","M","M","R","B",null,"M","M","M","M","$","E","R","M","E","M","M","?","?","M","R","B",null,"M","M","$"],"character_chosen":"DEFECT","items_purchased":["Self Repair","Apotheosis","OrangePellets","Blizzard","Mercury Hourglass","Capacitor"],"campfire_rested":6,"item_purchase_floors":[4,27,37,53,73,73],"current_hp_per_floor":[74,74,74,74,56,56,51,52,52,52,44,51,46,46,68,40,75,65,65,61,41,41,41,30,52,52,52,46,45,39,49,71,53,75,73,75,75,75,75,75,75,62,62,62,62,62,54,56,75,45,75,75,75,75,75,72,72,72,72,72,72,72,75,75,75,75,75,75,75,75,73,75,75,46,68,75,66,75,75,75,75,62,75,73,75,73,12,12,0],"gold":166,"neow_bonus":"","is_prod":false,"is_daily":false,"chose_seed":false,"campfire_upgraded":9,"win_rate":0,"timestamp":1531516221,"path_taken":["M","?","?","$","?","R","M","M","T","R","M","M","M","?","R","BOSS","M","M","?","M","?","R","?","R","T","$","M","M","?","M","R","BOSS","M","M","$","?","M","R","?","?","T","M","?","R","?","M","R","BOSS","M","$","M","M","M","R","?","R","T","R","?","?","?","M","R","BOSS","M","?","M","?","$","E","R","M","E","M","M","?","?","?","R","BOSS","M","M","$","M"],"build_version":"2018-07-12","purchased_purges":4,"victory":false,"max_hp_per_floor":[75,75,75,75,75,75,75,75,75,75,75,75,75,75,75,75,75,75,75,75,75,75,75,75,75,75,75,75,75,75,75,75,75,75,75,75,75,75,75,75,75,75,75,75,75,75,75,75,75,75,75,75,75,75,75,75,75,75,75,75,75,75,75,75,75,75,75,75,75,75,75,75,75,75,75,75,75,75,75,75,75,75,75,75,75,75,75,75,75],"card_choices":[{"not_picked":["Reprogram","Turbo"],"picked":"Barrage","floor":1},{"not_picked":["Compile Driver","Loop"],"picked":"Cold Snap","floor":7},{"not_picked":["Conserve Battery","Gash"],"picked":"Streamline","floor":8},{"not_picked":["Double Energy","Sunder"],"picked":"Glacier","floor":11},{"not_picked":["Stack","Hologram"],"picked":"Redo","floor":12},{"not_picked":["Steam Power","Barrage"],"picked":"Capacitor","floor":13},{"not_picked":["Multi-Cast","All For One"],"picked":"Machine Learning","floor":16},{"not_picked":["Redo","Streamline"],"picked":"Melter","floor":18},{"not_picked":["Cold Snap","Auto Shields"],"picked":"Doom and Gloom","floor":19},{"not_picked":["Redo","Go for the Eyes"],"picked":"Cold Snap+1","floor":20},{"not_picked":["Machine Learning","Static Discharge"],"picked":"Coolheaded","floor":21},{"not_picked":["Stack","Leap"],"picked":"Compile Driver+1","floor":24},{"not_picked":["Go for the Eyes","Steam"],"picked":"Leap","floor":28},{"not_picked":["Stack","Redo"],"picked":"Seek","floor":29},{"not_picked":["Stack","Gash+1"],"picked":"Loop","floor":31},{"not_picked":["Rainbow","All For One"],"picked":"Electrodynamics","floor":33},{"not_picked":["Rebound+1","Conserve Battery"],"picked":"Genetic Algorithm","floor":35},{"not_picked":["Gash+1","Steam"],"picked":"Glacier+1","floor":36},{"not_picked":["Streamline","Auto Shields+1"],"picked":"Heatsinks","floor":39},{"not_picked":["Turbo+1","Tempest"],"picked":"Hologram+1","floor":42},{"not_picked":["Auto Shields","Coolheaded"],"picked":"Force Field+1","floor":44},{"not_picked":["Barrage","Coolheaded"],"picked":"Glacier+1","floor":44},{"not_picked":["Barrage+1","Chaos+1"],"picked":"Machine Learning","floor":47},{"not_picked":["Coolheaded","Stack"],"picked":"Consume","floor":47},{"not_picked":["Beam Cell","Leap"],"picked":"Static Discharge","floor":48},{"not_picked":["Double Energy","Leap+1","Stack+1"],"picked":"SKIP","floor":48},{"not_picked":["Hyperbeam","Biased Cognition"],"picked":"Reboot","floor":50},{"not_picked":["Compile Driver","Go for the Eyes"],"picked":"Aggregate","floor":52},{"not_picked":["Compile Driver","Steam Power","Rebound"],"picked":"SKIP","floor":52},{"not_picked":["Darkness","Ball Lightning","Stack"],"picked":"SKIP","floor":54},{"not_picked":["Gash","Steam","Lockon"],"picked":"SKIP","floor":54},{"not_picked":["Capacitor","Creative AI"],"picked":"Defragment","floor":55},{"not_picked":["Sweeping Beam","BootSequence"],"picked":"Genetic Algorithm","floor":55},{"not_picked":["Steam Power","Lockon"],"picked":"BootSequence","floor":56},{"not_picked":["Steam","Barrage","Gash"],"picked":"SKIP","floor":56},{"not_picked":["Turbo","Hologram"],"picked":"BootSequence","floor":63},{"not_picked":["Rebound","Ball Lightning"],"picked":"Defragment","floor":63},{"not_picked":["Hello World","Steam Power"],"picked":"Seek","floor":64},{"not_picked":["Ball Lightning","Go for the Eyes","Scrape"],"picked":"SKIP","floor":64},{"not_picked":["Hologram","Go for the Eyes","Steam Power"],"picked":"SKIP","floor":65},{"not_picked":["Streamline","Static Discharge","Stack"],"picked":"SKIP","floor":65},{"not_picked":["Electrodynamics","Meteor Strike"],"picked":"Echo Form","floor":67},{"not_picked":[],"picked":"Hologram","floor":69},{"not_picked":["Turbo"],"picked":"SKIP","floor":69},{"not_picked":["Stack"],"picked":"SKIP","floor":70},{"not_picked":["Loop"],"picked":"SKIP","floor":70},{"not_picked":[],"picked":"Glacier","floor":71},{"not_picked":["Sweeping Beam"],"picked":"SKIP","floor":71},{"not_picked":[],"picked":"Barrage","floor":72},{"not_picked":["Coolheaded"],"picked":"SKIP","floor":72},{"not_picked":[],"picked":"Genetic Algorithm","floor":74},{"not_picked":[],"picked":"Gash","floor":76},{"not_picked":[],"picked":"Chill+1","floor":76},{"not_picked":["Turbo"],"picked":"SKIP","floor":77},{"not_picked":["Go for the Eyes"],"picked":"SKIP","floor":78},{"not_picked":["Consume"],"picked":"SKIP","floor":78},{"not_picked":["Ball Lightning+1"],"picked":"SKIP","floor":79},{"not_picked":["Barrage"],"picked":"SKIP","floor":79},{"not_picked":["Barrage"],"picked":"SKIP","floor":82},{"not_picked":["Coolheaded"],"picked":"SKIP","floor":82},{"not_picked":[],"picked":"Buffer","floor":84},{"not_picked":["Ball Lightning+1"],"picked":"SKIP","floor":86},{"not_picked":["Rebound+1"],"picked":"SKIP","floor":86},{"not_picked":["Conserve Battery"],"picked":"SKIP","floor":87},{"not_picked":["Leap+1"],"picked":"SKIP","floor":87}],"player_experience":1080082,"relics_obtained":[{"floor":26,"key":"Lantern"},{"floor":43,"key":"Prayer Wheel"},{"floor":60,"key":"Cables"}],"event_choices":[{"event_name":"FaceTrader","player_choice":"Trade","floor":2,"damage_taken":0},{"event_name":"Liars Game","player_choice":"disagreed","floor":3,"damage_taken":0},{"event_name":"Golden Idol","player_choice":"Take Damage","floor":5,"damage_taken":0},{"event_name":"Purifier","player_choice":"One Purge","floor":14,"damage_taken":0},{"event_name":"Addict","player_choice":"Obtained Relic","floor":22,"damage_taken":0},{"event_name":"Nest","player_choice":"Joined the Cult","floor":30,"damage_taken":0},{"event_name":"The Moai Head","player_choice":"Ignored","floor":38,"damage_taken":0},{"event_name":"Tomb of Lord Red Mask","player_choice":"Paid","floor":41,"damage_taken":0},{"event_name":"Falling","player_choice":"Removed Attack","floor":45,"damage_taken":0},{"event_name":"Liars Game","player_choice":"disagreed","floor":58,"damage_taken":0},{"event_name":"Back to Basics","player_choice":"Elegance","floor":80,"damage_taken":0},{"event_name":"The Mausoleum","player_choice":"Yes","floor":81,"damage_taken":0}],"boss_relics":[{"not_picked":["Philosopher\u0027s Stone","Tiny House"],"picked":"Cursed Key"},{"not_picked":["Fusion Hammer","Velvet Choker"],"picked":"Pandora\u0027s Box"},{"not_picked":["Black Star","Astrolabe"],"picked":"FrozenCore"},{"not_picked":["Ectoplasm","Runic Pyramid"],"picked":"Busted Crown"},{"not_picked":["Astrolabe","Calling Bell"],"picked":"Eternal Feather"}],"items_purged_floors":[27,53,62,88],"is_endless":true,"potions_floor_spawned":[8,11,13,20,21,31,35,39,47,48,55,56,63,65,67,71,74,77,78,79,87],"killed_by":"Flame Bruiser 2 Orb","ascension_level":0}