{"gold_per_floor":[114,114,35,59,74,112,112,112,112,125,125,140,161,48,48,167,167,183,43,56,56,56,56,71,71,140,140,165,165,1,1,1,127,127,143,143,9,30,30,30,46,46],"floor_reached":42,"playtime":1519,"items_purged":["Parasite","Strike_B","Dualcast"],"score":421,"play_id":"e6d4d070-7b98-46d5-931b-0ed9bb5ca56a","local_time":"20190110214142","is_ascension_mode":false,"campfire_choices":[{"floor":8,"key":"REST"},{"floor":15,"key":"REST"},{"floor":23,"key":"RECALL"},{"data":"Creative AI","floor":27,"key":"SMITH"},{"floor":29,"key":"REST"},{"floor":32,"key":"REST"},{"floor":40,"key":"REST"}],"neow_cost":"NONE","seed_source_timestamp":151027312846180,"circlet_count":0,"master_deck":["Defend_B","Defend_B","Defend_B","Defend_B","Zap","Thunder Strike+1","Doom and Gloom+1","Coolheaded+1","Capacitor","Static Discharge","Ball Lightning","Capacitor","Metallicize","Auto Shields","Chill","Static Discharge","Creative AI+1","Glacier","Consume","Redo","Static Discharge+1","Storm","Biased Cognition","Heatsinks+1","Heatsinks","Static Discharge+1"],"relics":["Astrolabe","Golden Idol","Mercury Hourglass","Shuriken","Inserter","Ornamental Fan","Fusion Hammer"],"potions_floor_usage":[6,16,33,41],"damage_taken":[{"damage":9,"enemies":"Jaw Worm","floor":1,"turns":3},{"damage":9,"enemies":"2 Louse","floor":4,"turns":3},{"damage":13,"enemies":"Small Slimes","floor":5,"turns":3},{"damage":20,"enemies":"3 Sentries","floor":6,"turns":8},{"damage":16,"enemies":"Exordium Thugs","floor":10,"turns":4},{"damage":22,"enemies":"3 Louse","floor":12,"turns":3},{"damage":2,"enemies":"Blue Slaver","floor":13,"turns":5},{"damage":11,"enemies":"Hexaghost","floor":16,"turns":10},{"damage":7,"enemies":"3 Byrds","floor":18,"turns":2},{"damage":6,"enemies":"Shell Parasite","floor":20,"turns":6},{"damage":25,"enemies":"Shelled Parasite and Fungi","floor":24,"turns":5},{"damage":13,"enemies":"Snecko","floor":28,"turns":5},{"damage":45,"enemies":"Collector","floor":33,"turns":7},{"damage":18,"enemies":"3 Darklings","floor":35,"turns":4},{"damage":11,"enemies":"Orb Walker","floor":38,"turns":5},{"damage":46,"enemies":"Sphere and 2 Shapes","floor":41,"turns":4},{"damage":21,"enemies":"Maw","floor":42,"turns":5}],"seed_played":"-326486151583185837","potions_obtained":[{"floor":1,"key":"SpeedPotion"},{"floor":5,"key":"SteroidPotion"},{"floor":6,"key":"Strength Potion"},{"floor":10,"key":"SpeedPotion"},{"floor":24,"key":"Swift Potion"},{"floor":28,"key":"EssenceOfSteel"}],"is_trial":false,"path_per_floor":["M","?","$","M","M","E","?","R","T","M","?","M","M","$","R","B",null,"M","$","M","?","?","R","M","$","T","R","M","R","$","?","R","B",null,"M","?","$","M","?","R","M","M"],"character_chosen":"DEFECT","items_purchased":["Static Discharge","Static Discharge","Consume","Storm","Heatsinks","EntropicBrew"],"campfire_rested":5,"item_purchase_floors":[3,14,19,30,37,37],"current_hp_per_floor":[66,48,48,39,26,6,24,46,46,30,30,8,6,6,27,16,72,65,65,59,59,72,72,47,47,47,47,34,55,55,48,69,24,72,54,54,54,43,43,64,18,0],"gold":46,"neow_bonus":"BOSS_RELIC","is_prod":false,"is_daily":false,"chose_seed":false,"campfire_upgraded":1,"win_rate":0,"timestamp":1547174502,"path_taken":["M","?","$","M","M","E","?","R","T","M","?","?","M","$","R","BOSS","M","$","M","?","?","R","M","$","T","R","M","R","?","?","R","BOSS","M","?","$","M","?","R","M","M"],"build_version":"2019-01-03v4","purchased_purges":3,"victory":false,"max_hp_per_floor":[75,75,75,75,75,75,75,75,75,75,75,75,75,72,72,72,72,72,72,72,72,72,72,72,72,72,72,72,72,72,72,72,72,72,72,72,72,72,72,72,72,72],"card_choices":[{"not_picked":["Doom and Gloom","Beam Cell"],"picked":"Capacitor","floor":1},{"not_picked":["Genetic Algorithm","Redo"],"picked":"Ball Lightning","floor":4},{"not_picked":["Rebound","Reinforced Body"],"picked":"Coolheaded","floor":5},{"not_picked":["Thunder Strike","Ball Lightning"],"picked":"Capacitor","floor":6},{"not_picked":["Sweeping Beam","Skim","Barrage"],"picked":"SKIP","floor":10},{"not_picked":["Stack","Chaos"],"picked":"Auto Shields","floor":12},{"not_picked":["Heatsinks","Rebound"],"picked":"Chill","floor":13},{"not_picked":["Amplify","Fission"],"picked":"Creative AI","floor":16},{"not_picked":["Recycle","Sweeping Beam"],"picked":"Glacier","floor":18},{"not_picked":["Coolheaded","Turbo"],"picked":"Redo","floor":20},{"not_picked":["Beam Cell","Undo","Cold Snap"],"picked":"SKIP","floor":24},{"not_picked":["Ball Lightning+1","Beam Cell"],"picked":"Static Discharge+1","floor":28},{"not_picked":["Creative AI","Rainbow"],"picked":"Biased Cognition","floor":33},{"not_picked":["BootSequence","Redo"],"picked":"Heatsinks+1","floor":35},{"not_picked":["Blizzard","BootSequence"],"picked":"Static Discharge+1","floor":38},{"not_picked":["Streamline+1","Rebound+1","Gash"],"picked":"SKIP","floor":41}],"player_experience":2065430,"relics_obtained":[{"floor":6,"key":"Mercury Hourglass"},{"floor":9,"key":"Shuriken"},{"floor":26,"key":"Ornamental Fan"}],"event_choices":[{"damage_healed":0,"gold_gain":0,"player_choice":"Take Damage","damage_taken":18,"relics_obtained":["Golden Idol"],"max_hp_gain":0,"max_hp_loss":0,"event_name":"Golden Idol","floor":2,"gold_loss":0},{"damage_healed":18,"gold_gain":0,"player_choice":"Healed and dodged fight","damage_taken":0,"max_hp_gain":0,"max_hp_loss":0,"event_name":"Mushrooms","floor":7,"gold_loss":0,"cards_obtained":["Parasite"]},{"cards_removed":["Coolheaded"],"damage_healed":0,"gold_gain":0,"player_choice":"Took Card","damage_taken":0,"max_hp_gain":0,"max_hp_loss":0,"event_name":"NoteForYourself","floor":11,"gold_loss":0,"cards_obtained":["Metallicize"]},{"damage_healed":0,"gold_gain":0,"player_choice":"Ignored","damage_taken":0,"max_hp_gain":0,"max_hp_loss":0,"event_name":"Vampires","floor":21,"gold_loss":0},{"damage_healed":24,"gold_gain":0,"player_choice":"Heal","damage_taken":0,"max_hp_gain":0,"max_hp_loss":0,"event_name":"The Library","floor":22,"gold_loss":0},{"damage_healed":0,"gold_gain":0,"player_choice":"","damage_taken":7,"max_hp_gain":0,"max_hp_loss":0,"event_name":"Knowing Skull","floor":31,"potions_obtained":[],"gold_loss":0,"cards_obtained":[]},{"damage_healed":0,"gold_gain":0,"player_choice":"Ignored","damage_taken":0,"max_hp_gain":0,"max_hp_loss":0,"event_name":"Tomb of Lord Red Mask","floor":36,"gold_loss":0},{"damage_healed":0,"gold_gain":0,"player_choice":"Ignored","damage_taken":0,"max_hp_gain":0,"max_hp_loss":0,"event_name":"Mysterious Sphere","floor":39,"gold_loss":0}],"is_beta":false,"boss_relics":[{"not_picked":["Black Star","Nuclear Battery"],"picked":"Inserter"},{"not_picked":["Snecko Eye","Velvet Choker"],"picked":"Fusion Hammer"}],"items_purged_floors":[14,19,30],"is_endless":false,"potions_floor_spawned":[1,5,6,10,24,28,38],"killed_by":"Maw","ascension_level":0}