{"path_per_floor":["M","M","M","M","$","E","?","E","T","?","R","M","M","M","R","B",null,"M","M","$","?","M","E","R","?","T","M","R","M","M","M","R","B",null,"M","M","?","?","M"],"character_chosen":"IRONCLAD","items_purchased":["Pommel Strike","Happy Flower","Thunderclap"],"gold_per_floor":[117,130,150,169,123,149,114,145,145,145,145,165,176,193,193,295,295,305,315,57,57,73,98,98,13,40,57,57,73,85,95,95,200,200,214,228,280,280,298,298],"floor_reached":40,"campfire_rested":2,"playtime":3842,"item_purchase_floors":[5,20,20],"current_hp_per_floor":[87,87,86,79,79,60,81,63,63,84,84,87,87,87,87,87,87,87,69,69,69,50,38,63,63,63,71,71,49,53,42,67,44,84,70,75,46,46,31,0],"items_purged":["Parasite"],"gold":298,"score":449,"play_id":"71373de4-78a2-4d2b-9127-3c8fd7231f68","local_time":"20180529231129","is_prod":false,"is_daily":false,"chose_seed":false,"is_ascension_mode":false,"campfire_upgraded":3,"win_rate":0,"timestamp":1527649889,"campfire_choices":[{"data":"Power Through","floor":11,"key":"SMITH"},{"data":"Seeing Red","floor":15,"key":"SMITH"},{"floor":24,"key":"REST"},{"data":"Infernal Blade","floor":28,"key":"SMITH"},{"floor":32,"key":"REST"}],"path_taken":["M","M","?","M","?","E","?","E","T","?","R","M","M","M","R","BOSS","M","M","$","?","?","E","R","?","T","M","R","M","M","M","R","BOSS","M","M","?","?","M","E"],"build_version":"2018-05-24","seed_source_timestamp":194524742638754,"purchased_purges":1,"victory":false,"master_deck":["Strike_R","Strike_R","Strike_R","Strike_R","Strike_R","Defend_R","Defend_R","Defend_R","Defend_R","Bash","Rupture","Sword Boomerang","Inflame","Shrug It Off","Pommel Strike","Power Through+1","Inflame","Cleave","Armaments","Seeing Red+1","Limit Break","Dropkick","Thunderclap","Thunderclap","Second Wind","Infernal Blade+1","Warcry+1","Second Wind","Demon Form","Heavy Blade+1","Havoc+1","Dramatic Entrance","Seeing Red"],"max_hp_per_floor":[87,87,87,87,87,87,87,87,87,87,87,87,87,87,87,87,87,87,87,84,84,84,84,84,84,84,84,84,84,84,84,84,84,84,84,84,84,84,84,84],"relics":["Black Blood","Strawberry","Lantern","Magic Flower","Dead Branch","Mark of Pain","Happy Flower","Bottled Flame","Centennial Puzzle","Potion Belt","Calipers"],"card_choices":[{"not_picked":["Intimidate","Havoc"],"picked":"Rupture","floor":1},{"not_picked":["Anger","Havoc"],"picked":"Sword Boomerang","floor":2},{"not_picked":["Sword Boomerang","Thunderclap"],"picked":"Inflame","floor":3},{"not_picked":["Flex","Entrench"],"picked":"Shrug It Off","floor":4},{"not_picked":["Sentinel","Clothesline"],"picked":"Power Through","floor":6},{"not_picked":["Bludgeon","Entrench"],"picked":"Inflame","floor":8},{"not_picked":["Clothesline","Evolve"],"picked":"Cleave","floor":12},{"not_picked":["Iron Wave","Entrench"],"picked":"Armaments","floor":13},{"not_picked":["Warcry","Clash"],"picked":"Seeing Red","floor":14},{"not_picked":["Juggernaut","Demon Form"],"picked":"Limit Break","floor":16},{"not_picked":["Warcry+1","Twin Strike"],"picked":"Dropkick","floor":18},{"not_picked":["Sword Boomerang","Clash"],"picked":"Thunderclap","floor":19},{"not_picked":["Corruption","Havoc+1"],"picked":"Second Wind","floor":22},{"not_picked":["Clothesline","Cleave"],"picked":"Infernal Blade","floor":23},{"not_picked":["Rampage","True Grit"],"picked":"Warcry+1","floor":27},{"not_picked":["Pommel Strike","Brutality"],"picked":"Second Wind","floor":29},{"not_picked":["Thunderclap","Sentinel","Perfected Strike"],"picked":"SKIP","floor":30},{"not_picked":["Sword Boomerang","Armaments+1","Evolve"],"picked":"SKIP","floor":31},{"not_picked":["Barricade","Reaper"],"picked":"Demon Form","floor":33},{"not_picked":["Perfected Strike+1","Seeing Red"],"picked":"Heavy Blade+1","floor":35},{"not_picked":["Spot Weakness","Carnage"],"picked":"Havoc+1","floor":36},{"not_picked":["Panacea","Master of Strategy"],"picked":"Dramatic Entrance","floor":38},{"not_picked":["Heavy Blade","Reckless Charge+1"],"picked":"Seeing Red","floor":39}],"player_experience":206389,"potions_floor_usage":[8,14,16,16,16,23,33,37],"damage_taken":[{"damage":6,"enemies":"Cultist","floor":1,"turns":3},{"damage":6,"enemies":"Jaw Worm","floor":2,"turns":6},{"damage":7,"enemies":"Small Slimes","floor":3,"turns":3},{"damage":13,"enemies":"2 Fungi Beasts","floor":4,"turns":4},{"damage":25,"enemies":"3 Sentries","floor":6,"turns":9},{"damage":24,"enemies":"Lagavulin","floor":8,"turns":7},{"damage":2,"enemies":"3 Louse","floor":12,"turns":4},{"damage":7,"enemies":"Looter","floor":13,"turns":3},{"damage":0,"enemies":"Lots of Slimes","floor":14,"turns":3},{"damage":24,"enemies":"The Guardian","floor":16,"turns":8},{"damage":5,"enemies":"3 Byrds","floor":18,"turns":6},{"damage":27,"enemies":"Spheric Guardian","floor":19,"turns":6},{"damage":28,"enemies":"Centurion and Healer","floor":22,"turns":7},{"damage":21,"enemies":"Book of Stabbing","floor":23,"turns":4},{"damage":1,"enemies":"Sentry and Sphere","floor":27,"turns":5},{"damage":31,"enemies":"Snake Plant","floor":29,"turns":5},{"damage":5,"enemies":"Centurion and Healer","floor":30,"turns":4},{"damage":20,"enemies":"Snecko","floor":31,"turns":4},{"damage":32,"enemies":"Champ","floor":33,"turns":10},{"damage":29,"enemies":"3 Darklings","floor":35,"turns":3},{"damage":10,"enemies":"Orb Walker","floor":36,"turns":4},{"damage":44,"enemies":"Mysterious Sphere","floor":37,"turns":4},{"damage":36,"enemies":"Maw","floor":39,"turns":7},{"damage":35,"enemies":"Nemesis","floor":40,"turns":2}],"relics_obtained":[{"floor":6,"key":"Lantern"},{"floor":8,"key":"Magic Flower"},{"floor":9,"key":"Dead Branch"},{"floor":23,"key":"Bottled Flame"},{"floor":26,"key":"Potion Belt"},{"floor":37,"key":"Calipers"}],"event_choices":[{"event_name":"The Cleric","player_choice":"Healed","floor":7,"damage_taken":0},{"event_name":"Mushrooms","player_choice":"Healed and dodged fight","floor":10,"damage_taken":0},{"event_name":"Ghosts","player_choice":"Ignored","floor":21,"damage_taken":0},{"event_name":"Addict","player_choice":"Obtained Relic","floor":25,"damage_taken":0},{"event_name":"Mysterious Sphere","player_choice":"Fight","floor":37,"damage_taken":0},{"event_name":"SensoryStone","player_choice":"Memory 1","floor":38,"damage_taken":0}],"boss_relics":[{"not_picked":["Pandora\u0027s Box","Runic Pyramid"],"picked":"Mark of Pain"},{"not_picked":["Philosopher\u0027s Stone","Orrery"],"picked":"Black Blood"}],"items_purged_floors":[20],"potions_floor_spawned":[1,2,8,12,13,14,22,29,33,37],"seed_played":"-3565582069076095135","killed_by":"Nemesis","ascension_level":0,"potions_obtained":[{"floor":1,"key":"EssenceOfSteel"},{"floor":2,"key":"SneckoOil"},{"floor":8,"key":"Regen Potion"},{"floor":12,"key":"AttackPotion"},{"floor":13,"key":"Block Potion"},{"floor":14,"key":"Regen Potion"},{"floor":22,"key":"LiquidBronze"},{"floor":29,"key":"Energy Potion"},{"floor":33,"key":"Weak Potion"},{"floor":37,"key":"Ancient Potion"}],"is_trial":false}