{"path_per_floor":["M","?","M","$","M","E","R","M","T","M","M","M","R","M","R","B",null,"M","M","$","M"],"character_chosen":"THE_SILENT","items_purchased":["Panache","Deadly Poison","After Image","Catalyst"],"gold_per_floor":[116,291,310,12,26,59,59,72,72,91,105,123,123,143,143,240,240,252,269,27,41,41],"floor_reached":22,"campfire_rested":2,"playtime":1996,"item_purchase_floors":[4,4,20,20],"current_hp_per_floor":[70,70,70,70,70,50,50,37,37,33,31,20,41,41,62,46,70,39,20,20,4,0],"items_purged":["Strike_G"],"gold":41,"score":217,"play_id":"490d1af1-c15f-4883-b88e-9fab4ade6498","local_time":"20180601153807","is_prod":false,"is_daily":false,"chose_seed":false,"is_ascension_mode":false,"campfire_upgraded":1,"win_rate":0.0,"timestamp":1527881887,"campfire_choices":[{"data":"Deadly Poison","floor":7,"key":"SMITH"},{"floor":13,"key":"REST"},{"floor":15,"key":"REST"}],"path_taken":["M","?","M","$","M","E","R","?","T","M","M","M","R","M","R","BOSS","M","M","$","M","M"],"build_version":"2018-05-31","seed_source_timestamp":76026479524976,"purchased_purges":1,"victory":false,"master_deck":["Defend_G","Defend_G","Defend_G","Defend_G","Defend_G","Strike_G","Strike_G","Strike_G","Strike_G","Survivor","Neutralize","Backflip","Doubt","Deadly Poison+1","Panache","Deadly Poison","Dash","Backflip","Doppelganger","PiercingWail","Distraction","Deadly Poison","Bane","Doppelganger","Deadly Poison","After Image","Catalyst"],"max_hp_per_floor":[70,70,70,70,70,70,70,70,70,70,70,70,70,70,70,70,70,70,72,72,74,74],"relics":["Ring of the Snake","NeowsBlessing","Singing Bowl","Gremlin Horn","Eternal Feather"],"card_choices":[{"not_picked":["Setup","Outmaneuver"],"picked":"Backflip","floor":1},{"not_picked":["Outmaneuver","Dagger Spray"],"picked":"Deadly Poison","floor":3},{"not_picked":["Slice","Acrobatics"],"picked":"Dash","floor":5},{"not_picked":["Cloak And Dagger","Caltrops"],"picked":"Backflip","floor":6},{"not_picked":["Cloak And Dagger","Finisher"],"picked":"Doppelganger","floor":8},{"not_picked":["Well Laid Plans","Calculated Gamble"],"picked":"PiercingWail","floor":10},{"not_picked":["Riddle With Holes","Infinite Blades"],"picked":"Distraction","floor":11},{"not_picked":["Backflip","Poisoned Stab"],"picked":"Deadly Poison","floor":12},{"not_picked":["Dagger Spray","Setup"],"picked":"Bane","floor":14},{"not_picked":["Venomology","Bullet Time"],"picked":"Doppelganger","floor":16},{"not_picked":["Cloak And Dagger","Choke"],"picked":"Deadly Poison","floor":18},{"not_picked":["Calculated Gamble","Concentrate","Infinite Blades"],"picked":"Singing Bowl","floor":19},{"not_picked":["Cloak And Dagger+1","Backflip","Poisoned Stab"],"picked":"Singing Bowl","floor":21}],"player_experience":261465,"potions_floor_usage":[11,11,14,16,16,18],"damage_taken":[{"damage":0,"enemies":"Jaw Worm","floor":1,"turns":1},{"damage":0,"enemies":"Cultist","floor":3,"turns":1},{"damage":0,"enemies":"2 Louse","floor":5,"turns":1},{"damage":20,"enemies":"3 Sentries","floor":6,"turns":12},{"damage":13,"enemies":"Gremlin Gang","floor":8,"turns":6},{"damage":4,"enemies":"2 Fungi Beasts","floor":10,"turns":3},{"damage":2,"enemies":"Large Slime","floor":11,"turns":7},{"damage":11,"enemies":"3 Louse","floor":12,"turns":3},{"damage":0,"enemies":"Exordium Wildlife","floor":14,"turns":2},{"damage":16,"enemies":"Hexaghost","floor":16,"turns":8},{"damage":31,"enemies":"Spheric Guardian","floor":18,"turns":8},{"damage":21,"enemies":"Chosen","floor":19,"turns":6},{"damage":18,"enemies":"Snake Plant","floor":21,"turns":3},{"damage":14,"enemies":"Cultist and Chosen","floor":22,"turns":2}],"relics_obtained":[{"floor":6,"key":"Singing Bowl"},{"floor":9,"key":"Gremlin Horn"}],"event_choices":[{"event_name":"Liars Game","player_choice":"agreed","floor":2,"damage_taken":0}],"boss_relics":[{"not_picked":["Calling Bell","Philosopher\u0027s Stone"],"picked":"Eternal Feather"}],"items_purged_floors":[4],"potions_floor_spawned":[1,8,10,12,14,16,19],"seed_played":"2533062617694764894","killed_by":"Cultist and Chosen","ascension_level":0,"potions_obtained":[{"floor":1,"key":"Dexterity Potion"},{"floor":8,"key":"Energy Potion"},{"floor":10,"key":"PowerPotion"},{"floor":12,"key":"AttackPotion"},{"floor":14,"key":"PowerPotion"},{"floor":16,"key":"LiquidBronze"},{"floor":19,"key":"FearPotion"}],"is_trial":false}