{"path_per_floor":["M","M","M","M","M","E","R","M","T","?","M","E","M","$","R","B",null,"M","M","M","M","M","E","M","M","T","M","M","$","R","E","R","B",null,"M","M","M","M","M","E","R","$","T","?","$","?","M","M","R","B"],"character_chosen":"THE_SILENT","items_purchased":["Mind Blast+1","Unload+1","Flechettes+1","Well Laid Plans","Noxious Fumes+1","Caltrops+1","Bronze Scales","Bottled Tornado"],"gold_per_floor":[109,124,136,155,175,200,200,217,244,244,256,289,309,1,1,101,101,111,131,146,166,184,218,232,251,278,296,310,192,192,255,255,360,390,402,421,439,458,478,510,510,318,343,343,94,94,104,124,124,124],"floor_reached":51,"campfire_rested":4,"playtime":3485,"item_purchase_floors":[14,14,14,14,29,42,42,45],"current_hp_per_floor":[68,74,73,72,71,58,58,58,58,58,58,58,58,58,58,54,59,58,57,56,55,54,55,54,53,52,51,50,49,50,51,52,56,60,59,58,57,56,55,56,57,56,55,54,53,52,51,50,49,48],"items_purged":["Defend_G"],"gold":124,"score":1018,"play_id":"0ae1ad05-d43b-42cf-b0b3-96008677963b","local_time":"20180621112136","daily_mods":["Specialized","Terminal","Vintage"],"is_prod":false,"is_daily":false,"chose_seed":true,"is_ascension_mode":false,"campfire_upgraded":2,"win_rate":0,"timestamp":1529572896,"campfire_choices":[{"data":"Quick Slash","floor":7,"key":"SMITH"},{"data":"Deadly Poison","floor":15,"key":"SMITH"},{"floor":30,"key":"REST"},{"floor":32,"key":"REST"},{"floor":41,"key":"REST"},{"floor":49,"key":"REST"}],"path_taken":["M","M","M","M","M","E","R","M","T","?","M","E","?","$","R","BOSS","M","M","M","M","M","E","M","M","T","M","M","$","R","E","R","BOSS","M","M","M","M","M","E","R","$","T","?","$","?","M","M","R","BOSS"],"build_version":"2018-06-14v2","seed_source_timestamp":3750536671274001,"purchased_purges":1,"victory":true,"master_deck":["Defend_G+1","Strike_G+1","Strike_G+1","Strike_G+1","Strike_G+1","Strike_G+1","Survivor+1","Neutralize+1","Wraith Form v2+1","Wraith Form v2+1","Wraith Form v2+1","Wraith Form v2+1","Wraith Form v2+1","Quick Slash+1","Deadly Poison+1","Mind Blast+1","Unload+1","Flechettes+1","Well Laid Plans+1","Bullet Time+1","Deflect+1","Noxious Fumes+1","Masterful Stab+1","Noxious Fumes+1","Wraith Form v2+1","Catalyst+1","Caltrops+1","Burst"],"max_hp_per_floor":[68,74,73,72,71,70,69,68,67,66,65,64,63,62,61,60,59,58,57,56,55,54,55,54,53,52,51,50,49,50,51,52,56,60,59,58,57,56,55,56,57,56,55,54,53,52,51,50,49,48],"special_seed":29952015251857,"relics":["Ring of the Snake","Ginger","Strawberry","Anchor","Snake Skull","Bag of Marbles","Smiling Mask","Blue Candle","Ancient Tea Set","Calipers","Pen Nib","Molten Egg 2","Bag of Preparation","Astrolabe","Frozen Egg 2","Dodecahedron","Singing Bowl","Sundial","Regal Pillow","Boot","Potion Belt","Happy Flower","Art of War","Kunai","Dream Catcher","Tiny Chest","Pantograph","Tiny House","Letter Opener","War Paint","Juzu Bracelet","Torii","Blood Vial","Orichalcum","Bronze Scales","Vajra","Bottled Tornado","Mark of the Bloom","Question Card"],"card_choices":[{"not_picked":["PiercingWail","Dodge and Roll"],"picked":"Quick Slash","floor":6},{"not_picked":["Dodge and Roll","Prepared"],"picked":"Deadly Poison","floor":12},{"not_picked":["Grand Finale+1","Doppelganger"],"picked":"Bullet Time","floor":16},{"not_picked":["Leg Sweep","Cloak And Dagger+1","PiercingWail+1"],"picked":"Singing Bowl","floor":23},{"not_picked":["Dagger Spray+1","Poisoned Stab+1","Underhanded Strike+1"],"picked":"Singing Bowl","floor":30},{"not_picked":["Dagger Throw+1","Outmaneuver","Tools of the Trade+1"],"picked":"Singing Bowl","floor":31},{"not_picked":["Flying Knee+1","Heel Hook+1","Footwork+1"],"picked":"Singing Bowl","floor":32},{"not_picked":["Tools of the Trade+1","Venomology"],"picked":"Wraith Form v2+1","floor":33},{"not_picked":["Bane+1","Prepared"],"picked":"Catalyst","floor":34},{"not_picked":["Accuracy+1","Dodge and Roll","Terror+1"],"picked":"Singing Bowl","floor":40},{"not_picked":["Cloak And Dagger+1","Flying Knee+1","Sucker Punch+1"],"picked":"Singing Bowl","floor":41},{"not_picked":["Blade Dance","Deflect","Well Laid Plans+1"],"picked":"Burst","floor":49}],"player_experience":895720,"potions_floor_usage":[6,33],"damage_taken":[{"damage":0,"enemies":"Cultist","floor":1,"turns":6},{"damage":0,"enemies":"Small Slimes","floor":2,"turns":6},{"damage":0,"enemies":"2 Louse","floor":3,"turns":4},{"damage":0,"enemies":"Exordium Thugs","floor":4,"turns":9},{"damage":0,"enemies":"Blue Slaver","floor":5,"turns":5},{"damage":13,"enemies":"Lagavulin","floor":6,"turns":14},{"damage":0,"enemies":"3 Louse","floor":8,"turns":3},{"damage":0,"enemies":"2 Fungi Beasts","floor":11,"turns":3},{"damage":0,"enemies":"Gremlin Nob","floor":12,"turns":6},{"damage":0,"enemies":"Large Slime","floor":13,"turns":5},{"damage":4,"enemies":"Hexaghost","floor":16,"turns":10},{"damage":0,"enemies":"2 Thieves","floor":18,"turns":4},{"damage":0,"enemies":"Chosen","floor":19,"turns":4},{"damage":0,"enemies":"Snake Plant","floor":20,"turns":1},{"damage":0,"enemies":"Sentry and Sphere","floor":21,"turns":4},{"damage":0,"enemies":"Centurion and Healer","floor":22,"turns":4},{"damage":0,"enemies":"Slavers","floor":23,"turns":4},{"damage":0,"enemies":"Snecko","floor":24,"turns":2},{"damage":0,"enemies":"Chosen and Byrds","floor":25,"turns":4},{"damage":0,"enemies":"Snake Plant","floor":27,"turns":2},{"damage":0,"enemies":"3 Cultists","floor":28,"turns":4},{"damage":0,"enemies":"Book of Stabbing","floor":31,"turns":4},{"damage":0,"enemies":"Collector","floor":33,"turns":6},{"damage":0,"enemies":"3 Darklings","floor":35,"turns":3},{"damage":1,"enemies":"Orb Walker","floor":36,"turns":5},{"damage":0,"enemies":"3 Darklings","floor":37,"turns":5},{"damage":0,"enemies":"Maw","floor":38,"turns":6},{"damage":0,"enemies":"Sphere and 2 Shapes","floor":39,"turns":4},{"damage":0,"enemies":"Giant Head","floor":40,"turns":7},{"damage":0,"enemies":"4 Shapes","floor":47,"turns":2},{"damage":0,"enemies":"3 Darklings","floor":48,"turns":4},{"damage":0,"enemies":"Time Eater","floor":50,"turns":6}],"relics_obtained":[{"floor":1,"key":"Ginger"},{"floor":2,"key":"Strawberry"},{"floor":3,"key":"Anchor"},{"floor":4,"key":"Snake Skull"},{"floor":5,"key":"Bag of Marbles"},{"floor":6,"key":"Smiling Mask"},{"floor":8,"key":"Blue Candle"},{"floor":9,"key":"Ancient Tea Set"},{"floor":11,"key":"Calipers"},{"floor":12,"key":"Pen Nib"},{"floor":13,"key":"Molten Egg 2"},{"floor":16,"key":"Bag of Preparation"},{"floor":18,"key":"Frozen Egg 2"},{"floor":19,"key":"Dodecahedron"},{"floor":20,"key":"Singing Bowl"},{"floor":21,"key":"Sundial"},{"floor":22,"key":"Regal Pillow"},{"floor":23,"key":"Boot"},{"floor":24,"key":"Potion Belt"},{"floor":25,"key":"Happy Flower"},{"floor":26,"key":"Art of War"},{"floor":27,"key":"Kunai"},{"floor":28,"key":"Dream Catcher"},{"floor":31,"key":"Tiny Chest"},{"floor":33,"key":"Pantograph"},{"floor":35,"key":"Letter Opener"},{"floor":36,"key":"War Paint"},{"floor":37,"key":"Juzu Bracelet"},{"floor":38,"key":"Torii"},{"floor":39,"key":"Blood Vial"},{"floor":40,"key":"Orichalcum"},{"floor":43,"key":"Vajra"},{"floor":48,"key":"Question Card"}],"event_choices":[{"event_name":"The Woman in Blue","player_choice":"Bought 0 Potions","floor":10,"damage_taken":0},{"event_name":"Tomb of Lord Red Mask","player_choice":"Ignored","floor":44,"damage_taken":0},{"event_name":"MindBloom","player_choice":"Upgrade","floor":46,"damage_taken":0}],"boss_relics":[{"not_picked":["Snecko Eye","Ectoplasm"],"picked":"Astrolabe"},{"not_picked":["Eternal Feather","Cursed Key"],"picked":"Tiny House"}],"items_purged_floors":[29],"is_endless":false,"potions_floor_spawned":[1,4,6,8,11,12,20,22,24,27,31,35,36,38,39],"seed_played":"6972498867900962038","ascension_level":0,"potions_obtained":[{"floor":1,"key":"Regen Potion"},{"floor":4,"key":"SteroidPotion"},{"floor":6,"key":"GamblersBrew"},{"floor":8,"key":"Ancient Potion"},{"floor":11,"key":"Fire Potion"},{"floor":24,"key":"Swift Potion"},{"floor":27,"key":"GamblersBrew"},{"floor":31,"key":"Fruit Juice"},{"floor":34,"key":"PowerPotion"},{"floor":39,"key":"PowerPotion"}],"is_trial":true}