{"path_per_floor":["M","M","M","?","?","E","$","?","T","M","E","$","M","M","R","B",null,"M","M","$","M","M","R","M"],"character_chosen":"IRONCLAD","items_purchased":["Mind Blast","Shrug It Off","Pommel Strike","Whetstone","Anger"],"gold_per_floor":[111,131,148,148,148,184,42,42,92,113,151,24,48,69,69,192,192,208,231,57,82,100,100,114,114],"floor_reached":25,"campfire_rested":2,"playtime":2152,"item_purchase_floors":[7,7,12,20,20],"current_hp_per_floor":[69,74,74,74,74,31,31,31,31,43,42,42,46,40,64,21,80,63,46,46,16,46,70,40,0],"items_purged":["Defend_R"],"gold":114,"score":216,"play_id":"ef59f56c-f269-46ac-8b84-a65c8a2f3c9c","local_time":"20180529190722","is_prod":false,"is_daily":false,"chose_seed":false,"is_ascension_mode":false,"campfire_upgraded":0,"win_rate":0,"timestamp":1527635242,"campfire_choices":[{"floor":15,"key":"REST"},{"floor":23,"key":"REST"}],"path_taken":["M","M","M","?","?","E","$","?","T","M","E","$","M","M","R","BOSS","M","M","$","M","M","R","M","E"],"build_version":"2018-05-24","seed_source_timestamp":181569405044963,"purchased_purges":1,"victory":false,"master_deck":["Strike_R","Strike_R","Strike_R+1","Strike_R","Strike_R+1","Defend_R","Defend_R","Defend_R","Bash","Demon Form","Pommel Strike","Wild Strike","Double Tap","Iron Wave","Mind Blast","Shrug It Off","Cleave","Dual Wield","Pommel Strike","Heavy Blade","Wild Strike","Limit Break","Spot Weakness","Power Through","Anger","Headbutt","Iron Wave","Pommel Strike+1"],"max_hp_per_floor":[80,80,80,80,80,80,80,80,80,80,80,80,80,80,80,80,80,80,80,80,80,80,80,80,80],"relics":["Burning Blood","Golden Idol","Spirit Poop","Blood Vial","Lantern","Juzu Bracelet","Lizard Tail","Whetstone"],"card_choices":[{"not_picked":["Cleave","Wild Strike"],"picked":"Pommel Strike","floor":1},{"not_picked":["Dropkick","Anger"],"picked":"Wild Strike","floor":2},{"not_picked":["Wild Strike","Combust"],"picked":"Double Tap","floor":3},{"not_picked":["Armaments","Infernal Blade"],"picked":"Iron Wave","floor":6},{"not_picked":["Entrench","Rage"],"picked":"Cleave","floor":10},{"not_picked":["Dropkick","Body Slam"],"picked":"Dual Wield","floor":11},{"not_picked":["Berserk","Sword Boomerang"],"picked":"Heavy Blade","floor":13},{"not_picked":["Warcry","Corruption"],"picked":"Wild Strike","floor":14},{"not_picked":["Barricade","Bludgeon"],"picked":"Limit Break","floor":16},{"not_picked":["Pummel","Shockwave"],"picked":"Spot Weakness","floor":18},{"not_picked":["Warcry+1","Clothesline"],"picked":"Power Through","floor":19},{"not_picked":["Iron Wave","Body Slam"],"picked":"Headbutt","floor":21},{"not_picked":["Carnage","Rupture+1"],"picked":"Iron Wave","floor":22},{"not_picked":["Feel No Pain","Wild Strike"],"picked":"Pommel Strike+1","floor":24}],"player_experience":196568,"potions_floor_usage":[10,16,16,16,21,21],"damage_taken":[{"damage":17,"enemies":"Small Slimes","floor":1,"turns":4},{"damage":1,"enemies":"2 Louse","floor":2,"turns":3},{"damage":6,"enemies":"Cultist","floor":3,"turns":3},{"damage":49,"enemies":"Lagavulin","floor":6,"turns":6},{"damage":5,"enemies":"3 Louse","floor":10,"turns":5},{"damage":9,"enemies":"3 Sentries","floor":11,"turns":7},{"damage":4,"enemies":"Gremlin Gang","floor":13,"turns":5},{"damage":14,"enemies":"Blue Slaver","floor":14,"turns":3},{"damage":51,"enemies":"The Guardian","floor":16,"turns":8},{"damage":23,"enemies":"Shell Parasite","floor":18,"turns":6},{"damage":25,"enemies":"Chosen","floor":19,"turns":4},{"damage":38,"enemies":"Snake Plant","floor":21,"turns":4},{"damage":21,"enemies":"Centurion and Healer","floor":22,"turns":6},{"damage":38,"enemies":"Slaver and Parasite","floor":24,"turns":6},{"damage":47,"enemies":"Book of Stabbing","floor":25,"turns":5}],"relics_obtained":[{"floor":6,"key":"Blood Vial"},{"floor":9,"key":"Lantern"},{"floor":11,"key":"Juzu Bracelet"}],"event_choices":[{"event_name":"Golden Idol","player_choice":"Take Wound","floor":4,"damage_taken":0},{"event_name":"Bonfire Elementals","player_choice":"CURSE","floor":5,"damage_taken":0},{"event_name":"The Lab","player_choice":"Got Potions","floor":8,"damage_taken":0}],"boss_relics":[{"not_picked":["Cursed Key","Runic Pyramid"],"picked":"Lizard Tail"}],"items_purged_floors":[12],"potions_floor_spawned":[6,11,13,18,19,22],"seed_played":"-8610519432276132743","killed_by":"Book of Stabbing","ascension_level":0,"potions_obtained":[{"floor":6,"key":"Strength Potion"},{"floor":8,"key":"Poison Potion"},{"floor":8,"key":"Regen Potion"},{"floor":11,"key":"GamblersBrew"},{"floor":13,"key":"SkillPotion"},{"floor":18,"key":"Energy Potion"},{"floor":19,"key":"EssenceOfSteel"},{"floor":22,"key":"Swift Potion"}],"is_trial":false}