{"path_per_floor":["M","$","M","M","$","R","?","M","T","M","E","?","M","M","R","B",null,"M","?","M","M","$","R","M","R","T","?","?","?"],"character_chosen":"IRONCLAD","items_purchased":["Armaments","Rupture","Bronze Scales"],"gold_per_floor":[116,62,74,89,51,51,51,67,67,83,113,188,199,209,209,307,307,321,321,336,349,125,125,140,140,140,140,170,170,170],"floor_reached":30,"campfire_rested":3,"playtime":1354,"item_purchase_floors":[2,5,22],"current_hp_per_floor":[80,80,80,80,80,80,80,75,75,80,61,50,49,42,66,34,80,35,61,44,9,9,33,37,61,61,61,44,44,0],"items_purged":["Strike_R"],"gold":170,"score":267,"play_id":"254ecd9e-a038-4272-a02a-464ccc68dfa7","local_time":"20180610153547","is_prod":false,"is_daily":false,"chose_seed":false,"is_ascension_mode":true,"campfire_upgraded":1,"win_rate":0,"timestamp":1528659347,"campfire_choices":[{"data":"Rupture","floor":6,"key":"SMITH"},{"floor":15,"key":"REST"},{"floor":23,"key":"REST"},{"floor":25,"key":"REST"}],"path_taken":["M","?","M","M","$","R","?","?","T","M","E","?","M","M","R","BOSS","M","?","M","M","$","R","M","R","T","?","?","?","M"],"build_version":"2018-06-07v3","seed_source_timestamp":332328856122368,"purchased_purges":1,"victory":false,"master_deck":["Strike_R","Strike_R","Strike_R","Strike_R","Defend_R","Defend_R","Defend_R","Bash","Heavy Blade","Armaments","Cleave","Pummel","Rupture+1","Spot Weakness","Combust","Limit Break","Flame Barrier","Heavy Blade","Limit Break","Cleave+1","Spot Weakness","Impervious","Decay","Heavy Blade"],"max_hp_per_floor":[80,80,80,80,80,80,80,80,80,80,80,80,80,80,80,80,80,80,80,80,80,80,80,80,80,80,80,80,80,80],"relics":["Burning Blood","Vajra","Juzu Bracelet","Question Card","Lizard Tail","Bronze Scales","Smiling Mask","Red Mask"],"card_choices":[{"not_picked":["Pummel","Hemokinesis"],"picked":"Heavy Blade","floor":1},{"not_picked":["Iron Wave","Body Slam"],"picked":"Cleave","floor":3},{"not_picked":["Iron Wave","True Grit"],"picked":"Pummel","floor":4},{"not_picked":["Clothesline","Twin Strike"],"picked":"Spot Weakness","floor":8},{"not_picked":["Headbutt","Shrug It Off"],"picked":"Combust","floor":10},{"not_picked":["Rupture","Evolve"],"picked":"Limit Break","floor":11},{"not_picked":["Headbutt","Evolve","Sentinel"],"picked":"Flame Barrier","floor":13},{"not_picked":["Flame Barrier","Ghostly Armor","Reckless Charge"],"picked":"Heavy Blade","floor":14},{"not_picked":["Brutality","Berserk","Juggernaut"],"picked":"Limit Break","floor":16},{"not_picked":["Body Slam+1","Clothesline","Rage+1"],"picked":"Cleave+1","floor":18},{"not_picked":["Havoc","Perfected Strike","Cleave","Body Slam+1"],"picked":"SKIP","floor":20},{"not_picked":["Pommel Strike","Intimidate","Infernal Blade"],"picked":"Spot Weakness","floor":21},{"not_picked":["Rupture","Rage","Flex+1"],"picked":"Impervious","floor":24},{"not_picked":["Perfected Strike+1","Cleave","Armaments"],"picked":"Heavy Blade","floor":28}],"player_experience":456305,"potions_floor_usage":[11,11,16,28,30],"damage_taken":[{"damage":6,"enemies":"Cultist","floor":1,"turns":3},{"damage":0,"enemies":"Small Slimes","floor":3,"turns":3},{"damage":0,"enemies":"2 Louse","floor":4,"turns":2},{"damage":11,"enemies":"Blue Slaver","floor":8,"turns":3},{"damage":1,"enemies":"Exordium Wildlife","floor":10,"turns":2},{"damage":25,"enemies":"3 Sentries","floor":11,"turns":5},{"damage":7,"enemies":"2 Fungi Beasts","floor":13,"turns":3},{"damage":13,"enemies":"Red Slaver","floor":14,"turns":3},{"damage":38,"enemies":"Hexaghost","floor":16,"turns":7},{"damage":51,"enemies":"3 Byrds","floor":18,"turns":5},{"damage":23,"enemies":"Chosen","floor":20,"turns":4},{"damage":41,"enemies":"Centurion and Healer","floor":21,"turns":7},{"damage":52,"enemies":"3 Cultists","floor":24,"turns":5},{"damage":23,"floor":28,"turns":4},{"damage":44,"enemies":"Slaver and Parasite","floor":30,"turns":2}],"relics_obtained":[{"floor":9,"key":"Juzu Bracelet"},{"floor":11,"key":"Question Card"},{"floor":26,"key":"Smiling Mask"},{"floor":28,"key":"Red Mask"}],"event_choices":[{"event_name":"Bonfire Elementals","player_choice":"BASIC","floor":7,"damage_taken":0},{"event_name":"World of Goop","player_choice":"Gather Gold","floor":12,"damage_taken":0},{"event_name":"The Library","player_choice":"Heal","floor":19,"damage_taken":0},{"event_name":"Forgotten Altar","player_choice":"Smashed Altar","floor":27,"damage_taken":0},{"event_name":"Masked Bandits","player_choice":"Fought over 140 gold","floor":28,"damage_taken":0},{"event_name":"Vampires","player_choice":"Ignored","floor":29,"damage_taken":0}],"boss_relics":[{"not_picked":["Ectoplasm","Eternal Feather"],"picked":"Lizard Tail"}],"items_purged_floors":[22],"potions_floor_spawned":[1,3,13,16,18,24,28],"seed_played":"-7719586341096208957","killed_by":"Slaver and Parasite","ascension_level":3,"potions_obtained":[{"floor":1,"key":"LiquidBronze"},{"floor":3,"key":"SkillPotion"},{"floor":13,"key":"FearPotion"},{"floor":16,"key":"FairyPotion"},{"floor":18,"key":"Ancient Potion"},{"floor":24,"key":"Explosive Potion"},{"floor":28,"key":"Dexterity Potion"}],"is_trial":false}