{"gold_per_floor":[109,109,17,17,17,42,42,72,72,72,72,72,92,72,72,149,149,168,188,11,28,28],"floor_reached":22,"playtime":704,"items_purged":[],"score":456,"play_id":"cf8d2b72-aaa8-4a1e-b5ad-a827307f8e02","local_time":"20190129172815","is_ascension_mode":true,"campfire_choices":[{"data":"Defragment","floor":7,"key":"SMITH"},{"data":"Buffer","floor":10,"key":"SMITH"},{"data":"Conserve Battery","floor":12,"key":"SMITH"},{"floor":15,"key":"REST"}],"neow_cost":"NONE","seed_source_timestamp":450074573931659,"circlet_count":0,"master_deck":["AscendersBane","Strike_B","Strike_B","Strike_B","Defend_B","Defend_B","Defend_B","Defend_B","Zap+1","Dualcast","Conserve Battery+1","Capacitor","Beam Cell","Defragment+1","Buffer+1","Hologram","Echo Form","Static Discharge","Static Discharge","Barrage"],"relics":["Cracked Core","NeowsBlessing","Nunchaku","Gambling Chip","The Courier","Black Star","Runic Capacitor"],"potions_floor_usage":[22],"damage_taken":[{"damage":0,"enemies":"Small Slimes","floor":1,"turns":1},{"damage":0,"enemies":"Lagavulin","floor":6,"turns":1},{"damage":0,"enemies":"3 Sentries","floor":8,"turns":1},{"damage":0,"enemies":"Jaw Worm","floor":13,"turns":3},{"damage":22,"enemies":"Slime Boss","floor":16,"turns":10},{"damage":0,"enemies":"Chosen","floor":18,"turns":6},{"damage":33,"enemies":"Spheric Guardian","floor":19,"turns":6},{"damage":38,"enemies":"Snake Plant","floor":21,"turns":5},{"damage":13,"enemies":"Centurion and Healer","floor":22,"turns":1}],"seed_played":"8011051307430461853","potions_obtained":[{"floor":6,"key":"Swift Potion"},{"floor":13,"key":"SpeedPotion"},{"floor":14,"key":"FairyPotion"},{"floor":18,"key":"LiquidBronze"},{"floor":21,"key":"Swift Potion"}],"is_trial":false,"path_per_floor":["M","?","$","?","?","E","R","E","T","R","?","R","M","?","R","B",null,"M","M","$","M","M"],"character_chosen":"DEFECT","items_purchased":["Capacitor","Beam Cell","Runic Capacitor"],"campfire_rested":1,"item_purchase_floors":[3,3,20],"current_hp_per_floor":[64,57,57,57,57,57,57,57,57,57,57,57,57,57,71,49,66,66,33,33,7,0],"gold":28,"neow_bonus":"THREE_ENEMY_KILL","is_prod":false,"is_daily":false,"chose_seed":false,"campfire_upgraded":3,"win_rate":0,"timestamp":1548800895,"path_taken":["M","?","$","?","?","E","R","E","T","R","?","R","?","?","R","BOSS","M","M","$","M","M"],"build_version":"2019-01-23","purchased_purges":0,"victory":false,"max_hp_per_floor":[71,71,71,71,71,71,71,71,71,71,71,71,71,71,71,71,71,71,71,71,71,71],"card_choices":[{"not_picked":["Redo","Leap"],"picked":"Conserve Battery","floor":1},{"not_picked":["FTL","Double Energy"],"picked":"Defragment","floor":6},{"not_picked":["Loop","Meteor Strike"],"picked":"Buffer","floor":8},{"not_picked":["Gash","Chaos"],"picked":"Hologram","floor":13},{"not_picked":["Seek","Meteor Strike"],"picked":"Echo Form","floor":16},{"not_picked":["Hologram","Go for the Eyes"],"picked":"Static Discharge","floor":18},{"not_picked":["Undo","Compile Driver"],"picked":"Static Discharge","floor":19},{"not_picked":["Stack","Chaos"],"picked":"Barrage","floor":21}],"player_experience":2207637,"relics_obtained":[{"floor":6,"key":"Nunchaku"},{"floor":8,"key":"Gambling Chip"},{"floor":9,"key":"The Courier"}],"event_choices":[{"cards_removed":["Strike_B"],"damage_healed":0,"gold_gain":0,"player_choice":"Card Removal","damage_taken":7,"max_hp_gain":0,"max_hp_loss":0,"event_name":"Golden Wing","floor":2,"gold_loss":0},{"damage_healed":0,"gold_gain":0,"player_choice":"Ignored","damage_taken":0,"max_hp_gain":0,"max_hp_loss":0,"event_name":"Shining Light","floor":4,"gold_loss":0},{"damage_healed":0,"gold_gain":0,"player_choice":"Leave","damage_taken":0,"max_hp_gain":0,"max_hp_loss":0,"event_name":"The Cleric","floor":5,"gold_loss":0},{"damage_healed":0,"gold_gain":0,"player_choice":"Forge","damage_taken":0,"max_hp_gain":0,"max_hp_loss":0,"event_name":"Accursed Blacksmith","floor":11,"gold_loss":0,"cards_upgraded":["Zap"]},{"damage_healed":0,"gold_gain":0,"player_choice":"Bought 1 Potion","damage_taken":0,"max_hp_gain":0,"max_hp_loss":0,"event_name":"The Woman in Blue","floor":14,"gold_loss":0}],"is_beta":false,"boss_relics":[{"not_picked":["Coffee Dripper","White Beast Statue"],"picked":"Black Star"}],"items_purged_floors":[],"is_endless":false,"potions_floor_spawned":[6,13,16,18,19,21],"killed_by":"Centurion and Healer","ascension_level":18}