{"gold_per_floor":[109,126,25,25,25,35,50,81,81,100,118,118,118,143,143,240,240,258,272,272,272,289,289,289,301,301,313,46,46,65,65,65,167,167,177,54,0,10,21,21,21,21,21,41,95,44,44,54,54,54,54,54,6,6],"floor_reached":54,"playtime":3188,"items_purged":["Strike_B","Defend_B"],"score":664,"play_id":"85b89131-494e-44ff-8015-052e7d5e4e07","local_time":"20181127234137","is_ascension_mode":false,"campfire_choices":[{"data":"Zap","floor":13,"key":"SMITH"},{"floor":15,"key":"REST"},{"data":"Echo Form","floor":23,"key":"SMITH"},{"floor":29,"key":"REST"},{"data":"White Noise","floor":32,"key":"SMITH"},{"data":"Go for the Eyes","floor":40,"key":"SMITH"},{"floor":42,"key":"RECALL"},{"data":"Discovery","floor":49,"key":"SMITH"},{"data":"Zap","floor":52,"key":"SMITH"}],"neow_cost":"NONE","seed_source_timestamp":1403586007921608,"circlet_count":0,"master_deck":["Defend_B","Defend_B","Zap+1","Dualcast","Capacitor","Leap","Go for the Eyes+1","Conserve Battery","Tempest","Discovery+1","Zap+1","Ball Lightning","Leap","White Noise+1","Undo","Echo Form+1","Defragment","Bandage Up","Bite","Bite","Bite","Bite","Bite","Stack"],"relics":["Cracked Core","Boot","Oddly Smooth Stone","Odd Mushroom","Busted Crown","Nloth\u0027s Gift","Letter Opener","Nuclear Battery","Red Mask","CultistMask","Matryoshka","Girya"],"potions_floor_usage":[8,25,25,27,33,38,39,44,45,50,50,54],"damage_taken":[{"damage":7,"enemies":"Small Slimes","floor":1,"turns":3},{"damage":1,"enemies":"Cultist","floor":2,"turns":3},{"damage":0,"enemies":"Jaw Worm","floor":6,"turns":3},{"damage":12,"enemies":"Blue Slaver","floor":7,"turns":3},{"damage":19,"enemies":"Gremlin Nob","floor":8,"turns":4},{"damage":0,"enemies":"3 Louse","floor":10,"turns":1},{"damage":13,"enemies":"Large Slime","floor":11,"turns":5},{"damage":0,"enemies":"The Mushroom Lair","floor":14,"turns":2},{"damage":6,"enemies":"The Guardian","floor":16,"turns":11},{"damage":22,"enemies":"Chosen","floor":18,"turns":6},{"damage":12,"enemies":"Shell Parasite","floor":19,"turns":4},{"damage":0,"enemies":"Sentry and Sphere","floor":22,"turns":3},{"damage":16,"enemies":"Chosen and Byrds","floor":25,"turns":5},{"damage":3,"enemies":"Snake Plant","floor":27,"turns":4},{"damage":8,"enemies":"Snecko","floor":30,"turns":4},{"damage":50,"enemies":"Collector","floor":33,"turns":9},{"damage":10,"enemies":"Orb Walker","floor":35,"turns":4},{"damage":13,"enemies":"3 Darklings","floor":38,"turns":5},{"damage":2,"enemies":"Maw","floor":39,"turns":9},{"damage":10,"enemies":"Transient","floor":44,"turns":5},{"damage":58,"enemies":"2 Orb Walkers","floor":45,"turns":6},{"damage":6,"enemies":"4 Shapes","floor":48,"turns":6},{"damage":77,"enemies":"Awakened One","floor":50,"turns":22},{"damage":66,"enemies":"Shield and Spear","floor":54,"turns":5}],"seed_played":"7780780788502741117","potions_obtained":[{"floor":2,"key":"EssenceOfSteel"},{"floor":7,"key":"Ancient Potion"},{"floor":11,"key":"SneckoOil"},{"floor":21,"key":"Weak Potion"},{"floor":21,"key":"Swift Potion"},{"floor":22,"key":"Dexterity Potion"},{"floor":30,"key":"AttackPotion"},{"floor":35,"key":"PowerPotion"},{"floor":38,"key":"EntropicBrew"}],"is_trial":false,"path_per_floor":["M","M","$","?","?","M","M","E","T","M","M","?","R","?","R","B",null,"M","M","?","?","M","R","?","M","T","M","$","R","M","?","R","B",null,"M","$","?","M","M","R","?","R","T","M","?","$","?","M","R","B",null,"R","$","E"],"character_chosen":"DEFECT","items_purchased":["Go for the Eyes","Conserve Battery","Bandage Up","FairyPotion","Stack","Block Potion","Swift Potion"],"campfire_rested":2,"item_purchase_floors":[3,3,28,28,36,46,53],"current_hp_per_floor":[68,67,67,67,67,67,55,36,36,36,23,23,23,23,45,39,75,53,41,27,27,27,27,27,11,11,8,8,32,24,24,24,13,56,56,56,56,55,56,56,56,56,56,50,6,6,49,49,49,12,49,49,49,0],"gold":6,"neow_bonus":"RANDOM_COMMON_RELIC","is_prod":false,"is_daily":false,"chose_seed":false,"campfire_upgraded":6,"win_rate":0,"timestamp":1543329697,"path_taken":["M","M","$","?","?","M","?","E","T","M","M","?","R","?","R","BOSS","M","M","?","?","?","R","?","M","T","M","$","R","?","?","R","BOSS","M","$","?","M","M","R","?","R","T","?","?","?","?","M","R","BOSS","R","$","E"],"build_version":"2018-11-15","purchased_purges":2,"victory":false,"max_hp_per_floor":[75,75,75,75,75,75,75,75,75,75,75,75,75,75,75,75,75,75,75,80,80,80,80,80,80,80,80,80,80,80,56,56,56,56,56,56,56,56,56,56,56,56,56,56,56,56,49,49,49,49,49,49,49,49],"card_choices":[{"not_picked":["Stack","Cold Snap"],"picked":"Capacitor","floor":1},{"not_picked":["Cold Snap","Steam"],"picked":"Leap","floor":2},{"not_picked":["Turbo","Redo"],"picked":"Ball Lightning","floor":6},{"not_picked":["Streamline","Go for the Eyes","Recycle"],"picked":"SKIP","floor":7},{"not_picked":["Fusion","Fission"],"picked":"Leap","floor":8},{"not_picked":["Rebound","Force Field"],"picked":"White Noise","floor":10},{"not_picked":["Tempest","Go for the Eyes"],"picked":"Undo","floor":11},{"not_picked":["Core Surge","Multi-Cast"],"picked":"Echo Form","floor":16},{"not_picked":["Barrage+1"],"picked":"SKIP","floor":18},{"not_picked":["Turbo"],"picked":"SKIP","floor":19},{"not_picked":[],"picked":"Defragment","floor":22},{"not_picked":["Compile Driver"],"picked":"SKIP","floor":25},{"not_picked":["Hologram"],"picked":"SKIP","floor":27},{"not_picked":["Melter"],"picked":"SKIP","floor":30},{"not_picked":["Conserve Battery"],"picked":"SKIP","floor":35},{"not_picked":["Cold Snap"],"picked":"SKIP","floor":38},{"not_picked":["Sweeping Beam+1"],"picked":"SKIP","floor":39},{"not_picked":["Gash+1"],"picked":"SKIP","floor":44},{"not_picked":["Redo"],"picked":"SKIP","floor":48}],"player_experience":67102,"relics_obtained":[{"floor":8,"key":"Oddly Smooth Stone"},{"floor":14,"key":"Odd Mushroom"},{"floor":26,"key":"Letter Opener"},{"floor":43,"key":"Matryoshka"},{"floor":45,"key":"Girya"}],"event_choices":[{"damage_healed":0,"gold_gain":0,"cards_transformed":["Defend_B"],"player_choice":"Change","damage_taken":0,"max_hp_gain":0,"max_hp_loss":0,"event_name":"Living Wall","floor":4,"gold_loss":0,"cards_obtained":["Tempest"]},{"damage_healed":0,"gold_gain":0,"player_choice":"2 cards matched","damage_taken":0,"max_hp_gain":0,"max_hp_loss":0,"event_name":"Match and Keep!","floor":5,"gold_loss":0,"cards_obtained":["Discovery","Zap"]},{"damage_healed":0,"gold_gain":0,"player_choice":"2 cards matched","damage_taken":0,"max_hp_gain":0,"max_hp_loss":0,"event_name":"Match and Keep!","floor":5,"gold_loss":0,"cards_obtained":["Discovery","Zap"]},{"damage_healed":0,"gold_gain":0,"player_choice":"Searched \u00272\u0027 times","damage_taken":0,"relics_obtained":["Pocketwatch"],"max_hp_gain":0,"max_hp_loss":0,"event_name":"Dead Adventurer","floor":12,"gold_loss":0},{"damage_healed":0,"gold_gain":0,"player_choice":"Fought Mushrooms","damage_taken":0,"max_hp_gain":0,"max_hp_loss":0,"event_name":"Mushrooms","floor":14,"gold_loss":0},{"damage_healed":0,"gold_gain":0,"player_choice":"Shed Blood","damage_taken":19,"max_hp_gain":5,"max_hp_loss":0,"event_name":"Forgotten Altar","floor":20,"gold_loss":0},{"damage_healed":0,"gold_gain":0,"player_choice":"Got Potions","damage_taken":0,"max_hp_gain":0,"max_hp_loss":0,"event_name":"Lab","floor":21,"gold_loss":0},{"damage_healed":0,"gold_gain":0,"player_choice":"Traded Relic","damage_taken":0,"relics_obtained":["Nloth\u0027s Gift"],"max_hp_gain":0,"max_hp_loss":0,"event_name":"N\u0027loth","floor":24,"relics_lost":["Pocketwatch"],"gold_loss":0},{"damage_healed":0,"gold_gain":0,"player_choice":"Became a vampire","damage_taken":0,"max_hp_gain":0,"max_hp_loss":24,"event_name":"Vampires","floor":31,"gold_loss":0,"cards_obtained":["Bite","Bite","Bite","Bite","Bite"]},{"damage_healed":0,"gold_gain":0,"player_choice":"Paid","damage_taken":0,"relics_obtained":["Red Mask"],"max_hp_gain":0,"max_hp_loss":0,"event_name":"Tomb of Lord Red Mask","floor":37,"gold_loss":54},{"damage_healed":0,"gold_gain":0,"player_choice":"Trade","damage_taken":0,"relics_obtained":["CultistMask"],"max_hp_gain":0,"max_hp_loss":0,"event_name":"FaceTrader","floor":41,"gold_loss":0},{"damage_healed":0,"gold_gain":0,"player_choice":"Fight","damage_taken":0,"max_hp_gain":0,"max_hp_loss":0,"event_name":"Mysterious Sphere","floor":45,"gold_loss":0},{"damage_healed":49,"gold_gain":0,"player_choice":"Heal","damage_taken":0,"max_hp_gain":0,"max_hp_loss":7,"event_name":"The Moai Head","floor":47,"gold_loss":0}],"is_beta":false,"boss_relics":[{"not_picked":["Ectoplasm","FrozenCore"],"picked":"Busted Crown"},{"not_picked":["Black Star","Sozu"],"picked":"Nuclear Battery"}],"items_purged_floors":[28,36],"is_endless":false,"potions_floor_spawned":[2,7,11,22,30,35,38,39],"killed_by":"Shield and Spear","ascension_level":0}