{"path_per_floor":["M","?","?","?","$","R","E","R","T","M","E","M","M","M","R","B",null,"M","M","$","?","M","R","M","M","T","T","$","R","M","T","R","B",null,"M","M","M","?"],"character_chosen":"THE_SILENT","items_purchased":["Bag of Marbles","Terror","Vajra"],"gold_per_floor":[112,112,187,187,44,44,69,69,69,87,112,123,135,151,151,246,246,266,277,129,129,148,148,158,175,175,175,24,24,40,40,40,142,142,155,166,179,179,179],"floor_reached":39,"campfire_rested":3,"playtime":1892,"item_purchase_floors":[5,20,28],"current_hp_per_floor":[70,70,59,59,59,70,67,67,67,67,63,63,63,63,63,38,70,66,66,66,66,51,51,38,24,24,24,24,45,37,37,58,26,72,72,36,15,15,0],"items_purged":["Strike_G"],"gold":179,"score":472,"play_id":"5c123a3d-1003-4440-bea8-51b5e041b5c0","local_time":"20180622085153","is_prod":false,"is_daily":false,"chose_seed":false,"is_ascension_mode":true,"campfire_upgraded":3,"win_rate":0,"timestamp":1529671913,"campfire_choices":[{"floor":6,"key":"REST"},{"data":"Dash","floor":8,"key":"SMITH"},{"data":"A Thousand Cuts","floor":15,"key":"SMITH"},{"data":"Blade Dance","floor":23,"key":"SMITH"},{"floor":29,"key":"REST"},{"floor":32,"key":"REST"}],"path_taken":["M","?","?","?","?","R","E","R","T","M","E","?","M","M","R","BOSS","M","?","?","?","M","R","?","M","T","?","$","R","?","?","R","BOSS","M","M","M","?","M"],"build_version":"2018-06-21","seed_source_timestamp":709304167952151,"purchased_purges":1,"circlet_count":0,"victory":false,"master_deck":["Defend_G","Defend_G","Defend_G","Defend_G","Defend_G","Strike_G","Strike_G","Survivor","Neutralize","Dash+1","Backflip","Accuracy","Backstab","Choke","Underhanded Strike","A Thousand Cuts+1","Backflip","Phantasmal Killer","Blade Dance+1","Terror","Quick Slash","Backflip","A Thousand Cuts","Dash+1","Envenom","Escape Plan","Choke","Choke+1","Dagger Spray"],"max_hp_per_floor":[70,70,70,70,70,70,70,70,70,70,70,70,70,70,70,70,70,72,72,72,72,72,72,72,72,72,72,72,72,72,72,72,72,72,72,72,72,72,72],"relics":["Runic Dome","Bag of Marbles","Singing Bowl","Orichalcum","Anchor","Sozu","Paper Crane","Gremlin Horn","Vajra","Happy Flower","Philosopher\u0027s Stone"],"card_choices":[{"not_picked":["All Out Attack","Outmaneuver"],"picked":"Dash","floor":1},{"not_picked":["Quick Slash","Slice"],"picked":"Accuracy","floor":7},{"not_picked":["Acrobatics","Well Laid Plans"],"picked":"Backstab","floor":10},{"not_picked":["Outmaneuver","PiercingWail"],"picked":"Choke","floor":11},{"not_picked":["PiercingWail","Prepared"],"picked":"Underhanded Strike","floor":12},{"not_picked":["Leg Sweep","Deflect"],"picked":"A Thousand Cuts","floor":13},{"not_picked":["Flying Knee","Slice"],"picked":"Backflip","floor":14},{"not_picked":["Tactician","Unload"],"picked":"Phantasmal Killer","floor":16},{"not_picked":["Outmaneuver","Acrobatics+1","Prepared"],"picked":"Singing Bowl","floor":18},{"not_picked":["Dodge and Roll","Catalyst"],"picked":"Blade Dance","floor":19},{"not_picked":["Underhanded Strike","Catalyst"],"picked":"Quick Slash","floor":22},{"not_picked":["Bane","Dagger Throw"],"picked":"Backflip","floor":24},{"not_picked":["Acrobatics+1","Backflip"],"picked":"A Thousand Cuts","floor":25},{"not_picked":["Acrobatics","Leg Sweep+1"],"picked":"Dash+1","floor":30},{"not_picked":["Corpse Explosion","Burst"],"picked":"Envenom","floor":33},{"not_picked":["Bane","Flying Knee+1"],"picked":"Escape Plan","floor":35},{"not_picked":["Quick Slash","Cloak And Dagger"],"picked":"Choke","floor":36},{"not_picked":["Bane","Dagger Spray"],"picked":"Choke+1","floor":37}],"player_experience":697713,"potions_floor_usage":[7,16,16],"damage_taken":[{"damage":0,"enemies":"Cultist","floor":1,"turns":4},{"damage":3,"enemies":"Gremlin Nob","floor":7,"turns":4},{"damage":0,"enemies":"Small Slimes","floor":10,"turns":5},{"damage":4,"enemies":"3 Sentries","floor":11,"turns":8},{"damage":0,"enemies":"2 Louse","floor":12,"turns":1},{"damage":0,"enemies":"Looter","floor":13,"turns":2},{"damage":0,"enemies":"2 Fungi Beasts","floor":14,"turns":2},{"damage":25,"enemies":"The Guardian","floor":16,"turns":11},{"damage":6,"enemies":"Shell Parasite","floor":18,"turns":5},{"damage":0,"enemies":"Spheric Guardian","floor":19,"turns":3},{"damage":15,"enemies":"Snecko","floor":22,"turns":5},{"damage":13,"enemies":"Snake Plant","floor":24,"turns":3},{"damage":14,"enemies":"Chosen and Byrds","floor":25,"turns":6},{"damage":8,"enemies":"Centurion and Healer","floor":30,"turns":5},{"damage":32,"enemies":"Collector","floor":33,"turns":7},{"damage":0,"enemies":"3 Shapes","floor":35,"turns":3},{"damage":36,"enemies":"3 Darklings","floor":36,"turns":4},{"damage":21,"enemies":"Sphere and 2 Shapes","floor":37,"turns":4},{"damage":23,"enemies":"Maw","floor":39,"turns":2}],"relics_obtained":[{"floor":7,"key":"Singing Bowl"},{"floor":9,"key":"Orichalcum"},{"floor":11,"key":"Anchor"},{"floor":26,"key":"Paper Crane"},{"floor":27,"key":"Gremlin Horn"},{"floor":31,"key":"Happy Flower"}],"event_choices":[{"event_name":"Living Wall","player_choice":"Change","floor":2,"damage_taken":0},{"event_name":"World of Goop","player_choice":"Gather Gold","floor":3,"damage_taken":0},{"event_name":"Liars Game","player_choice":"disagreed","floor":4,"damage_taken":0},{"event_name":"Vampires","player_choice":"Ignored","floor":21,"damage_taken":0},{"event_name":"Transmorgrifier","player_choice":"Transform","floor":38,"damage_taken":0}],"boss_relics":[{"not_picked":["Pandora\u0027s Box","Tiny House"],"picked":"Sozu"},{"not_picked":["Orrery","Snecko Eye"],"picked":"Philosopher\u0027s Stone"}],"items_purged_floors":[20],"is_endless":false,"potions_floor_spawned":[1,7,11,12,13,19,25,33],"seed_played":"5146477355273334990","killed_by":"Maw","ascension_level":4,"potions_obtained":[{"floor":1,"key":"Strength Potion"},{"floor":7,"key":"GamblersBrew"},{"floor":11,"key":"Strength Potion"},{"floor":12,"key":"Swift Potion"},{"floor":13,"key":"LiquidBronze"}],"is_trial":false}