{"path_per_floor":["M","M","?","M","M","$","E","?","T","R","M","M","R","M","R","B",null,"M","$","M","M","?","R","E","M","T","R","?","M","?","$","R"],"character_chosen":"IRONCLAD","items_purchased":["Shrug It Off","Poison Potion","Whirlwind","Blood Vial","Flex"],"gold_per_floor":[113,128,128,142,158,54,79,79,104,104,115,133,133,151,151,255,255,268,4,20,20,20,20,50,65,65,65,65,84,84,32,32,32],"floor_reached":33,"campfire_rested":5,"playtime":1606,"item_purchase_floors":[6,6,19,19,31],"current_hp_per_floor":[74,70,54,59,48,48,34,34,34,58,61,52,76,80,80,43,80,53,53,56,58,58,80,20,16,16,40,40,39,39,39,63,0],"items_purged":["Strike_R"],"gold":32,"score":309,"play_id":"cc6ff74c-f410-47ed-802b-dc6ca0fc1a96","local_time":"20180609151434","is_prod":false,"is_daily":false,"chose_seed":false,"is_ascension_mode":true,"campfire_upgraded":1,"win_rate":0,"timestamp":1528571674,"campfire_choices":[{"floor":10,"key":"REST"},{"floor":13,"key":"REST"},{"data":"Impervious","floor":15,"key":"SMITH"},{"floor":23,"key":"REST"},{"floor":27,"key":"REST"},{"floor":32,"key":"REST"}],"path_taken":["M","M","?","M","M","$","E","?","T","R","M","M","R","?","R","BOSS","M","$","M","M","?","R","E","M","T","R","?","M","?","$","R","BOSS"],"build_version":"2018-06-07v3","seed_source_timestamp":244335328353999,"purchased_purges":1,"victory":false,"master_deck":["Strike_R+1","Strike_R","Strike_R+1","Strike_R","Defend_R","Defend_R","Defend_R","Bash","Inflame","Seeing Red","Power Through","Flex","Heavy Blade","Shrug It Off","Flex","Thunderclap","Shrug It Off","Limit Break","Armaments","Whirlwind","Sword Boomerang","Armaments","Cleave","Impervious","RitualDagger","Flex"],"max_hp_per_floor":[80,80,80,80,80,80,80,80,80,80,80,80,80,80,80,80,80,80,80,80,80,80,80,80,80,80,80,80,80,80,80,80,80],"relics":["Black Blood","Pen Nib","Omamori","Blood Vial","Juzu Bracelet","Letter Opener","Centennial Puzzle"],"card_choices":[{"not_picked":["Perfected Strike","Warcry"],"picked":"Seeing Red","floor":1},{"not_picked":["Headbutt","Clothesline"],"picked":"Power Through","floor":2},{"not_picked":["Entrench","Wild Strike"],"picked":"Flex","floor":4},{"not_picked":["Intimidate","Clothesline"],"picked":"Heavy Blade","floor":5},{"not_picked":["Cleave","Bloodletting"],"picked":"Impervious","floor":7},{"not_picked":["Battle Trance","Corruption"],"picked":"Flex","floor":11},{"not_picked":["Pommel Strike","Warcry"],"picked":"Thunderclap","floor":12},{"not_picked":["Headbutt","Flex"],"picked":"Shrug It Off","floor":14},{"not_picked":["Reaper","Feed"],"picked":"Limit Break","floor":16},{"not_picked":["Wild Strike","Clothesline"],"picked":"Armaments","floor":18},{"not_picked":["Clothesline","Perfected Strike+1"],"picked":"Sword Boomerang","floor":20},{"not_picked":["Headbutt","Feel No Pain+1"],"picked":"Armaments","floor":24},{"not_picked":["Clash","Iron Wave"],"picked":"Cleave","floor":25},{"not_picked":["Rampage","Havoc+1","Uppercut+1"],"picked":"SKIP","floor":29}],"player_experience":439903,"potions_floor_usage":[7,7,7,16,21,29,29],"damage_taken":[{"damage":12,"enemies":"Jaw Worm","floor":1,"turns":3},{"damage":10,"enemies":"Small Slimes","floor":2,"turns":4},{"damage":1,"enemies":"Cultist","floor":4,"turns":3},{"damage":17,"enemies":"3 Louse","floor":5,"turns":4},{"damage":20,"enemies":"Lagavulin","floor":7,"turns":4},{"damage":3,"enemies":"Looter","floor":11,"turns":3},{"damage":15,"enemies":"2 Fungi Beasts","floor":12,"turns":4},{"damage":2,"enemies":"Large Slime","floor":14,"turns":4},{"damage":43,"enemies":"Slime Boss","floor":16,"turns":12},{"damage":37,"enemies":"Shell Parasite","floor":18,"turns":5},{"damage":9,"enemies":"2 Thieves","floor":20,"turns":4},{"damage":10,"enemies":"3 Cultists","floor":21,"turns":3},{"damage":70,"enemies":"Slavers","floor":24,"turns":7},{"damage":16,"enemies":"Snake Plant","floor":25,"turns":5},{"damage":13,"enemies":"Snecko","floor":29,"turns":3},{"damage":72,"enemies":"Automaton","floor":33,"turns":6}],"relics_obtained":[{"floor":7,"key":"Pen Nib"},{"floor":9,"key":"Omamori"},{"floor":24,"key":"Letter Opener"},{"floor":26,"key":"Centennial Puzzle"}],"event_choices":[{"event_name":"Shining Light","player_choice":"Entered Light","floor":3,"damage_taken":0},{"event_name":"Dead Adventurer","player_choice":"Searched \u00271\u0027 times","floor":8,"damage_taken":0},{"event_name":"The Mausoleum","player_choice":"Yes","floor":22,"damage_taken":0},{"event_name":"Forgotten Altar","player_choice":"Smashed Altar","floor":28,"damage_taken":0},{"event_name":"Nest","player_choice":"Joined the Cult","floor":30,"damage_taken":0}],"boss_relics":[{"not_picked":["Busted Crown","Eternal Feather"],"picked":"Black Blood"}],"items_purged_floors":[19],"potions_floor_spawned":[4,5,12,14,20,21,25],"seed_played":"-966083673859587982","killed_by":"Automaton","ascension_level":3,"potions_obtained":[{"floor":4,"key":"LiquidBronze"},{"floor":5,"key":"Poison Potion"},{"floor":12,"key":"PowerPotion"},{"floor":14,"key":"SmokeBomb"},{"floor":20,"key":"Swift Potion"},{"floor":25,"key":"SkillPotion"}],"is_trial":false}