{"gold_per_floor":[119,139,150,150,168,168,196,196,196,216,216,234,244,272,272,372,372,385,329,346,346,357,357,384,384,455,486,486,3,3],"floor_reached":30,"playtime":1688,"items_purged":[],"score":322,"play_id":"b2efb636-ebf2-43cf-bef6-3ba174c5a118","local_time":"20190209091611","is_ascension_mode":true,"campfire_choices":[{"data":"Uppercut","floor":6,"key":"SMITH"},{"data":"Bash","floor":8,"key":"SMITH"},{"data":"Disarm","floor":11,"key":"SMITH"},{"floor":15,"key":"REST"},{"data":"RitualDagger","floor":23,"key":"SMITH"},{"data":"True Grit","floor":25,"key":"SMITH"},{"data":"Limit Break","floor":28,"key":"SMITH"}],"neow_cost":"NONE","seed_source_timestamp":2708089537421117,"circlet_count":0,"master_deck":["Strike_R","Strike_R","Strike_R","Strike_R","Strike_R","Defend_R","Defend_R","Defend_R","Defend_R","Bash+1","Uppercut+1","Reckless Charge","Disarm+1","Feel No Pain","True Grit+1","Iron Wave","Limit Break+1","RitualDagger+1","Dropkick","Battle Trance+1"],"relics":["Burning Blood","Ornamental Fan","Charon\u0027s Ashes","Girya","Sozu","Magic Flower","Vajra","Matryoshka","Shuriken","Gremlin Horn"],"potions_floor_usage":[3,7,14],"damage_taken":[{"damage":6,"enemies":"Cultist","floor":1,"turns":4},{"damage":4,"enemies":"2 Louse","floor":2,"turns":2},{"damage":2,"enemies":"Jaw Worm","floor":3,"turns":3},{"damage":16,"enemies":"Exordium Wildlife","floor":5,"turns":4},{"damage":35,"enemies":"3 Sentries","floor":7,"turns":6},{"damage":6,"enemies":"Looter","floor":10,"turns":2},{"damage":10,"enemies":"2 Fungi Beasts","floor":12,"turns":4},{"damage":12,"enemies":"Blue Slaver","floor":13,"turns":3},{"damage":24,"enemies":"Lagavulin","floor":14,"turns":5},{"damage":32,"enemies":"Slime Boss","floor":16,"turns":11},{"damage":15,"enemies":"Spheric Guardian","floor":18,"turns":6},{"damage":13,"enemies":"3 Byrds","floor":20,"turns":6},{"damage":21,"enemies":"3 Cultists","floor":22,"turns":5},{"damage":27,"enemies":"Book of Stabbing","floor":24,"turns":7},{"damage":36,"enemies":"Slavers","floor":27,"turns":6},{"damage":21,"enemies":"Book of Stabbing","floor":30,"turns":4}],"seed_played":"1232786390774797260","potions_obtained":[{"floor":1,"key":"Energy Potion"},{"floor":2,"key":"GamblersBrew"},{"floor":12,"key":"AttackPotion"},{"floor":16,"key":"Ancient Potion"}],"is_trial":false,"path_per_floor":["M","M","M","?","M","R","E","R","T","M","R","M","M","E","R","B",null,"M","?","M","?","M","R","E","R","T","E","R","$","E"],"character_chosen":"IRONCLAD","items_purchased":["Shuriken","Gremlin Horn"],"campfire_rested":1,"item_purchase_floors":[29,29],"current_hp_per_floor":[88,88,88,80,70,70,41,41,41,41,41,37,31,13,39,13,88,79,79,75,69,57,57,39,39,39,12,12,12,0],"gold":3,"neow_bonus":"TEN_PERCENT_HP_BONUS","is_prod":false,"is_daily":false,"chose_seed":false,"campfire_upgraded":6,"win_rate":0,"timestamp":1549725371,"path_taken":["M","?","M","?","M","R","E","R","T","M","R","M","?","E","R","BOSS","M","?","?","?","M","R","E","R","T","E","R","$","E"],"build_version":"2019-02-06","purchased_purges":0,"victory":false,"max_hp_per_floor":[88,88,88,88,88,88,88,88,88,88,88,88,88,88,88,88,88,88,88,88,88,88,88,88,88,88,88,88,88,88],"card_choices":[{"not_picked":["Armaments","Havoc"],"picked":"Uppercut","floor":1},{"not_picked":["Sword Boomerang","Cleave","Heavy Blade"],"picked":"SKIP","floor":2},{"not_picked":["Heavy Blade","Combust","Pommel Strike"],"picked":"SKIP","floor":3},{"not_picked":["Heavy Blade","Whirlwind"],"picked":"Reckless Charge","floor":5},{"not_picked":["Sword Boomerang","Whirlwind"],"picked":"Disarm","floor":7},{"not_picked":["Power Through","Clothesline","Body Slam"],"picked":"SKIP","floor":10},{"not_picked":["Dropkick","Warcry"],"picked":"Feel No Pain","floor":12},{"not_picked":["Armaments","Headbutt"],"picked":"True Grit","floor":13},{"not_picked":["Fiend Fire","Heavy Blade"],"picked":"Iron Wave","floor":14},{"not_picked":["Impervious","Berserk"],"picked":"Limit Break","floor":16},{"not_picked":["True Grit","Uppercut","Perfected Strike"],"picked":"SKIP","floor":18},{"not_picked":["Thunderclap","Whirlwind","Flex+1"],"picked":"SKIP","floor":20},{"not_picked":["Heavy Blade+1","Cleave"],"picked":"Dropkick","floor":22},{"not_picked":["Intimidate","Ghostly Armor"],"picked":"Battle Trance+1","floor":24},{"not_picked":["Rupture","Wild Strike","Power Through"],"picked":"SKIP","floor":27}],"player_experience":55443,"relics_obtained":[{"floor":7,"key":"Ornamental Fan"},{"floor":9,"key":"Charon\u0027s Ashes"},{"floor":14,"key":"Girya"},{"floor":24,"key":"Vajra"},{"floor":27,"key":"Matryoshka"}],"event_choices":[{"damage_healed":0,"gold_gain":0,"player_choice":"Damaged","damage_taken":8,"max_hp_gain":0,"max_hp_loss":0,"event_name":"Wheel of Change","floor":4,"gold_loss":0},{"damage_healed":0,"gold_gain":0,"player_choice":"Paid Gold","damage_taken":0,"relics_obtained":["Magic Flower"],"max_hp_gain":0,"max_hp_loss":0,"event_name":"WeMeetAgain","floor":19,"gold_loss":56},{"damage_healed":0,"gold_gain":0,"player_choice":"Joined the Cult","damage_taken":6,"max_hp_gain":0,"max_hp_loss":0,"event_name":"Nest","floor":21,"gold_loss":0,"cards_obtained":["RitualDagger"]}],"is_beta":true,"boss_relics":[{"not_picked":["Tiny House","Runic Cube"],"picked":"Sozu"}],"items_purged_floors":[],"is_endless":false,"potions_floor_spawned":[1,2,12,16,20],"killed_by":"Book of Stabbing","ascension_level":3}