{"gold_per_floor":[115,40,51,1,14,14,189,199,199,199,211,211,221,238,238,336,336,356,73,73,73,73,73,73,84,84,183,183,195,70,87,87,87],"floor_reached":33,"playtime":1405,"items_purged":["Defend_G","Strike_G","Doubt"],"score":237,"play_id":"4fe6047f-2d1e-4cec-b708-cdec36b7aa46","local_time":"20181202201558","is_ascension_mode":false,"campfire_choices":[{"data":"Neutralize","floor":6,"key":"SMITH"},{"data":"Burst","floor":12,"key":"SMITH"},{"data":"Predator","floor":15,"key":"SMITH"},{"data":"Mayhem","floor":23,"key":"SMITH"},{"data":"Adrenaline","floor":28,"key":"SMITH"},{"floor":32,"key":"REST"}],"neow_cost":"NONE","seed_source_timestamp":95617892265356,"circlet_count":0,"master_deck":["Defend_G","Defend_G","Defend_G","Defend_G","Strike_G","Survivor","Neutralize+1","Backflip","Dagger Spray","Burst+1","Dodge and Roll","Neutralize","Predator+1","Deadly Poison","Adrenaline+1","Mayhem+1","Flechettes","Cloak And Dagger+1"],"relics":["Empty Cage"],"potions_floor_usage":[16,16,29],"damage_taken":[{"damage":1,"enemies":"2 Louse","floor":1,"turns":5},{"damage":0,"enemies":"Small Slimes","floor":3,"turns":5},{"damage":0,"enemies":"Cultist","floor":5,"turns":4},{"damage":4,"enemies":"Red Slaver","floor":8,"turns":7},{"damage":11,"enemies":"3 Louse","floor":11,"turns":4},{"damage":0,"enemies":"2 Fungi Beasts","floor":13,"turns":5},{"damage":9,"enemies":"Large Slime","floor":14,"turns":7},{"damage":25,"enemies":"The Guardian","floor":16,"turns":15},{"damage":14,"enemies":"Spheric Guardian","floor":18,"turns":7},{"damage":0,"enemies":"3 Byrds","floor":25,"turns":6},{"damage":48,"enemies":"Cultist and Chosen","floor":29,"turns":12},{"damage":0,"enemies":"Snake Plant","floor":31,"turns":5},{"damage":35,"enemies":"Champ","floor":33,"turns":13}],"seed_played":"6259112488008384103","potions_obtained":[{"floor":3,"key":"SpeedPotion"},{"floor":8,"key":"AttackPotion"},{"floor":11,"key":"Fire Potion"},{"floor":14,"key":"EssenceOfSteel"},{"floor":18,"key":"Ancient Potion"}],"is_trial":false,"path_per_floor":["M","$","M","?","M","R","?","M","T","?","M","R","M","M","R","B",null,"M","$","$","?","?","R","?","M","T","?","R","M","$","M","R","B"],"character_chosen":"THE_SILENT","items_purchased":["Mayhem"],"campfire_rested":1,"item_purchase_floors":[19],"current_hp_per_floor":[69,69,69,69,69,69,69,65,65,65,54,54,54,45,45,20,70,56,56,56,56,56,56,56,56,56,56,56,8,8,8,29,0],"gold":87,"neow_bonus":"BOSS_RELIC","is_prod":false,"is_daily":false,"chose_seed":false,"campfire_upgraded":5,"win_rate":0,"timestamp":1543778158,"path_taken":["M","$","M","?","M","R","?","M","T","?","M","R","M","?","R","BOSS","M","?","$","?","?","R","?","M","T","?","R","M","$","M","R","BOSS"],"build_version":"2018-11-15","purchased_purges":3,"victory":false,"max_hp_per_floor":[70,70,70,70,70,70,70,70,70,70,70,70,70,70,70,70,70,70,70,70,70,70,70,70,70,70,70,70,70,70,70,70,70],"card_choices":[{"not_picked":["Dagger Throw","Deflect"],"picked":"Backflip","floor":1},{"not_picked":["Deflect","Backstab"],"picked":"Dagger Spray","floor":3},{"not_picked":["Distraction","Flying Knee"],"picked":"Burst","floor":5},{"not_picked":["Bane","Slice"],"picked":"Dodge and Roll","floor":8},{"not_picked":["Catalyst","Endless Agony","Dagger Spray"],"picked":"SKIP","floor":11},{"not_picked":["Crippling Poison","Underhanded Strike"],"picked":"Predator","floor":13},{"not_picked":["Dagger Spray","Well Laid Plans"],"picked":"Deadly Poison","floor":14},{"not_picked":["A Thousand Cuts","Bullet Time"],"picked":"Adrenaline","floor":16},{"not_picked":["Sucker Punch+1","Acrobatics","Blade Dance"],"picked":"SKIP","floor":18},{"not_picked":["Outmaneuver","Poisoned Stab","Flying Knee"],"picked":"SKIP","floor":25},{"not_picked":["Underhanded Strike","Acrobatics"],"picked":"Flechettes","floor":29},{"not_picked":["Deadly Poison","Heel Hook"],"picked":"Cloak And Dagger+1","floor":31}],"player_experience":1059776,"relics_obtained":[],"event_choices":[{"cards_removed":["Strike_G"],"damage_healed":0,"gold_gain":0,"player_choice":"Card Removal","damage_taken":0,"max_hp_gain":0,"max_hp_loss":0,"event_name":"The Cleric","floor":4,"gold_loss":50},{"damage_healed":0,"gold_gain":175,"player_choice":"AGREE","damage_taken":0,"max_hp_gain":0,"max_hp_loss":0,"event_name":"Liars Game","floor":7,"gold_loss":0,"cards_obtained":["Doubt"]},{"damage_healed":0,"gold_gain":0,"player_choice":"1 cards matched","damage_taken":0,"max_hp_gain":0,"max_hp_loss":0,"event_name":"Match and Keep!","floor":10,"gold_loss":0,"cards_obtained":["Neutralize"]},{"damage_healed":0,"gold_gain":0,"player_choice":"Ignored","damage_taken":0,"max_hp_gain":0,"max_hp_loss":0,"event_name":"Vampires","floor":21,"gold_loss":0},{"damage_healed":0,"gold_gain":0,"player_choice":"Ignored","damage_taken":0,"max_hp_gain":0,"max_hp_loss":0,"event_name":"Cursed Tome","floor":22,"gold_loss":0},{"damage_healed":0,"gold_gain":0,"player_choice":"Ignored","damage_taken":0,"max_hp_gain":0,"max_hp_loss":0,"event_name":"The Mausoleum","floor":24,"gold_loss":0},{"damage_healed":0,"gold_gain":99,"player_choice":"Stole From Cult","damage_taken":0,"max_hp_gain":0,"max_hp_loss":0,"event_name":"Nest","floor":27,"gold_loss":0}],"is_beta":false,"boss_relics":[{"not_picked":["Lizard Tail","Orrery","Pandora\u0027s Box"]}],"items_purged_floors":[2,19,30],"is_endless":false,"potions_floor_spawned":[3,8,11,14,18],"killed_by":"Champ","ascension_level":0}