{"gold_per_floor":[119,89,106,35,35,35,67,82,82,82,157,173,187,199,199,299,299,316,6,20,37,56,81,81,81,107,141,141,141,155,167,167,266,266,285,285,296,311,211,211,241,241,264,264,264,281,281,300,300,300],"floor_reached":50,"playtime":3024,"items_purged":["Strike_G","Strike_G"],"score":541,"play_id":"c8f10c7e-3568-4044-876c-b452ced7b63b","local_time":"20181212174316","is_ascension_mode":false,"campfire_choices":[{"data":"Neutralize","floor":6.0,"key":"SMITH"},{"data":"Cloak And Dagger","floor":10.0,"key":"SMITH"},{"data":"Noxious Fumes","floor":15.0,"key":"SMITH"},{"floor":25.0,"key":"REST"},{"floor":29.0,"key":"REST"},{"floor":32.0,"key":"REST"},{"floor":40.0,"key":"REST"},{"floor":44.0,"key":"RECALL"},{"floor":47,"key":"REST"},{"floor":49,"key":"REST"}],"neow_cost":"NONE","seed_source_timestamp":48662646164162,"circlet_count":0,"master_deck":["Defend_G","Defend_G","Defend_G","Defend_G","Defend_G","Strike_G+1","Survivor","Neutralize+1","Backflip","Cloak And Dagger+1","Noxious Fumes+1","Blur","Dash+1","Backflip","Endless Agony","Blade Dance","Unload","Quick Slash+1","Apotheosis+1","Cloak And Dagger","Quick Slash+1","Footwork+1","Terror","Choke+1","Quick Slash+1","Deflect+1","Slice"],"special_seed":0,"relics":["Empty Cage","Strawberry","Frozen Egg 2","Busted Crown","Whetstone","Pen Nib","Black Star","Blood Vial","Bottled Lightning","Boot"],"potions_floor_usage":[48,50],"damage_taken":[{"damage":1.0,"enemies":"2 Louse","floor":1.0,"turns":3.0},{"damage":1.0,"enemies":"Cultist","floor":3.0,"turns":6.0},{"damage":16.0,"enemies":"3 Sentries","floor":7.0,"turns":10.0},{"damage":0.0,"enemies":"Small Slimes","floor":8.0,"turns":4.0},{"damage":0.0,"enemies":"2 Fungi Beasts","floor":12.0,"turns":4.0},{"damage":3.0,"enemies":"Exordium Wildlife","floor":13.0,"turns":5.0},{"damage":8.0,"enemies":"Exordium Thugs","floor":14.0,"turns":6.0},{"damage":34.0,"enemies":"The Guardian","floor":16.0,"turns":10.0},{"damage":10.0,"enemies":"2 Thieves","floor":18.0,"turns":4.0},{"damage":2.0,"enemies":"3 Byrds","floor":20.0,"turns":5.0},{"damage":0.0,"enemies":"Cultist and Chosen","floor":21.0,"turns":7.0},{"damage":15.0,"enemies":"Snake Plant","floor":22.0,"turns":5.0},{"damage":38.0,"enemies":"Gremlin Leader","floor":23.0,"turns":6.0},{"damage":28.0,"enemies":"Slavers","floor":27.0,"turns":6.0},{"damage":1.0,"enemies":"Shelled Parasite and Fungi","floor":30.0,"turns":5.0},{"damage":8.0,"enemies":"Sentry and Sphere","floor":31.0,"turns":6.0},{"damage":11.0,"enemies":"Automaton","floor":33.0,"turns":9.0},{"damage":38.0,"enemies":"3 Darklings","floor":35.0,"turns":5.0},{"damage":9.0,"enemies":"3 Shapes","floor":37.0,"turns":3.0},{"damage":7.0,"enemies":"Spire Growth","floor":38.0,"turns":4.0},{"damage":17.0,"enemies":"Reptomancer","floor":41.0,"turns":8.0},{"damage":0.0,"enemies":"3 Darklings","floor":45.0,"turns":1.0},{"damage":29,"enemies":"Jaw Worm Horde","floor":46,"turns":5},{"damage":10,"enemies":"4 Shapes","floor":48,"turns":5},{"damage":68,"enemies":"Time Eater","floor":50,"turns":9}],"seed_played":"6255543908933857697","potions_obtained":[{"floor":2.0,"key":"Regen Potion"},{"floor":2.0,"key":"SkillPotion"},{"floor":3.0,"key":"Regen Potion"},{"floor":7.0,"key":"Fire Potion"},{"floor":8.0,"key":"EntropicBrew"},{"floor":23.0,"key":"LiquidBronze"},{"floor":27.0,"key":"GhostInAJar"},{"floor":30.0,"key":"SteroidPotion"},{"floor":48,"key":"Fruit Juice"}],"is_trial":false,"path_per_floor":["M","?","M","$","?","R","E","M","T","R","?","M","M","M","R","B",null,"M","$","M","M","M","E","?","R","T","E","?","R","M","M","R","B",null,"M","?","M","M","$","R","E","?","T","R","M","M","R","M","R","B"],"character_chosen":"THE_SILENT","items_purchased":["Noxious Fumes","Apotheosis","Cloak And Dagger"],"campfire_rested":6,"item_purchase_floors":[4,19,19],"current_hp_per_floor":[69,69,68,68,73,73,64,64,64,64,53,53,50,42,42,62,82,72,72,70,70,55,17,17,41,41,13,13,37,36,28,52,41,82,44,44,35,28,28,52,35,35,35,35,37,10,34,31,57,0],"gold":300,"neow_bonus":"BOSS_RELIC","is_prod":false,"is_daily":false,"chose_seed":false,"campfire_upgraded":3,"win_rate":0,"timestamp":1544654596,"path_taken":["M","?","?","$","?","R","E","M","T","R","?","M","?","M","R","BOSS","M","$","M","M","M","E","?","R","T","E","?","R","M","M","R","BOSS","M","?","?","?","$","R","E","?","T","R","M","M","R","M","R","BOSS"],"build_version":"2018-12-06","purchased_purges":2,"victory":false,"max_hp_per_floor":[70,70,70,70,75,75,82,82,82,82,82,82,82,82,82,82,82,82,82,82,82,82,82,82,82,82,82,82,82,82,82,82,82,82,82,82,82,82,82,82,82,82,82,82,82,82,82,87,87,87],"card_choices":[{"not_picked":["Prepared","Slice"],"picked":"Backflip","floor":1.0},{"not_picked":["Deadly Poison","Dagger Spray"],"picked":"Cloak And Dagger","floor":3.0},{"not_picked":["Backflip","Flechettes"],"picked":"Blur","floor":7.0},{"not_picked":["Eviscerate","Bane"],"picked":"Dash","floor":8.0},{"not_picked":["Distraction","Dodge and Roll"],"picked":"Backflip","floor":12.0},{"not_picked":["Reflex","Flying Knee"],"picked":"Endless Agony","floor":13.0},{"not_picked":["Underhanded Strike","PiercingWail"],"picked":"Blade Dance","floor":14.0},{"not_picked":["Bullet Time","Wraith Form v2+1"],"picked":"Unload","floor":16.0},{"not_picked":[],"picked":"Quick Slash+1","floor":18.0},{"not_picked":[],"picked":"Quick Slash+1","floor":20.0},{"not_picked":["Eviscerate"],"picked":"SKIP","floor":21.0},{"not_picked":[],"picked":"Footwork+1","floor":22.0},{"not_picked":["Underhanded Strike"],"picked":"SKIP","floor":23.0},{"not_picked":[],"picked":"Terror","floor":27.0},{"not_picked":["Outmaneuver"],"picked":"SKIP","floor":30.0},{"not_picked":[],"picked":"Choke+1","floor":31.0},{"not_picked":[],"picked":"Quick Slash+1","floor":35.0},{"not_picked":["Dagger Throw+1"],"picked":"SKIP","floor":37.0},{"not_picked":[],"picked":"Deflect+1","floor":38.0},{"not_picked":["Poisoned Stab"],"picked":"SKIP","floor":41.0},{"not_picked":["Poisoned Stab"],"picked":"SKIP","floor":46},{"not_picked":[],"picked":"Slice","floor":48}],"player_experience":1864030,"relics_obtained":[{"floor":7.0,"key":"Strawberry"},{"floor":9.0,"key":"Frozen Egg 2"},{"floor":23.0,"key":"Whetstone"},{"floor":27.0,"key":"Pen Nib"},{"floor":41.0,"key":"Blood Vial"},{"floor":41.0,"key":"Bottled Lightning"},{"floor":43.0,"key":"Boot"}],"event_choices":[{"damage_healed":0.0,"max_hp_gain":0.0,"max_hp_loss":0.0,"gold_gain":0.0,"event_name":"The Woman in Blue","player_choice":"Bought 2 Potions","floor":2.0,"gold_loss":0.0,"damage_taken":0.0},{"damage_healed":0.0,"max_hp_gain":5.0,"max_hp_loss":0.0,"gold_gain":0.0,"event_name":"Big Fish","player_choice":"Donut","floor":5.0,"gold_loss":0.0,"damage_taken":0.0},{"damage_healed":0.0,"max_hp_gain":0.0,"max_hp_loss":0.0,"gold_gain":75.0,"event_name":"World of Goop","player_choice":"Gather Gold","floor":11.0,"gold_loss":0.0,"damage_taken":11.0},{"damage_healed":0.0,"max_hp_gain":0.0,"max_hp_loss":0.0,"gold_gain":0.0,"event_name":"Cursed Tome","player_choice":"Ignored","floor":24.0,"gold_loss":0.0,"damage_taken":0.0},{"damage_healed":0.0,"max_hp_gain":0.0,"max_hp_loss":0.0,"gold_gain":0.0,"event_name":"Accursed Blacksmith","player_choice":"Forge","floor":28.0,"gold_loss":0.0,"damage_taken":0.0,"cards_upgraded":["Apotheosis"]},{"damage_healed":0.0,"max_hp_gain":0.0,"max_hp_loss":0.0,"gold_gain":0.0,"event_name":"SecretPortal","player_choice":"Ignored","floor":36.0,"gold_loss":0.0,"damage_taken":0.0},{"damage_healed":0.0,"max_hp_gain":0.0,"max_hp_loss":0.0,"gold_gain":0.0,"event_name":"Tomb of Lord Red Mask","player_choice":"Ignored","floor":42.0,"gold_loss":0.0,"damage_taken":0.0}],"is_beta":false,"boss_relics":[{"not_picked":["White Beast Statue","Orrery"],"picked":"Busted Crown"},{"not_picked":["Calling Bell","Runic Pyramid"],"picked":"Black Star"}],"items_purged_floors":[19,39],"is_endless":false,"potions_floor_spawned":[3,7,8,12,23,27,30,45,48],"killed_by":"Time Eater","ascension_level":0}