{"gold_per_floor":[114,129,7,22,37,67,82,112,137,137,137,137,152,167,167,267,267,282,32,32,32,47,47,77,77,127,157,172,187,202,232,232,332,332,347,171,171,186,201,201,231,246,271,313,340,367,32,47,47,47],"floor_reached":51,"playtime":2371,"items_purged":["Masterful Stab","Normality"],"score":1158,"play_id":"bcba516d-0736-498b-9cef-0eeade900da6","local_time":"20180920150940","daily_mods":["Heirloom","Cursed Run","Time Dilation"],"is_ascension_mode":false,"campfire_choices":[{"data":"Skewer","floor":12.0,"key":"SMITH"},{"data":"Footwork","floor":15.0,"key":"SMITH"},{"data":"Dagger Spray","floor":23.0,"key":"SMITH"},{"data":"Blade Dance","floor":25.0,"key":"SMITH"},{"data":"Infinite Blades","floor":32.0,"key":"SMITH"},{"data":"Finisher","floor":40,"key":"SMITH"},{"data":"Metamorphosis","floor":49,"key":"SMITH"}],"neow_cost":"","seed_source_timestamp":0,"circlet_count":0,"master_deck":["Defend_G","Defend_G","Defend_G","Defend_G","Defend_G","Strike_G","Strike_G","Strike_G","Survivor","Neutralize","Endless Agony","Blade Dance+1","Leg Sweep","Blade Dance","Skewer+1","Dash","Die Die Die","Deflect","Shame","Regret","Dagger Throw","Footwork+1","Shame","Adrenaline+1","Dagger Spray+1","Escape Plan","Finisher+1","PiercingWail","Prepared","Blade Dance","Die Die Die","Infinite Blades+1","PiercingWail","Dodge and Roll","Shame","Glass Knife","Well Laid Plans+1","Backstab","Cloak And Dagger","Dagger Throw","Blade Dance+1","Pain","Deflect+1","Calculated Gamble+1","Blade Dance+1","Dramatic Entrance","Metamorphosis+1","Dagger Spray+1","Doubt"],"special_seed":17794,"relics":["Cursed Key","Darkstone Periapt","Du-Vu Doll","Unceasing Top","Vajra","Centennial Puzzle","Smiling Mask","Regal Pillow","Orrery","Blue Candle","Ornamental Fan","Art of War","Meat on the Bone","Turnip","HoveringKite","Strawberry","MawBank","Potion Belt"],"potions_floor_usage":[50,50,50],"damage_taken":[{"damage":0.0,"enemies":"Small Slimes","floor":1.0,"turns":4.0},{"damage":3.0,"enemies":"2 Louse","floor":2.0,"turns":2.0},{"damage":1.0,"enemies":"Jaw Worm","floor":4.0,"turns":3.0},{"damage":0.0,"enemies":"Gremlin Gang","floor":5.0,"turns":4.0},{"damage":0.0,"enemies":"Gremlin Nob","floor":6.0,"turns":3.0},{"damage":0.0,"enemies":"Blue Slaver","floor":7.0,"turns":2.0},{"damage":0.0,"enemies":"Lagavulin","floor":8.0,"turns":4.0},{"damage":0.0,"enemies":"3 Louse","floor":13.0,"turns":2.0},{"damage":0.0,"enemies":"Exordium Thugs","floor":14.0,"turns":2.0},{"damage":22.0,"enemies":"The Guardian","floor":16.0,"turns":9.0},{"damage":0.0,"enemies":"3 Byrds","floor":18.0,"turns":3.0},{"damage":10.0,"enemies":"2 Thieves","floor":22.0,"turns":2.0},{"damage":2.0,"enemies":"Book of Stabbing","floor":24.0,"turns":3.0},{"damage":2.0,"enemies":"Gremlin Leader","floor":27.0,"turns":2.0},{"damage":1.0,"enemies":"Cultist and Chosen","floor":28.0,"turns":2.0},{"damage":2.0,"enemies":"3 Cultists","floor":29.0,"turns":2.0},{"damage":1.0,"enemies":"Shelled Parasite and Fungi","floor":30.0,"turns":3.0},{"damage":0.0,"enemies":"Book of Stabbing","floor":31.0,"turns":2.0},{"damage":38,"enemies":"Champ","floor":33,"turns":6},{"damage":2,"enemies":"Orb Walker","floor":35,"turns":1},{"damage":3,"enemies":"3 Shapes","floor":38,"turns":1},{"damage":1,"enemies":"Sphere and 2 Shapes","floor":39,"turns":2},{"damage":1,"enemies":"Giant Head","floor":41,"turns":5},{"damage":1,"enemies":"Reptomancer","floor":42,"turns":2},{"damage":1,"enemies":"Nemesis","floor":44,"turns":3},{"damage":1,"enemies":"Maw","floor":45,"turns":4},{"damage":0,"enemies":"4 Shapes","floor":46,"turns":1},{"damage":2,"enemies":"Reptomancer","floor":48,"turns":1},{"damage":4,"enemies":"Awakened One","floor":50,"turns":5}],"seed_played":"1139054497184590397","potions_obtained":[{"floor":1.0,"key":"Weak Potion"},{"floor":2.0,"key":"AttackPotion"},{"floor":13.0,"key":"Strength Potion"},{"floor":27.0,"key":"Swift Potion"},{"floor":33,"key":"SneckoOil"},{"floor":45,"key":"Block Potion"}],"is_trial":false,"path_per_floor":["M","M","$","M","M","E","M","E","T","?","$","R","M","M","R","B",null,"M","$","?","?","M","R","E","R","T","E","M","M","M","E","R","B",null,"M","$","?","M","M","R","E","M","T","E","M","M","$","M","R","B"],"character_chosen":"THE_SILENT","items_purchased":["Leg Sweep","Fire Potion","Blue Candle","Backstab","SteroidPotion","Dramatic Entrance","Metamorphosis"],"campfire_rested":0,"item_purchase_floors":[3,3,19,36,36,47,47],"current_hp_per_floor":[70,67,67,66,66,66,66,66,72,78,78,78,78,78,78,62,88,88,88,88,88,78,78,76,76,82,80,79,77,76,76,76,56,100,98,98,98,95,94,94,100,99,105,104,103,103,103,101,101,103],"gold":47,"neow_bonus":"","is_prod":false,"is_daily":true,"chose_seed":false,"campfire_upgraded":7,"win_rate":0,"timestamp":1537448980,"path_taken":["M","M","$","M","M","E","M","E","T","?","$","R","M","M","R","BOSS","M","$","?","?","M","R","E","R","T","E","M","M","M","E","R","BOSS","M","$","?","M","?","R","E","M","T","E","M","M","$","M","R","BOSS"],"build_version":"2018-09-06","purchased_purges":2,"victory":true,"max_hp_per_floor":[70,70,70,70,70,70,70,70,76,82,82,82,82,82,82,88,88,88,88,88,88,88,88,88,88,94,94,94,94,94,94,94,100,100,100,100,100,100,100,100,107,107,113,113,113,113,113,113,113,119],"card_choices":[{"not_picked":["Escape Plan","Underhanded Strike"],"picked":"Endless Agony","floor":1.0},{"not_picked":["Deadly Poison","Bouncing Flask"],"picked":"Blade Dance","floor":2.0},{"not_picked":["Bane","Distraction"],"picked":"Blade Dance","floor":4.0},{"not_picked":["Outmaneuver","Blur"],"picked":"Skewer","floor":5.0},{"not_picked":["Well Laid Plans","Acrobatics"],"picked":"Dash","floor":6.0},{"not_picked":["Dagger Spray","Outmaneuver"],"picked":"Die Die Die","floor":7.0},{"not_picked":["Leg Sweep","Outmaneuver"],"picked":"Deflect","floor":8.0},{"not_picked":["Deadly Poison","Quick Slash"],"picked":"Dagger Throw","floor":13.0},{"not_picked":["Slice","Dagger Spray"],"picked":"Footwork","floor":14.0},{"not_picked":["Storm of Steel","Wraith Form v2"],"picked":"Adrenaline","floor":16.0},{"not_picked":["Infinite Blades","Poisoned Stab"],"picked":"Dagger Spray","floor":17.0},{"not_picked":["Dagger Spray","Blade Dance"],"picked":"Escape Plan","floor":17.0},{"not_picked":["Poisoned Stab","Masterful Stab"],"picked":"Finisher","floor":17.0},{"not_picked":["Sucker Punch","Acrobatics"],"picked":"PiercingWail","floor":17.0},{"not_picked":["Underhanded Strike","Terror"],"picked":"Prepared","floor":17.0},{"not_picked":["Flying Knee","Accuracy"],"picked":"Blade Dance","floor":18.0},{"not_picked":["Outmaneuver","Tactician","Expertise"],"picked":"SKIP","floor":22.0},{"not_picked":["Doppelganger","Outmaneuver"],"picked":"Die Die Die","floor":24.0},{"not_picked":["Expertise","Deflect"],"picked":"Infinite Blades","floor":27.0},{"not_picked":["Bane","Eviscerate"],"picked":"PiercingWail","floor":28.0},{"not_picked":["Riddle With Holes","A Thousand Cuts"],"picked":"Dodge and Roll","floor":29.0},{"not_picked":["Backflip","Flying Knee"],"picked":"Masterful Stab","floor":30.0},{"not_picked":["Backflip+1","Outmaneuver","All Out Attack+1"],"picked":"SKIP","floor":31.0},{"not_picked":["Malaise","Phantasmal Killer"],"picked":"Glass Knife","floor":33},{"not_picked":["Dagger Spray+1","Dagger Throw+1"],"picked":"Well Laid Plans+1","floor":35},{"not_picked":["Endless Agony+1","Outmaneuver+1"],"picked":"Cloak And Dagger","floor":38},{"not_picked":["Acrobatics+1","Dash"],"picked":"Dagger Throw","floor":39},{"not_picked":["Venomology","Skewer","Acrobatics+1"],"picked":"SKIP","floor":41},{"not_picked":["Well Laid Plans+1","PiercingWail+1"],"picked":"Blade Dance+1","floor":42},{"not_picked":["Eviscerate+1","Underhanded Strike+1"],"picked":"Deflect+1","floor":44},{"not_picked":["Concentrate","Dagger Throw"],"picked":"Calculated Gamble+1","floor":45},{"not_picked":["Prepared","Skewer"],"picked":"Blade Dance+1","floor":46},{"not_picked":["Caltrops+1","Acrobatics+1"],"picked":"Dagger Spray+1","floor":48}],"player_experience":1453375,"relics_obtained":[{"floor":6.0,"key":"Vajra"},{"floor":8.0,"key":"Centennial Puzzle"},{"floor":9.0,"key":"Smiling Mask"},{"floor":24.0,"key":"Ornamental Fan"},{"floor":26.0,"key":"Art of War"},{"floor":27.0,"key":"Meat on the Bone"},{"floor":31.0,"key":"Turnip"},{"floor":41,"key":"Strawberry"},{"floor":43,"key":"MawBank"},{"floor":44,"key":"Potion Belt"}],"event_choices":[{"event_name":"Big Fish","player_choice":"Box","floor":10.0,"damage_taken":0.0},{"event_name":"Accursed Blacksmith","player_choice":"Forge","floor":20.0,"damage_taken":0.0},{"event_name":"Wheel of Change","player_choice":"Card Removal","floor":21.0,"damage_taken":0.0},{"event_name":"Purifier","player_choice":"One Purge","floor":37,"damage_taken":0}],"is_beta":false,"boss_relics":[{"not_picked":["Empty Cage","Runic Pyramid"],"picked":"Orrery"},{"not_picked":["White Beast Statue","Eternal Feather"],"picked":"HoveringKite"}],"items_purged_floors":[36,47],"is_endless":false,"potions_floor_spawned":[1,2,13,16,27,29,30,33,41,42,45],"ascension_level":0}