{"gold_per_floor":[116,133,148,323,336,336,362,362,438,61,72,87,118,133,133,133],"floor_reached":16,"playtime":1296,"items_purged":["Doubt"],"score":154,"play_id":"8f96fa72-e46d-4b71-be99-80b4d0b6e598","local_time":"20180719220237","is_ascension_mode":true,"campfire_choices":[{"data":"Adrenaline","floor":6,"key":"SMITH"},{"floor":8,"key":"REST"},{"data":"Wraith Form v2","floor":15,"key":"SMITH"}],"neow_cost":"NONE","seed_source_timestamp":15111890474565,"circlet_count":0,"master_deck":["Defend_G","Defend_G","Defend_G","Defend_G","Defend_G","Strike_G","Strike_G","Strike_G","Strike_G","Survivor","Neutralize","Malaise","Quick Slash","Riddle With Holes","Adrenaline+1","PiercingWail","PiercingWail","Leg Sweep","Dagger Throw","PiercingWail","Terror","Slice","Wraith Form v2+1","Dagger Throw","Quick Slash","Dagger Throw"],"relics":["Ring of the Snake","Prayer Wheel","Dodecahedron","Lee\u0027s Waffle","Boot"],"potions_floor_usage":[7,14,14],"damage_taken":[{"damage":2,"enemies":"Small Slimes","floor":1,"turns":9},{"damage":0,"enemies":"Jaw Worm","floor":2,"turns":6},{"damage":0,"enemies":"Cultist","floor":3,"turns":4},{"damage":30,"enemies":"Lots of Slimes","floor":5,"turns":5},{"damage":27,"enemies":"Gremlin Nob","floor":7,"turns":5},{"damage":0,"enemies":"2 Fungi Beasts","floor":11,"turns":4},{"damage":0,"enemies":"Exordium Thugs","floor":12,"turns":4},{"damage":7,"enemies":"3 Sentries","floor":13,"turns":9},{"damage":2,"enemies":"Looter","floor":14,"turns":4},{"damage":72,"enemies":"Slime Boss","floor":16,"turns":12}],"seed_played":"7463554664038814607","potions_obtained":[{"floor":5,"key":"GhostInAJar"},{"floor":11,"key":"Strength Potion"},{"floor":12,"key":"SteroidPotion"}],"is_trial":false,"path_per_floor":["M","M","M","?","M","R","E","R","T","$","M","M","E","M","R"],"character_chosen":"THE_SILENT","items_purchased":["Lee\u0027s Waffle","Leg Sweep","Dagger Throw"],"campfire_rested":1,"item_purchase_floors":[10,10,10],"current_hp_per_floor":[61,61,61,61,31,31,4,25,25,77,77,77,70,68,68,0],"gold":133,"neow_bonus":"TRANSFORM_CARD","is_prod":false,"is_daily":false,"chose_seed":false,"campfire_upgraded":2,"win_rate":0,"timestamp":1532003557,"path_taken":["M","M","M","?","?","R","E","R","T","$","M","M","E","M","R","BOSS"],"build_version":"2018-07-12","purchased_purges":1,"victory":false,"max_hp_per_floor":[70,70,70,70,70,70,70,70,70,77,77,77,77,77,77,77],"card_choices":[{"not_picked":["Dodge and Roll","Cloak And Dagger"],"picked":"Quick Slash","floor":1},{"not_picked":["Underhanded Strike","Noxious Fumes"],"picked":"Riddle With Holes","floor":2},{"not_picked":["PiercingWail","Prepared"],"picked":"Adrenaline","floor":3},{"not_picked":["Deflect","Underhanded Strike"],"picked":"PiercingWail","floor":5},{"not_picked":["Deadly Poison","Slice"],"picked":"PiercingWail","floor":7},{"not_picked":["Quick Slash","Accuracy"],"picked":"PiercingWail","floor":11},{"not_picked":["Quick Slash","Sucker Punch"],"picked":"Terror","floor":11},{"not_picked":["Prepared","Masterful Stab"],"picked":"Slice","floor":12},{"not_picked":["Leg Sweep","Predator"],"picked":"Wraith Form v2","floor":12},{"not_picked":["Deadly Poison","Grand Finale"],"picked":"Dagger Throw","floor":13},{"not_picked":["Distraction","Dagger Spray"],"picked":"Quick Slash","floor":14},{"not_picked":["Masterful Stab","Dodge and Roll"],"picked":"Dagger Throw","floor":14}],"player_experience":192299,"relics_obtained":[{"floor":7,"key":"Prayer Wheel"},{"floor":9,"key":"Dodecahedron"},{"floor":13,"key":"Boot"}],"event_choices":[{"event_name":"Liars Game","player_choice":"agreed","floor":4,"damage_taken":0}],"boss_relics":[],"items_purged_floors":[10],"is_endless":false,"potions_floor_spawned":[5,11,12],"killed_by":"Slime Boss","ascension_level":7}