{"gold_per_floor":[110,35,35,106,106,106,124,124,124,140,140,156,156,174,174,294,294,315,328,328,352,375,375,390,390,468,486,527,33,53,66,66,185,185,201,222,51,51,64,104,128,171,171,171,22,66,66,90,90,90],"floor_reached":51,"playtime":5627,"items_purged":["Doubt","Defend_B"],"score":1112,"play_id":"f45537f5-5515-4e6d-a09e-a4e9dd95fba3","local_time":"20180717222829","is_ascension_mode":true,"campfire_choices":[{"data":"Zap","floor":6.0,"key":"SMITH"},{"data":"Dualcast","floor":8.0,"key":"SMITH"},{"data":"Cold Snap","floor":11.0,"key":"SMITH"},{"data":"Sunder","floor":15.0,"key":"SMITH"},{"floor":23,"key":"REST"},{"floor":32,"key":"REST"},{"floor":44,"key":"REST"},{"floor":47,"key":"REST"},{"floor":49,"key":"REST"}],"neow_cost":"CURSE","seed_source_timestamp":588585424155729,"circlet_count":0,"master_deck":["Zap+1","Dualcast+1","AscendersBane","Cold Snap+1","Compile Driver+1","FTL","Seek","Sunder+1","Buffer","BootSequence+1","Bite","Bite","Bite","Bite+1","Bite","Hologram+1","Cold Snap","Seek","Coolheaded","Undo","Reboot","Sunder+1","Auto Shields+1","Beam Cell+1","Coolheaded","Go for the Eyes+1","Defragment","Cold Snap+1","Go for the Eyes+1","Blizzard+1","Leap","Electrodynamics"],"special_seed":0,"relics":["Cracked Core","Mango","Golden Idol","Singing Bowl","Meat on the Bone","Fusion Hammer","Enchiridion","Pear","Bottled Flame","Calipers","ClockworkSouvenir","Astrolabe","Shuriken","Question Card","Pantograph","Whetstone","Lantern"],"potions_floor_usage":[28,28,33,33,48,50,50],"damage_taken":[{"damage":3.0,"enemies":"2 Louse","floor":1.0,"turns":3.0},{"damage":2.0,"enemies":"Jaw Worm","floor":7.0,"turns":3.0},{"damage":0.0,"enemies":"Small Slimes","floor":10.0,"turns":2.0},{"damage":5.0,"enemies":"2 Fungi Beasts","floor":12.0,"turns":2.0},{"damage":7.0,"enemies":"3 Louse","floor":14.0,"turns":3.0},{"damage":20.0,"enemies":"Slime Boss","floor":16.0,"turns":10.0},{"damage":2.0,"enemies":"Chosen","floor":18.0,"turns":4.0},{"damage":0.0,"enemies":"Spheric Guardian","floor":19.0,"turns":3.0},{"damage":11,"enemies":"Cultist and Chosen","floor":21,"turns":5},{"damage":12,"enemies":"Snake Plant","floor":22,"turns":5},{"damage":11,"enemies":"Chosen and Byrds","floor":24,"turns":6},{"damage":7,"enemies":"Centurion and Healer","floor":27,"turns":4},{"damage":64,"enemies":"Gremlin Leader","floor":28,"turns":10},{"damage":0,"enemies":"Snecko","floor":30,"turns":5},{"damage":16,"enemies":"Slaver and Parasite","floor":31,"turns":5},{"damage":85,"enemies":"Automaton","floor":33,"turns":15},{"damage":0,"enemies":"3 Shapes","floor":35,"turns":2},{"damage":0,"enemies":"Orb Walker","floor":36,"turns":2},{"damage":0,"enemies":"Sphere and 2 Shapes","floor":39,"turns":5},{"damage":13,"enemies":"Nemesis","floor":40,"turns":11},{"damage":9,"enemies":"Transient","floor":41,"turns":5},{"damage":63,"enemies":"Giant Head","floor":42,"turns":9},{"damage":34,"enemies":"Nemesis","floor":46,"turns":5},{"damage":0,"enemies":"Spire Growth","floor":48,"turns":4},{"damage":60,"enemies":"Donu and Deca","floor":50,"turns":9}],"seed_played":"-6297489713891594525","potions_obtained":[{"floor":1.0,"key":"GamblersBrew"},{"floor":7.0,"key":"Dexterity Potion"},{"floor":12.0,"key":"EssenceOfSteel"},{"floor":18.0,"key":"AttackPotion"},{"floor":22,"key":"SkillPotion"},{"floor":24,"key":"Dexterity Potion"},{"floor":28,"key":"EssenceOfSteel"},{"floor":30,"key":"EssenceOfSteel"},{"floor":36,"key":"Ancient Potion"},{"floor":46,"key":"Ancient Potion"},{"floor":48,"key":"FocusPotion"}],"is_trial":false,"path_per_floor":["M","$","?","T","?","R","M","R","T","M","R","M","?","M","R","B",null,"M","M","?","M","M","R","M","?","T","M","E","$","M","M","R","B",null,"M","M","$","?","M","E","M","E","T","R","$","E","R","M","R","B"],"character_chosen":"DEFECT","items_purchased":["Calipers","ClockworkSouvenir","Defragment","Whetstone"],"campfire_rested":5,"item_purchase_floors":[29,29,37,45],"current_hp_per_floor":[79,79,57,57,57,57,55,55,55,55,55,50,43,48,48,40,77,75,75,62,51,51,64,57,41,51,54,30,30,40,44,66,25,63,65,67,67,67,75,69,68,31,31,54,54,44,67,76,78,39],"gold":90,"neow_bonus":"ONE_RARE_RELIC","is_prod":false,"is_daily":false,"chose_seed":false,"campfire_upgraded":4,"win_rate":0,"timestamp":1531859309,"path_taken":["M","$","?","?","?","R","M","R","T","M","R","M","?","M","R","BOSS","M","?","?","M","M","R","M","?","T","?","E","$","M","M","R","BOSS","M","M","$","?","M","E","M","E","T","R","$","E","R","?","R","BOSS"],"build_version":"2018-07-16","purchased_purges":2,"victory":true,"max_hp_per_floor":[89,89,89,89,89,89,89,89,89,89,89,89,89,89,89,89,89,89,89,62,62,64,64,64,64,74,74,74,74,76,76,76,76,76,76,76,76,76,76,76,76,78,78,78,78,78,78,78,78,78],"card_choices":[{"not_picked":["Steam","Hello World"],"picked":"Cold Snap","floor":1.0},{"not_picked":["Beam Cell","Redo"],"picked":"Compile Driver","floor":7.0},{"not_picked":["Steam","Go for the Eyes"],"picked":"FTL","floor":10.0},{"not_picked":["Scrape","Blizzard"],"picked":"Seek","floor":12.0},{"not_picked":["Coolheaded","Streamline"],"picked":"Sunder","floor":14.0},{"not_picked":["Amplify","Rainbow"],"picked":"Buffer","floor":16.0},{"not_picked":["Force Field","Hologram+1"],"picked":"BootSequence+1","floor":18.0},{"not_picked":["Steam","Skim"],"picked":"Hologram","floor":19.0},{"not_picked":["White Noise","Ball Lightning+1"],"picked":"Hologram+1","floor":21},{"not_picked":["Streamline","Compile Driver","Hello World+1"],"picked":"Singing Bowl","floor":22},{"not_picked":["Streamline","Rebound"],"picked":"Cold Snap","floor":24},{"not_picked":["Reprogram","Barrage+1"],"picked":"Seek","floor":27},{"not_picked":["Streamline+1","Leap"],"picked":"Coolheaded","floor":28},{"not_picked":["Stack","Rip and Tear","Heatsinks"],"picked":"Singing Bowl","floor":30},{"not_picked":["Steam","Sweeping Beam"],"picked":"Undo","floor":31},{"not_picked":["Thunder Strike","Buffer"],"picked":"Reboot","floor":33},{"not_picked":["Turbo","Recycle"],"picked":"Coolheaded","floor":35},{"not_picked":["Skim+1","Coolheaded"],"picked":"Go for the Eyes+1","floor":36},{"not_picked":["Barrage","Storm+1"],"picked":"Cold Snap+1","floor":39},{"not_picked":["Skim+1","Ball Lightning+1"],"picked":"Go for the Eyes+1","floor":40},{"not_picked":["Ball Lightning+1","Lockon+1"],"picked":"Blizzard+1","floor":41},{"not_picked":["Skim+1","Force Field","Reprogram+1"],"picked":"Singing Bowl","floor":42},{"not_picked":["Sweeping Beam+1","Storm","Reprogram+1"],"picked":"Leap","floor":46},{"not_picked":["Coolheaded+1","Gash","Melter"],"picked":"Electrodynamics","floor":48}],"player_experience":331499,"relics_obtained":[{"floor":4.0,"key":"Singing Bowl"},{"floor":9.0,"key":"Meat on the Bone"},{"floor":25,"key":"Enchiridion"},{"floor":26,"key":"Pear"},{"floor":28,"key":"Bottled Flame"},{"floor":40,"key":"Shuriken"},{"floor":42,"key":"Question Card"},{"floor":43,"key":"Pantograph"},{"floor":46,"key":"Lantern"}],"event_choices":[{"event_name":"Golden Idol","player_choice":"Take Damage","floor":3.0,"damage_taken":0.0},{"event_name":"Liars Game","player_choice":"disagreed","floor":5.0,"damage_taken":0.0},{"event_name":"Golden Wing","player_choice":"Card Removal","floor":13.0,"damage_taken":0.0},{"event_name":"Vampires","player_choice":"Became a vampire","floor":20.0,"damage_taken":0.0},{"event_name":"Cursed Tome","player_choice":"Obtained Book","floor":25,"damage_taken":0},{"event_name":"Purifier","player_choice":"One Purge","floor":38,"damage_taken":0}],"boss_relics":[{"not_picked":["Philosopher\u0027s Stone","Busted Crown"],"picked":"Fusion Hammer"},{"not_picked":["Nuclear Battery","Snecko Eye"],"picked":"Astrolabe"}],"items_purged_floors":[2,37],"is_endless":false,"potions_floor_spawned":[1,7,12,18,22,24,28,30,36,46,48],"ascension_level":11}