{"gold_per_floor":[218,228,19,19,30,30,56,56,56,56,89,99,111,128,128,226,226,241,257,257,357,357,357,370,382,382,411,411,428,428,0,0,100,100,112,112,1111,1127,1127,1127,1146,1146,1172,1192,1203,104,104,24,24,24],"floor_reached":51,"playtime":1532,"items_purged":["Strike_B","Normality"],"score":802,"play_id":"906010c2-4cce-4205-8b43-cde35b361d84","local_time":"20190215143140","is_ascension_mode":false,"campfire_choices":[{"data":"Zap","floor":6,"key":"SMITH"},{"data":"Creative AI","floor":8,"key":"SMITH"},{"data":"Discovery","floor":10,"key":"SMITH"},{"data":"Dualcast","floor":15,"key":"SMITH"},{"data":"Fusion","floor":23,"key":"SMITH"},{"floor":28,"key":"REST"},{"data":"Rainbow","floor":30,"key":"SMITH"},{"floor":32,"key":"REST"},{"floor":40,"key":"REST"},{"floor":42,"key":"REST"},{"floor":47,"key":"REST"},{"floor":49,"key":"REST"}],"neow_cost":"NONE","seed_source_timestamp":9027564823905,"circlet_count":0,"master_deck":["Defend_B","Defend_B","Zap+1","Dualcast+1","Leap","Discovery+1","Ball Lightning","Ball Lightning","Creative AI+1","Ball Lightning+1","Leap","Core Surge+1","Turbo+1","Conserve Battery+1","Streamline+1","Conserve Battery+1","Cold Snap+1","Rainbow+1","Chill","Fusion+1","Go for the Eyes+1","Compile Driver+1","Core Surge+1","Redo+1","Steam","Capacitor","Echo Form","Conserve Battery","Normality","Ball Lightning+1","All For One+1","Cold Snap+1","Defragment+1","Storm","Glacier","Defragment+1","Magnetism","Dark Shackles","Hello World"],"relics":["Cracked Core","Blue Candle","Molten Egg 2","Bag of Marbles","Astrolabe","Nunchaku","Letter Opener","Question Card","Lantern","Torii","Runic Capacitor","Vajra","Fusion Hammer","Boot","Happy Flower","Shuriken","DollysMirror"],"potions_floor_usage":[11,16,16,19,21,27,50,50],"damage_taken":[{"damage":1,"enemies":"Jaw Worm","floor":1,"turns":3},{"damage":5,"enemies":"Cultist","floor":2,"turns":4},{"damage":2,"enemies":"2 Louse","floor":5,"turns":2},{"damage":18,"enemies":"Lagavulin","floor":7,"turns":5},{"damage":16,"enemies":"3 Sentries","floor":11,"turns":8},{"damage":2,"enemies":"Large Slime","floor":12,"turns":2},{"damage":0,"enemies":"Blue Slaver","floor":13,"turns":1},{"damage":0,"enemies":"Red Slaver","floor":14,"turns":3},{"damage":0,"enemies":"Slime Boss","floor":16,"turns":4},{"damage":10,"enemies":"Spheric Guardian","floor":18,"turns":3},{"damage":5,"enemies":"3 Byrds","floor":19,"turns":4},{"damage":12,"enemies":"Colosseum Slavers","floor":21,"turns":2},{"damage":0,"enemies":"Colosseum Nobs","floor":21,"turns":4},{"damage":8,"enemies":"3 Cultists","floor":24,"turns":3},{"damage":7,"enemies":"Sentry and Sphere","floor":25,"turns":5},{"damage":24,"enemies":"Slavers","floor":27,"turns":3},{"damage":0,"enemies":"Shelled Parasite and Fungi","floor":29,"turns":5},{"damage":44,"enemies":"Collector","floor":33,"turns":8},{"damage":1,"enemies":"Orb Walker","floor":35,"turns":3},{"damage":9,"enemies":"3 Darklings","floor":38,"turns":5},{"damage":10,"enemies":"Jaw Worm Horde","floor":41,"turns":5},{"damage":13,"enemies":"4 Shapes","floor":44,"turns":5},{"damage":30,"enemies":"Writhing Mass","floor":45,"turns":5},{"damage":10,"enemies":"Time Eater","floor":50,"turns":9}],"seed_played":"935260892298704683","potions_obtained":[{"floor":7,"key":"SkillPotion"},{"floor":12,"key":"GamblersBrew"},{"floor":13,"key":"FearPotion"},{"floor":14,"key":"Regen Potion"},{"floor":16,"key":"Weak Potion"},{"floor":19,"key":"FairyPotion"},{"floor":24,"key":"Swift Potion"},{"floor":29,"key":"GamblersBrew"},{"floor":38,"key":"FocusPotion"}],"is_trial":false,"path_per_floor":["M","M","$","?","M","R","E","R","T","R","E","M","M","M","R","B",null,"M","M","?","?","T","R","M","M","T","E","R","M","R","$","R","B",null,"M","?","?","M","?","R","M","R","T","M","M","$","R","$","R","B",null],"character_chosen":"DEFECT","items_purchased":["Discovery","Ball Lightning","Runic Capacitor","Steam","Capacitor","Vajra","Happy Flower","Shuriken","Storm","Glacier","DollysMirror","Dexterity Potion","Magnetism","Dark Shackles","Hello World"],"campfire_rested":6,"item_purchase_floors":[3,3,31,31,31,31,46,46,46,46,46,46,46,46,48],"current_hp_per_floor":[74,69,69,69,67,67,49,49,49,49,33,31,31,31,31,31,75,65,60,60,60,60,60,52,45,45,21,43,43,43,43,65,21,75,74,74,74,65,65,75,65,75,75,62,32,32,54,54,75,65],"gold":24,"neow_bonus":"HUNDRED_GOLD","is_prod":false,"is_daily":false,"chose_seed":false,"campfire_upgraded":6,"win_rate":0,"timestamp":1550262700,"path_taken":["M","M","$","?","M","R","E","R","T","R","E","M","M","?","R","BOSS","M","M","?","?","?","R","M","M","T","E","R","?","R","$","R","BOSS","M","?","?","M","?","R","M","R","T","?","M","$","R","?","R","BOSS"],"build_version":"2019-01-23","purchased_purges":2,"victory":true,"max_hp_per_floor":[75,75,75,75,75,75,75,75,75,75,75,75,75,75,75,75,75,75,75,75,75,75,75,75,75,75,75,75,75,75,75,75,75,75,75,75,75,75,75,75,75,75,75,75,75,75,75,75,75,75],"card_choices":[{"not_picked":["Rebound","Beam Cell"],"picked":"Leap","floor":1},{"not_picked":["Sunder","Streamline","Turbo"],"picked":"SKIP","floor":2},{"not_picked":["Doom and Gloom","Compile Driver"],"picked":"Ball Lightning","floor":5},{"not_picked":["Barrage","Darkness"],"picked":"Creative AI","floor":7},{"not_picked":["Leap","Cold Snap+1"],"picked":"Ball Lightning+1","floor":11},{"not_picked":["Gash+1","Sweeping Beam+1","Barrage+1"],"picked":"SKIP","floor":12},{"not_picked":["Beam Cell+1","Stack"],"picked":"Leap","floor":13},{"not_picked":["Redo","Stack","Barrage+1"],"picked":"SKIP","floor":14},{"not_picked":["Reboot","Buffer"],"picked":"Core Surge+1","floor":16},{"not_picked":["Barrage+1","Cold Snap+1"],"picked":"Conserve Battery+1","floor":18},{"not_picked":["Coolheaded","Beam Cell+1"],"picked":"Cold Snap+1","floor":19},{"not_picked":["Sweeping Beam+1","Streamline+1"],"picked":"Fusion","floor":21},{"not_picked":["Heatsinks","Steam Power","Leap"],"picked":"Go for the Eyes+1","floor":24},{"not_picked":["Streamline+1","Hologram","Auto Shields+1"],"picked":"Compile Driver+1","floor":25},{"not_picked":["Rebound+1","Stack","Aggregate"],"picked":"Core Surge+1","floor":27},{"not_picked":["Gash+1","Rebound+1","Stack"],"picked":"Redo+1","floor":29},{"not_picked":["Reboot","Amplify","Core Surge+1"],"picked":"Echo Form","floor":33},{"not_picked":["Stack","Beam Cell+1","Scrape+1"],"picked":"Conserve Battery","floor":35},{"not_picked":["Steam+1","Barrage+1","Undo+1"],"picked":"Ball Lightning+1","floor":38},{"not_picked":["Coolheaded","Aggregate","Loop"],"picked":"All For One+1","floor":41},{"not_picked":["Stack","Gash+1","Chaos"],"picked":"Cold Snap+1","floor":44},{"not_picked":["Sweeping Beam+1","Static Discharge+1","Reinforced Body"],"picked":"Defragment+1","floor":45}],"player_experience":825735,"relics_obtained":[{"floor":7,"key":"Blue Candle"},{"floor":9,"key":"Molten Egg 2"},{"floor":11,"key":"Bag of Marbles"},{"floor":21,"key":"Nunchaku"},{"floor":21,"key":"Letter Opener"},{"floor":22,"key":"Question Card"},{"floor":26,"key":"Lantern"},{"floor":27,"key":"Torii"},{"floor":43,"key":"Boot"}],"event_choices":[{"damage_healed":0,"gold_gain":0,"player_choice":"Ignored","damage_taken":0,"max_hp_gain":0,"max_hp_loss":0,"event_name":"NoteForYourself","floor":4,"gold_loss":0},{"damage_healed":0,"gold_gain":0,"cards_transformed":["Defend_B","Defend_B"],"player_choice":"Became Test Subject","damage_taken":0,"max_hp_gain":0,"max_hp_loss":0,"event_name":"Drug Dealer","floor":20,"gold_loss":0,"cards_obtained":["Rainbow","Chill"]},{"damage_healed":0,"gold_gain":0,"player_choice":"Fight","damage_taken":0,"max_hp_gain":0,"max_hp_loss":0,"event_name":"Colosseum","floor":21,"gold_loss":0},{"damage_healed":0,"gold_gain":0,"player_choice":"Fought Nobs","damage_taken":0,"max_hp_gain":0,"max_hp_loss":0,"event_name":"Colosseum","floor":21,"gold_loss":0},{"damage_healed":0,"gold_gain":0,"player_choice":"Ignored","damage_taken":0,"max_hp_gain":0,"max_hp_loss":0,"event_name":"Mysterious Sphere","floor":36,"gold_loss":0},{"damage_healed":0,"gold_gain":999,"player_choice":"Gold","damage_taken":0,"max_hp_gain":0,"max_hp_loss":0,"event_name":"MindBloom","floor":37,"gold_loss":0,"cards_obtained":["Normality","Normality"]},{"damage_healed":0,"gold_gain":0,"player_choice":"Got Potions","damage_taken":0,"max_hp_gain":0,"max_hp_loss":0,"event_name":"Lab","floor":39,"gold_loss":0}],"is_beta":false,"boss_relics":[{"not_picked":["Lizard Tail","Orrery"],"picked":"Astrolabe"},{"not_picked":["Coffee Dripper","Eternal Feather"],"picked":"Fusion Hammer"}],"items_purged_floors":[3,46],"is_endless":false,"potions_floor_spawned":[7,12,13,14,16,19,21,24,29,38],"ascension_level":0}