{"gold_per_floor":[117,142,156,176,193,193,222,222,245,261,273,273,284,336,336,432,432,445,462,462,561,576,576,594,612,912,931,931,947,967,985,985,1082,1082,1102,1102,1102],"floor_reached":37,"playtime":968,"items_purged":[],"score":456,"play_id":"67e0ab3f-2179-43db-b75f-8acc29e8bb20","local_time":"20180726234700","is_ascension_mode":false,"campfire_choices":[{"data":"Catalyst","floor":6,"key":"SMITH"},{"data":"Crippling Poison","floor":8,"key":"SMITH"},{"floor":15,"key":"REST"},{"data":"Corpse Explosion","floor":23,"key":"SMITH"},{"data":"Deadly Poison","floor":32,"key":"SMITH"}],"neow_cost":"NONE","seed_source_timestamp":251220388509899,"circlet_count":0,"master_deck":["Defend_G+1","Defend_G","Defend_G+1","Defend_G+1","Defend_G","Strike_G","Strike_G","Strike_G","Strike_G","Strike_G","Survivor+1","Neutralize","Heel Hook","Catalyst+1","Dagger Spray","Crippling Poison+1","Dash","Deadly Poison+1","Corpse Explosion+1","Bane","Poisoned Stab+1","Heel Hook+1","Dagger Spray","Riddle With Holes+1"],"relics":["Velvet Choker","War Paint","Centennial Puzzle","Happy Flower","Busted Crown","Old Coin","Fusion Hammer"],"potions_floor_usage":[7,16,16,16,31,33,37],"damage_taken":[{"damage":0,"enemies":"Cultist","floor":1,"turns":5},{"damage":6,"enemies":"Jaw Worm","floor":3,"turns":4},{"damage":1,"enemies":"2 Louse","floor":4,"turns":3},{"damage":0,"enemies":"Looter","floor":5,"turns":3},{"damage":16,"enemies":"3 Sentries","floor":7,"turns":8},{"damage":14,"enemies":"Exordium Thugs","floor":10,"turns":3},{"damage":0,"enemies":"Lots of Slimes","floor":11,"turns":3},{"damage":3,"enemies":"Gremlin Gang","floor":13,"turns":2},{"damage":0,"enemies":"The Guardian","floor":16,"turns":7},{"damage":9,"enemies":"2 Thieves","floor":18,"turns":3},{"damage":0,"enemies":"3 Byrds","floor":19,"turns":3},{"damage":0,"enemies":"Cultist and Chosen","floor":22,"turns":4},{"damage":0,"enemies":"3 Cultists","floor":24,"turns":2},{"damage":6,"enemies":"Chosen and Byrds","floor":25,"turns":4},{"damage":0,"enemies":"Snecko","floor":27,"turns":3},{"damage":0,"enemies":"Snake Plant","floor":29,"turns":2},{"damage":0,"enemies":"Slaver and Parasite","floor":30,"turns":2},{"damage":7,"enemies":"Snecko","floor":31,"turns":4},{"damage":31,"enemies":"Collector","floor":33,"turns":7},{"damage":4,"enemies":"Orb Walker","floor":35,"turns":3},{"damage":39,"enemies":"Flame Bruiser 1 Orb","floor":36,"turns":5},{"damage":39,"enemies":"Spire Growth","floor":37,"turns":4}],"seed_played":"-5882872423484265707","potions_obtained":[{"floor":1,"key":"AttackPotion"},{"floor":3,"key":"Dexterity Potion"},{"floor":5,"key":"Weak Potion"},{"floor":10,"key":"Ancient Potion"},{"floor":22,"key":"Block Potion"},{"floor":24,"key":"Energy Potion"},{"floor":25,"key":"Dexterity Potion"}],"is_trial":false,"path_per_floor":["M","T","M","M","M","R","E","R","T","M","M","?","M","?","R","B",null,"M","M","?","?","M","R","M","M","T","M","?","M","M","M","R","B",null,"M","M"],"character_chosen":"THE_SILENT","items_purchased":[],"campfire_rested":1,"item_purchase_floors":[],"current_hp_per_floor":[70,70,64,63,63,63,47,47,47,33,33,19,16,16,37,37,70,61,61,61,61,61,61,61,55,55,55,55,55,55,48,48,17,70,66,27,0],"gold":1102,"neow_bonus":"BOSS_RELIC","is_prod":false,"is_daily":false,"chose_seed":false,"campfire_upgraded":4,"win_rate":0,"timestamp":1532614620,"path_taken":["M","?","M","M","?","R","E","R","T","M","?","?","?","?","R","BOSS","M","?","?","?","?","R","M","M","T","M","?","?","M","M","R","BOSS","M","M","M"],"build_version":"2018-07-19v2","purchased_purges":0,"victory":false,"max_hp_per_floor":[70,70,70,70,70,70,70,70,70,70,70,70,70,70,70,70,70,70,70,70,70,70,70,70,70,70,70,70,70,70,70,70,70,70,70,70,70],"card_choices":[{"not_picked":["Accuracy","Blur"],"picked":"Heel Hook","floor":1},{"not_picked":["Outmaneuver","Predator"],"picked":"Catalyst","floor":3},{"not_picked":["Quick Slash","Dagger Throw"],"picked":"Dagger Spray","floor":4},{"not_picked":["Escape Plan","Distraction"],"picked":"Crippling Poison","floor":5},{"not_picked":["Slice","Catalyst"],"picked":"Dash","floor":7},{"not_picked":["All Out Attack","Dagger Throw","Blade Dance"],"picked":"SKIP","floor":10},{"not_picked":["Distraction","Bane"],"picked":"Deadly Poison","floor":11},{"not_picked":["Slice","PiercingWail","Eviscerate"],"picked":"SKIP","floor":13},{"not_picked":["Bullet Time","Phantasmal Killer"],"picked":"Corpse Explosion","floor":16},{"not_picked":["Escape Plan"],"picked":"SKIP","floor":18},{"not_picked":["Dodge and Roll"],"picked":"SKIP","floor":19},{"not_picked":[],"picked":"Bane","floor":22},{"not_picked":[],"picked":"Poisoned Stab+1","floor":24},{"not_picked":[],"picked":"Heel Hook+1","floor":25},{"not_picked":["Cloak And Dagger"],"picked":"SKIP","floor":27},{"not_picked":["Underhanded Strike"],"picked":"SKIP","floor":29},{"not_picked":[],"picked":"Dagger Spray","floor":30},{"not_picked":["Leg Sweep"],"picked":"SKIP","floor":31},{"not_picked":[],"picked":"Riddle With Holes+1","floor":35},{"not_picked":["Poisoned Stab"],"picked":"SKIP","floor":36}],"player_experience":264516,"relics_obtained":[{"floor":2,"key":"War Paint"},{"floor":7,"key":"Centennial Puzzle"},{"floor":9,"key":"Happy Flower"},{"floor":26,"key":"Old Coin"}],"event_choices":[{"event_name":"Shining Light","player_choice":"Entered Light","floor":12,"damage_taken":0},{"event_name":"Golden Wing","player_choice":"Gained Gold","floor":14,"damage_taken":0},{"event_name":"Vampires","player_choice":"Ignored","floor":20,"damage_taken":0},{"event_name":"Nest","player_choice":"Stole From Cult","floor":21,"damage_taken":0},{"event_name":"Drug Dealer","player_choice":"Ignored","floor":28,"damage_taken":0}],"is_beta":false,"boss_relics":[{"not_picked":["Runic Pyramid","Astrolabe"],"picked":"Busted Crown"},{"not_picked":["Empty Cage","Sozu"],"picked":"Fusion Hammer"}],"items_purged_floors":[],"is_endless":false,"potions_floor_spawned":[1,3,5,10,22,24,25,27,30],"killed_by":"Spire Growth","ascension_level":0}