{"gold_per_floor":[115,65,82,2,77,77,107,162,188,222,234,246,258,119,119,216,216,234,110,110,58,74,74,74,90,90,90,90,103,103,128,128,231,231,250,250,264,61,61,61,73,73,73,73,84,84,104,129,129,129],"floor_reached":51,"playtime":4216,"items_purged":["Defend_B","Pain","Decay"],"score":759,"play_id":"aa6d6cd7-0e59-47a7-981a-c7e627e24a89","local_time":"20190212004516","is_ascension_mode":true,"campfire_choices":[{"data":"Blizzard","floor":6.0,"key":"SMITH"},{"data":"Hologram","floor":11.0,"key":"SMITH"},{"data":"Recycle","floor":13.0,"key":"SMITH"},{"floor":15.0,"key":"REST"},{"data":"Fission","floor":24.0,"key":"SMITH"},{"floor":28.0,"key":"REST"},{"floor":30.0,"key":"REST"},{"floor":32.0,"key":"REST"},{"data":"Purity","floor":40.0,"key":"SMITH"},{"floor":42.0,"key":"REST"},{"data":"Echo Form","floor":44.0,"key":"SMITH"},{"floor":49,"key":"REST"}],"neow_cost":"NONE","seed_source_timestamp":0,"circlet_count":0,"master_deck":["Strike_B","Strike_B","Strike_B","Strike_B","Defend_B+1","Defend_B","Zap+1","Dualcast","Blizzard+1","Recycle+1","Core Surge","Hologram+1","Cold Snap","Sweeping Beam","Fission+1","Clumsy","Decay","Conserve Battery","Cold Snap","Cold Snap","Cold Snap+1","Echo Form","Echo Form","Blizzard+1","Purity+1","Glacier+1","Echo Form+1","Glacier+1"],"special_seed":0,"relics":["Cracked Core","NeowsBlessing","Singing Bowl","War Paint","MawBank","Calling Bell","Strawberry","Sundial","Unceasing Top","Gremlin Horn","Girya","Inserter","Frozen Egg 2","Orichalcum"],"potions_floor_usage":[50],"damage_taken":[{"damage":0.0,"enemies":"Jaw Worm","floor":1.0,"turns":1.0},{"damage":0.0,"enemies":"Small Slimes","floor":3.0,"turns":1.0},{"damage":0.0,"enemies":"3 Sentries","floor":7.0,"turns":1.0},{"damage":34.0,"enemies":"Gremlin Nob","floor":10.0,"turns":4.0},{"damage":32.0,"enemies":"The Guardian","floor":16.0,"turns":11.0},{"damage":54.0,"enemies":"Spheric Guardian","floor":18.0,"turns":6.0},{"damage":3.0,"enemies":"Chosen","floor":22.0,"turns":4.0},{"damage":11.0,"enemies":"Sentry and Sphere","floor":25.0,"turns":6.0},{"damage":28.0,"enemies":"Snake Plant","floor":29.0,"turns":6.0},{"damage":28.0,"enemies":"Gremlin Leader","floor":31.0,"turns":10.0},{"damage":48.0,"enemies":"Automaton","floor":33.0,"turns":12.0},{"damage":31.0,"enemies":"3 Darklings","floor":35.0,"turns":4.0},{"damage":16.0,"enemies":"Orb Walker","floor":37.0,"turns":4.0},{"damage":37.0,"enemies":"Spire Growth","floor":41.0,"turns":8.0},{"damage":27.0,"enemies":"Sphere and 2 Shapes","floor":45.0,"turns":9.0},{"damage":54.0,"enemies":"4 Shapes","floor":47.0,"turns":6.0},{"damage":15,"enemies":"Awakened One","floor":50,"turns":46}],"seed_played":"4266386700469988599","potions_obtained":[{"floor":10.0,"key":"Ancient Potion"},{"floor":12.0,"key":"Fruit Juice"},{"floor":12.0,"key":"SneckoOil"},{"floor":12.0,"key":"Ancient Potion"},{"floor":29.0,"key":"SkillPotion"},{"floor":33.0,"key":"Swift Potion"},{"floor":35.0,"key":"Poison Potion"},{"floor":47.0,"key":"Explosive Potion"}],"is_trial":false,"path_per_floor":["M","?","M","$","?","R","E","?","T","E","R","?","R","$","R","B",null,"M","$","?","$","M","?","R","M","T","?","R","M","R","E","R","B",null,"M","?","M","$","?","R","M","R","T","R","M","?","M","T","R","B",null],"character_chosen":"DEFECT","items_purchased":["Core Surge","Cold Snap","Sweeping Beam","Conserve Battery","Cold Snap","Echo Form"],"campfire_rested":6,"item_purchase_floors":[4,14,14,19,21,38],"current_hp_per_floor":[75,75,75,75,64,64,64,64,64,32,32,37,37,37,61,29,89,37,37,37,37,36,36,36,25,25,25,52,26,54,26,54,6,95,64,64,48,48,48,48,13,42,42,42,17,87,33,33,59,44],"gold":129,"neow_bonus":"THREE_ENEMY_KILL","is_prod":false,"is_daily":false,"chose_seed":false,"campfire_upgraded":6,"win_rate":0,"timestamp":1549894516,"path_taken":["M","?","M","$","?","R","E","?","T","E","R","?","R","$","R","BOSS","M","$","?","$","M","?","R","M","T","?","R","M","R","E","R","BOSS","M","?","M","$","?","R","?","R","T","R","M","?","M","?","R","BOSS"],"build_version":"2019-01-23","purchased_purges":3,"victory":true,"max_hp_per_floor":[75,75,75,75,75,75,75,75,75,77,77,82,82,82,82,82,89,91,91,91,91,93,93,93,93,93,93,93,95,95,95,95,95,95,95,95,95,95,95,95,97,97,97,97,99,87,87,87,87,87],"card_choices":[{"not_picked":["Redo","Barrage"],"picked":"Blizzard","floor":1.0},{"not_picked":["Sweeping Beam","Gash"],"picked":"Recycle","floor":3.0},{"not_picked":["Ball Lightning","Steam"],"picked":"Hologram","floor":7.0},{"not_picked":["Redo","Leap","Barrage"],"picked":"Singing Bowl","floor":10.0},{"not_picked":["Seek","All For One"],"picked":"Fission","floor":16.0},{"not_picked":["Sweeping Beam","Rebound+1","Undo"],"picked":"Singing Bowl","floor":18.0},{"not_picked":["Redo","Conserve Battery","Sweeping Beam+1"],"picked":"Singing Bowl","floor":22.0},{"not_picked":["Rainbow","Loop+1"],"picked":"Cold Snap+1","floor":25.0},{"not_picked":["Barrage","Sweeping Beam+1","Loop"],"picked":"Singing Bowl","floor":29.0},{"not_picked":["Hyperbeam","Auto Shields"],"picked":"Echo Form","floor":31.0},{"not_picked":["Creative AI","Machine Learning"],"picked":"Echo Form","floor":33.0},{"not_picked":["Compile Driver+1","Redo"],"picked":"Blizzard+1","floor":35.0},{"not_picked":["Flash of Steel","Good Instincts"],"picked":"Purity","floor":36.0},{"not_picked":["Compile Driver","Lockon+1"],"picked":"Glacier+1","floor":37.0},{"not_picked":["Streamline","Barrage","Scrape"],"picked":"Singing Bowl","floor":41.0},{"not_picked":["Sunder+1","Steam Power+1","BootSequence"],"picked":"Singing Bowl","floor":45.0},{"not_picked":["Blizzard+1","Reinforced Body+1"],"picked":"Glacier+1","floor":47.0}],"player_experience":561329,"relics_obtained":[{"floor":7.0,"key":"Singing Bowl"},{"floor":9.0,"key":"War Paint"},{"floor":10.0,"key":"MawBank"},{"floor":17.0,"key":"Strawberry"},{"floor":17.0,"key":"Sundial"},{"floor":17.0,"key":"Unceasing Top"},{"floor":26.0,"key":"Gremlin Horn"},{"floor":31.0,"key":"Girya"},{"floor":43.0,"key":"Frozen Egg 2"},{"floor":48.0,"key":"Orichalcum"}],"event_choices":[{"cards_removed":["Defend_B"],"damage_healed":0.0,"max_hp_gain":0.0,"max_hp_loss":0.0,"gold_gain":0.0,"event_name":"The Cleric","player_choice":"Card Removal","floor":2.0,"gold_loss":50.0,"damage_taken":0.0},{"damage_healed":0.0,"max_hp_gain":0.0,"max_hp_loss":0.0,"gold_gain":75.0,"event_name":"World of Goop","player_choice":"Gather Gold","floor":5.0,"gold_loss":0.0,"damage_taken":11.0},{"damage_healed":0.0,"max_hp_gain":0.0,"max_hp_loss":0.0,"gold_gain":55.0,"event_name":"Golden Wing","player_choice":"Gained Gold","floor":8.0,"gold_loss":0.0,"damage_taken":0.0},{"damage_healed":0.0,"max_hp_gain":0.0,"max_hp_loss":0.0,"gold_gain":0.0,"event_name":"Lab","player_choice":"Got Potions","floor":12.0,"gold_loss":0.0,"damage_taken":0.0},{"damage_healed":0.0,"max_hp_gain":0.0,"max_hp_loss":0.0,"gold_gain":0.0,"event_name":"The Library","player_choice":"Read","floor":20.0,"gold_loss":0.0,"damage_taken":0.0,"cards_obtained":["Cold Snap"]},{"damage_healed":0.0,"max_hp_gain":0.0,"max_hp_loss":0.0,"gold_gain":0.0,"event_name":"Beggar","player_choice":"Ignored","floor":23.0,"gold_loss":0.0,"damage_taken":0.0},{"damage_healed":0.0,"max_hp_gain":0.0,"max_hp_loss":0.0,"gold_gain":0.0,"event_name":"Wheel of Change","player_choice":"Cursed","floor":27.0,"gold_loss":0.0,"damage_taken":0.0,"cards_obtained":["Decay"]},{"damage_healed":0.0,"max_hp_gain":0.0,"max_hp_loss":0.0,"gold_gain":0.0,"event_name":"SensoryStone","player_choice":"Memory 1","floor":36.0,"gold_loss":0.0,"damage_taken":0.0},{"damage_healed":0.0,"max_hp_gain":0.0,"max_hp_loss":0.0,"gold_gain":0.0,"event_name":"SecretPortal","player_choice":"Ignored","floor":39.0,"gold_loss":0.0,"damage_taken":0.0},{"damage_healed":87.0,"max_hp_gain":0.0,"max_hp_loss":12.0,"gold_gain":0.0,"event_name":"The Moai Head","player_choice":"Heal","floor":46.0,"gold_loss":0.0,"damage_taken":0.0}],"is_beta":false,"boss_relics":[{"not_picked":["White Beast Statue","Cursed Key"],"picked":"Calling Bell"},{"not_picked":["Philosopher\u0027s Stone","Velvet Choker"],"picked":"Inserter"}],"items_purged_floors":[14,19,38],"is_endless":false,"potions_floor_spawned":[10,29,33,35,47],"ascension_level":2}