{"gold_per_floor":[115,115,115,125,144,144,42,54,54,70,86,102,102,115,115,186,186,204,17,37,37,52,52,52,63,90,90,103,115,115,133,133,133],"floor_reached":33,"playtime":1457,"items_purged":[],"score":429,"play_id":"36c5ffd2-62c4-4afe-8aca-b9133f93e385","local_time":"20190118194847","is_ascension_mode":true,"campfire_choices":[{"data":"Neutralize","floor":6.0,"key":"SMITH"},{"data":"Noxious Fumes","floor":13.0,"key":"SMITH"},{"data":"Footwork","floor":15.0,"key":"SMITH"},{"data":"Catalyst","floor":23,"key":"SMITH"},{"floor":27,"key":"REST"},{"data":"Leg Sweep","floor":30,"key":"SMITH"},{"floor":32,"key":"REST"}],"neow_cost":"NONE","seed_source_timestamp":1190784560638361,"circlet_count":0,"master_deck":["AscendersBane","Defend_G","Defend_G+1","Defend_G","Defend_G","Strike_G","Strike_G+1","Strike_G","Strike_G","Survivor","Neutralize+1","Terror","Quick Slash","Finisher","Footwork+1","Blur","Noxious Fumes+1","Dagger Spray","Prepared","Deadly Poison","Leg Sweep+1","After Image","Corpse Explosion","Dagger Spray","Catalyst+1","Heel Hook","Crippling Poison"],"special_seed":0,"relics":["Ring of the Snake","Anchor","Velvet Choker","Lantern"],"potions_floor_usage":[28,29],"damage_taken":[{"damage":0.0,"enemies":"2 Louse","floor":1.0,"turns":4.0},{"damage":1.0,"enemies":"Cultist","floor":4.0,"turns":3.0},{"damage":3.0,"enemies":"Jaw Worm","floor":5.0,"turns":3.0},{"damage":2.0,"enemies":"Blue Slaver","floor":8.0,"turns":5.0},{"damage":0.0,"enemies":"Looter","floor":10.0,"turns":3.0},{"damage":13.0,"enemies":"Exordium Wildlife","floor":11.0,"turns":6.0},{"damage":7.0,"enemies":"Lots of Slimes","floor":12.0,"turns":4.0},{"damage":0.0,"enemies":"Large Slime","floor":14.0,"turns":5.0},{"damage":4.0,"enemies":"Hexaghost","floor":16.0,"turns":9.0},{"damage":10.0,"enemies":"3 Byrds","floor":18.0,"turns":6.0},{"damage":13.0,"enemies":"Spheric Guardian","floor":20.0,"turns":7.0},{"damage":4,"enemies":"Snake Plant","floor":22,"turns":5},{"damage":1,"enemies":"Centurion and Healer","floor":25,"turns":5},{"damage":9,"enemies":"Snecko","floor":28,"turns":5},{"damage":0,"enemies":"Snake Plant","floor":29,"turns":5},{"damage":21,"enemies":"Sentry and Sphere","floor":31,"turns":7},{"damage":32,"enemies":"Collector","floor":33,"turns":5}],"seed_played":"3038847487250511755","potions_obtained":[{"floor":4.0,"key":"GhostInAJar"},{"floor":8.0,"key":"GamblersBrew"},{"floor":11.0,"key":"Swift Potion"},{"floor":14.0,"key":"Poison Potion"},{"floor":20.0,"key":"SpeedPotion"}],"is_trial":false,"path_per_floor":["M","?","?","M","M","R","$","M","T","M","M","M","R","M","R","B",null,"M","$","M","?","M","R","?","M","T","R","M","M","R","M","R","B"],"character_chosen":"THE_SILENT","items_purchased":["Blur","Noxious Fumes","Corpse Explosion","Dagger Spray"],"campfire_rested":2,"item_purchase_floors":[7,7,19,19],"current_hp_per_floor":[59,39,39,38,35,35,35,33,33,33,20,13,13,13,13,9,52,42,42,29,29,25,25,25,24,24,43,34,34,34,13,32,0],"gold":133,"neow_bonus":"TRANSFORM_CARD","is_prod":false,"is_daily":false,"chose_seed":false,"campfire_upgraded":5,"win_rate":0,"timestamp":1547808527,"path_taken":["M","?","?","M","?","R","?","?","T","M","M","M","R","?","R","BOSS","M","$","M","?","M","R","?","M","T","R","M","M","R","M","R","BOSS"],"build_version":"2019-01-17","purchased_purges":0,"victory":false,"max_hp_per_floor":[66,66,66,66,66,66,66,66,66,66,66,66,66,66,66,66,66,66,66,66,66,66,66,66,66,66,66,66,66,66,66,66,66],"card_choices":[{"not_picked":["Dagger Throw","Well Laid Plans"],"picked":"Quick Slash","floor":1.0},{"not_picked":["Outmaneuver","Terror"],"picked":"Finisher","floor":4.0},{"not_picked":["Acrobatics","Backflip"],"picked":"Footwork","floor":5.0},{"not_picked":["Dodge and Roll","Dagger Throw"],"picked":"Dagger Spray","floor":8.0},{"not_picked":["Endless Agony","Skewer"],"picked":"Prepared","floor":10.0},{"not_picked":["Underhanded Strike","Endless Agony"],"picked":"Deadly Poison","floor":11.0},{"not_picked":["Acrobatics","Flying Knee","Prepared"],"picked":"SKIP","floor":12.0},{"not_picked":["Quick Slash","Deadly Poison"],"picked":"Leg Sweep","floor":14.0},{"not_picked":["Malaise","Grand Finale"],"picked":"After Image","floor":16.0},{"not_picked":["Flechettes","Dodge and Roll","Endless Agony"],"picked":"SKIP","floor":18.0},{"not_picked":["Acrobatics","Footwork"],"picked":"Catalyst","floor":20.0},{"not_picked":["Poisoned Stab","Masterful Stab","Infinite Blades"],"picked":"SKIP","floor":22},{"not_picked":["Outmaneuver","Dodge and Roll","Deflect+1"],"picked":"SKIP","floor":25},{"not_picked":["Bane","Underhanded Strike"],"picked":"Heel Hook","floor":28},{"not_picked":["Deadly Poison","Finisher","Distraction"],"picked":"SKIP","floor":29},{"not_picked":["Deadly Poison","Underhanded Strike"],"picked":"Crippling Poison","floor":31}],"player_experience":402872,"relics_obtained":[{"floor":9.0,"key":"Anchor"},{"floor":26,"key":"Lantern"}],"event_choices":[{"damage_healed":0.0,"max_hp_gain":0.0,"max_hp_loss":0.0,"gold_gain":0.0,"event_name":"Shining Light","player_choice":"Entered Light","floor":2.0,"gold_loss":0.0,"damage_taken":20.0,"cards_upgraded":["Strike_G","Defend_G"]},{"cards_removed":["Defend_G"],"damage_healed":0.0,"max_hp_gain":0.0,"max_hp_loss":0.0,"gold_gain":0.0,"event_name":"Purifier","player_choice":"Purged","floor":3.0,"gold_loss":0.0,"damage_taken":0.0},{"damage_healed":0,"gold_gain":0,"player_choice":"Ignored","damage_taken":0,"max_hp_gain":0,"max_hp_loss":0,"event_name":"The Mausoleum","floor":21,"gold_loss":0}],"is_beta":false,"boss_relics":[{"not_picked":["Empty Cage","Philosopher\u0027s Stone"],"picked":"Velvet Choker"}],"items_purged_floors":[],"is_endless":false,"potions_floor_spawned":[4,8,11,14,20,22],"killed_by":"Collector","ascension_level":15}