{"gold_per_floor":[117,117,117,132,147,173,185,185],"floor_reached":8,"playtime":229,"items_purged":[],"score":110,"play_id":"95a8ebf1-81be-479d-955d-d57b52014bbb","local_time":"20190103211559","is_ascension_mode":true,"campfire_choices":[],"neow_cost":"NONE","seed_source_timestamp":1273914374784515,"circlet_count":0,"master_deck":["AscendersBane","Strike_B","Strike_B","Strike_B","Strike_B","Defend_B","Defend_B","Defend_B","Defend_B","Zap","Dualcast","Defragment","Self Repair","Conserve Battery","Conserve Battery","Steam"],"relics":["Cracked Core","NeowsBlessing","Regal Pillow","Bag of Marbles"],"potions_floor_usage":[8,8],"damage_taken":[{"damage":0,"enemies":"Jaw Worm","floor":1,"turns":1},{"damage":0,"enemies":"2 Louse","floor":4,"turns":1},{"damage":0,"enemies":"Cultist","floor":5,"turns":1},{"damage":41,"enemies":"Lagavulin","floor":6,"turns":9},{"damage":15,"enemies":"Blue Slaver","floor":7,"turns":4},{"damage":20,"enemies":"3 Sentries","floor":8,"turns":2}],"seed_played":"5883240100403052398","potions_obtained":[{"floor":5,"key":"Dexterity Potion"},{"floor":6,"key":"LiquidBronze"}],"is_trial":false,"path_per_floor":["M","?","?","M","M","E","M","E"],"character_chosen":"DEFECT","items_purchased":[],"campfire_rested":0,"item_purchase_floors":[],"current_hp_per_floor":[64,46,46,46,53,19,11,0],"gold":185,"neow_bonus":"THREE_ENEMY_KILL","is_prod":false,"is_daily":false,"chose_seed":false,"campfire_upgraded":0,"win_rate":0,"timestamp":1546568159,"path_taken":["M","?","?","M","M","E","?","E"],"build_version":"2018-12-20","purchased_purges":0,"victory":false,"max_hp_per_floor":[71,71,71,71,71,71,71,71],"card_choices":[{"not_picked":["Streamline","Aggregate"],"picked":"Defragment","floor":1},{"not_picked":["Beam Cell","Steam"],"picked":"Self Repair","floor":4},{"not_picked":["Darkness","Steam"],"picked":"Conserve Battery","floor":5},{"not_picked":["Meteor Strike","Rebound"],"picked":"Conserve Battery","floor":6},{"not_picked":["Chaos","Self Repair"],"picked":"Steam","floor":7}],"player_experience":1994048,"relics_obtained":[{"floor":6,"key":"Bag of Marbles"}],"event_choices":[{"damage_healed":0,"gold_gain":0,"player_choice":"Success","damage_taken":18,"relics_obtained":["Regal Pillow"],"max_hp_gain":0,"max_hp_loss":0,"event_name":"Scrap Ooze","floor":2,"gold_loss":0},{"damage_healed":0,"gold_gain":0,"player_choice":"Ignored","damage_taken":0,"max_hp_gain":0,"max_hp_loss":0,"event_name":"WeMeetAgain","floor":3,"gold_loss":0}],"is_beta":false,"boss_relics":[],"items_purged_floors":[],"is_endless":false,"potions_floor_spawned":[5,6],"killed_by":"3 Sentries","ascension_level":18}