{"gold_per_floor":[118,132,282,50,70,70,95,95,95,95,95,112,125,200,200,276,276,295,295,309,321,57,57,57],"floor_reached":24,"playtime":806,"items_purged":["Doubt"],"score":455,"play_id":"6faa7c7f-b1e2-4f45-acdd-f6a41bf26ee8","local_time":"20190211194955","is_ascension_mode":true,"campfire_choices":[{"data":"Searing Blow","floor":6,"key":"SMITH"},{"data":"Searing Blow+1","floor":8,"key":"SMITH"},{"data":"Searing Blow+2","floor":10,"key":"SMITH"},{"data":"Searing Blow+3","floor":15,"key":"SMITH"},{"data":"Searing Blow+4","floor":23,"key":"SMITH"}],"neow_cost":"NONE","seed_source_timestamp":711139210138583,"circlet_count":0,"master_deck":["AscendersBane","Strike_R","Strike_R","Strike_R","Strike_R","Strike_R","Defend_R","Defend_R","Defend_R","Defend_R","Bash","Searing Blow+5","Body Slam","Headbutt","Evolve","Dropkick","Shrug It Off","Feed","True Grit+1"],"relics":["Black Blood","NeowsBlessing","PreservedInsect","Letter Opener","Bag of Marbles","Gremlin Horn"],"potions_floor_usage":[13,16,21],"damage_taken":[{"damage":0,"enemies":"Jaw Worm","floor":1,"turns":1},{"damage":0,"enemies":"2 Louse","floor":2,"turns":1},{"damage":0,"enemies":"Small Slimes","floor":5,"turns":1},{"damage":40,"enemies":"3 Sentries","floor":7,"turns":7},{"damage":17,"enemies":"Looter","floor":12,"turns":3},{"damage":0,"enemies":"Red Slaver","floor":13,"turns":3},{"damage":0,"enemies":"Slime Boss","floor":16,"turns":7},{"damage":42,"enemies":"3 Byrds","floor":18,"turns":7},{"damage":27,"enemies":"Spheric Guardian","floor":20,"turns":5},{"damage":15,"enemies":"Centurion and Healer","floor":21,"turns":6},{"damage":43,"enemies":"Cultist and Chosen","floor":24,"turns":4}],"seed_played":"5930308370189879711","potions_obtained":[{"floor":1,"key":"Block Potion"},{"floor":12,"key":"Explosive Potion"},{"floor":16,"key":"Dexterity Potion"},{"floor":20,"key":"Dexterity Potion"}],"is_trial":false,"path_per_floor":["M","M","?","$","M","R","E","R","T","R","?","M","M","?","R","B",null,"M","?","M","M","$","R","M"],"character_chosen":"IRONCLAD","items_purchased":["PreservedInsect","Gremlin Horn"],"campfire_rested":0,"item_purchase_floors":[4,22],"current_hp_per_floor":[74,75,75,75,75,75,41,41,41,41,66,55,61,50,50,56,70,38,53,36,31,31,31,0],"gold":57,"neow_bonus":"THREE_ENEMY_KILL","is_prod":false,"is_daily":false,"chose_seed":false,"campfire_upgraded":5,"win_rate":0,"timestamp":1549932595,"path_taken":["M","M","?","$","M","R","E","R","T","R","?","M","M","?","R","BOSS","M","?","M","M","$","R","M"],"build_version":"2019-01-23","purchased_purges":1,"victory":false,"max_hp_per_floor":[75,75,75,75,75,75,75,75,75,75,75,75,75,75,75,75,75,75,75,75,75,75,75,75],"card_choices":[{"not_picked":["Anger","Cleave"],"picked":"Searing Blow","floor":1},{"not_picked":["Second Wind","Combust"],"picked":"Body Slam","floor":2},{"not_picked":["Blood for Blood","Perfected Strike"],"picked":"Headbutt","floor":5},{"not_picked":["Clash","Anger"],"picked":"Evolve","floor":7},{"not_picked":["Thunderclap","Body Slam"],"picked":"Dropkick","floor":12},{"not_picked":["Wild Strike","Warcry"],"picked":"Shrug It Off","floor":13},{"not_picked":["Barricade","Brutality"],"picked":"Feed","floor":16},{"not_picked":["Rupture","Sever Soul","Cleave"],"picked":"SKIP","floor":18},{"not_picked":["Twin Strike","Reckless Charge+1"],"picked":"True Grit+1","floor":20},{"not_picked":["True Grit","Clash","Havoc"],"picked":"SKIP","floor":21}],"player_experience":2408648,"relics_obtained":[{"floor":7,"key":"Letter Opener"},{"floor":9,"key":"Bag of Marbles"}],"event_choices":[{"damage_healed":0,"gold_gain":150,"player_choice":"AGREE","damage_taken":0,"max_hp_gain":0,"max_hp_loss":0,"event_name":"Liars Game","floor":3,"gold_loss":0,"cards_obtained":["Doubt"]},{"damage_healed":25,"gold_gain":0,"player_choice":"Banana","damage_taken":0,"max_hp_gain":0,"max_hp_loss":0,"event_name":"Big Fish","floor":11,"gold_loss":0},{"damage_healed":0,"gold_gain":75,"player_choice":"Gather Gold","damage_taken":11,"max_hp_gain":0,"max_hp_loss":0,"event_name":"World of Goop","floor":14,"gold_loss":0},{"damage_healed":15,"gold_gain":0,"player_choice":"Heal","damage_taken":0,"max_hp_gain":0,"max_hp_loss":0,"event_name":"The Library","floor":19,"gold_loss":0}],"is_beta":false,"boss_relics":[{"not_picked":["Pandora\u0027s Box","Mark of Pain"],"picked":"Black Blood"}],"items_purged_floors":[4],"is_endless":false,"potions_floor_spawned":[1,12,16,20],"killed_by":"Cultist and Chosen","ascension_level":17}