{"gold_per_floor":[117,2,2,2,26,26,26,26,26,50,73,73,25,25,25,148,148,172,67,67,80,179,179,195,210,234,234],"floor_reached":27,"playtime":1093,"items_purged":[],"score":261,"play_id":"b666ad96-04a4-4fea-bf6a-59484c07d1c9","local_time":"20180625161937","is_ascension_mode":true,"campfire_choices":[{"floor":6,"key":"REST"},{"floor":8,"key":"REST"},{"data":"Streamline","floor":15,"key":"SMITH"},{"floor":23,"key":"REST"}],"neow_cost":"NONE","seed_source_timestamp":73985123295940,"circlet_count":0,"master_deck":["Strike_B","Defend_B","Defend_B","Defend_B","Defend_B","Zap+1","Dualcast","Self Repair","Melter","FTL","Hologram","Streamline+1","Genetic Algorithm","Skim","Rebound","All For One","Redo+1","Beam Cell","Hologram","Sweeping Beam+1","Hologram"],"relics":["Empty Cage","Bloody Idol","Singing Bowl","Anchor","Philosopher\u0027s Stone","Ancient Tea Set"],"potions_floor_usage":[18,24,24],"damage_taken":[{"damage":7,"enemies":"Jaw Worm","floor":1,"turns":3},{"damage":7,"enemies":"Small Slimes","floor":5,"turns":2},{"damage":4,"enemies":"2 Louse","floor":10,"turns":3},{"damage":6,"enemies":"Blue Slaver","floor":11,"turns":3},{"damage":53,"enemies":"Slime Boss","floor":16,"turns":9},{"damage":27,"enemies":"Shell Parasite","floor":18,"turns":4},{"damage":9,"enemies":"Chosen","floor":21,"turns":4},{"damage":16,"enemies":"Centurion and Healer","floor":24,"turns":4},{"damage":52,"enemies":"Snecko","floor":25,"turns":5},{"damage":37,"enemies":"Snake Plant","floor":27,"turns":2}],"seed_played":"6516976169466426045","potions_obtained":[{"floor":1,"key":"SteroidPotion"},{"floor":16,"key":"Poison Potion"},{"floor":18,"key":"Explosive Potion"},{"floor":21,"key":"PowerPotion"}],"is_trial":false,"path_per_floor":["M","$","?","?","M","R","?","R","T","M","M","?","$","?","R","B",null,"M","$","?","M","?","R","M","M","T"],"character_chosen":"DEFECT","items_purchased":["Melter","FTL","Rebound","Beam Cell","Hologram"],"campfire_rested":3,"item_purchase_floors":[2,2,13,19,19],"current_hp_per_floor":[61,61,43,43,43,65,40,62,62,65,66,66,66,66,66,13,60,40,40,40,45,50,73,69,29,34,0],"gold":234,"neow_bonus":"BOSS_RELIC","is_prod":false,"is_daily":false,"chose_seed":false,"campfire_upgraded":1,"win_rate":0,"timestamp":1529957977,"path_taken":["M","$","?","?","M","R","?","R","T","?","M","?","$","?","R","BOSS","M","$","?","M","?","R","M","M","T","M"],"build_version":"2018-06-21v2","purchased_purges":0,"victory":false,"max_hp_per_floor":[75,75,75,75,75,75,75,75,75,75,75,75,75,75,75,75,75,75,75,75,77,77,77,77,77,77,77],"card_choices":[{"not_picked":["Barrage","Ball Lightning"],"picked":"Self Repair","floor":1},{"not_picked":["Redo","Turbo"],"picked":"Hologram","floor":5},{"not_picked":["Aggregate","Lockon"],"picked":"Streamline","floor":10},{"not_picked":["Conserve Battery","Barrage"],"picked":"Genetic Algorithm","floor":11},{"not_picked":["Machine Learning","Seek"],"picked":"All For One","floor":16},{"not_picked":["Steam","Turbo"],"picked":"Redo+1","floor":18},{"not_picked":["Leap+1","Ball Lightning","Fusion"],"picked":"Singing Bowl","floor":21},{"not_picked":["Steam","Redo"],"picked":"Sweeping Beam+1","floor":24},{"not_picked":["Barrage+1","Cold Snap+1"],"picked":"Hologram","floor":25}],"player_experience":755740,"relics_obtained":[{"floor":9,"key":"Anchor"},{"floor":26,"key":"Ancient Tea Set"}],"event_choices":[{"event_name":"Golden Idol","player_choice":"Take Damage","floor":3,"damage_taken":0},{"event_name":"Living Wall","player_choice":"Grow","floor":4,"damage_taken":0},{"event_name":"Scrap Ooze","player_choice":"success","floor":7,"damage_taken":25},{"event_name":"Transmorgrifier","player_choice":"Transform","floor":12,"damage_taken":0},{"event_name":"Liars Game","player_choice":"disagreed","floor":14,"damage_taken":0},{"event_name":"Forgotten Altar","player_choice":"Gave Idol","floor":20,"damage_taken":0},{"event_name":"Nest","player_choice":"Stole From Cult","floor":22,"damage_taken":0}],"boss_relics":[{"not_picked":["Velvet Choker","Calling Bell"],"picked":"Philosopher\u0027s Stone"}],"items_purged_floors":[],"is_endless":false,"potions_floor_spawned":[1,16,18,21],"killed_by":"Snake Plant","ascension_level":6}