{"gold_per_floor":[113,128,128,128,27,27,56,68,68,68,85,116,171,171,171,171],"floor_reached":16,"playtime":552,"items_purged":[],"score":253,"play_id":"944b8e6b-68b4-4379-8455-daaa63ab29ec","local_time":"20190121102729","is_ascension_mode":true,"campfire_choices":[{"data":"Streamline","floor":6,"key":"SMITH"},{"data":"Glacier","floor":10,"key":"SMITH"},{"floor":15,"key":"REST"}],"neow_cost":"NONE","seed_source_timestamp":93974890461562,"circlet_count":0,"master_deck":["AscendersBane","Strike_B","Strike_B","Strike_B","Strike_B","Defend_B","Defend_B","Defend_B","Defend_B","Zap+1","Dualcast","Heatsinks","Melter","Storm+1","Streamline+1","Go for the Eyes","Glacier+1","Conserve Battery","Hologram","Beam Cell"],"relics":["Cracked Core","NeowsBlessing","Du-Vu Doll","WingedGreaves","Blue Candle","Boot"],"potions_floor_usage":[13,13],"damage_taken":[{"damage":0,"enemies":"Jaw Worm","floor":1,"turns":1},{"damage":0,"enemies":"Small Slimes","floor":2,"turns":1},{"damage":0,"enemies":"Lagavulin","floor":7,"turns":1},{"damage":0,"enemies":"Cultist","floor":8,"turns":3},{"damage":9,"enemies":"Blue Slaver","floor":11,"turns":2},{"damage":20,"enemies":"3 Sentries","floor":12,"turns":8},{"damage":20,"enemies":"Gremlin Nob","floor":13,"turns":4},{"damage":40,"enemies":"Slime Boss","floor":16,"turns":9}],"seed_played":"7981664323135169784","potions_obtained":[{"floor":1,"key":"Fire Potion"},{"floor":7,"key":"LiquidBronze"}],"is_trial":false,"path_per_floor":["M","M","?","?","$","R","E","M","T","R","M","E","?","?","R","B"],"character_chosen":"DEFECT","items_purchased":["Storm","Streamline"],"campfire_rested":1,"item_purchase_floors":[5,5],"current_hp_per_floor":[64,64,64,64,64,64,64,64,64,64,55,35,15,15,36,0],"gold":171,"neow_bonus":"THREE_ENEMY_KILL","is_prod":false,"is_daily":false,"chose_seed":false,"campfire_upgraded":2,"win_rate":0,"timestamp":1548084449,"path_taken":["M","M","?","?","$","R","E","M","T","R","M","E","?","?","R","BOSS"],"build_version":"2019-01-17v2","purchased_purges":0,"victory":false,"max_hp_per_floor":[71,71,71,71,71,71,71,71,71,71,71,71,71,71,71,71],"card_choices":[{"not_picked":["Hologram","Compile Driver"],"picked":"Heatsinks","floor":1},{"not_picked":["Stack","Gash"],"picked":"Melter","floor":2},{"not_picked":["Melter","FTL"],"picked":"Go for the Eyes","floor":7},{"not_picked":["Loop","Darkness"],"picked":"Glacier","floor":8},{"not_picked":["Hologram","Stack"],"picked":"Conserve Battery","floor":11},{"not_picked":["Barrage","Turbo"],"picked":"Hologram","floor":12},{"not_picked":["Rebound","Redo"],"picked":"Beam Cell","floor":13}],"player_experience":2179440,"relics_obtained":[{"floor":7,"key":"Du-Vu Doll"},{"floor":9,"key":"WingedGreaves"},{"floor":12,"key":"Blue Candle"},{"floor":13,"key":"Boot"}],"event_choices":[{"damage_healed":0,"gold_gain":0,"player_choice":"Grow","damage_taken":0,"max_hp_gain":0,"max_hp_loss":0,"event_name":"Living Wall","floor":3,"gold_loss":0,"cards_upgraded":["Zap"]},{"damage_healed":0,"gold_gain":0,"player_choice":"Leave","damage_taken":0,"max_hp_gain":0,"max_hp_loss":0,"event_name":"The Cleric","floor":4,"gold_loss":0},{"damage_healed":0,"gold_gain":0,"player_choice":"Searched \u00271\u0027 times","damage_taken":0,"max_hp_gain":0,"max_hp_loss":0,"event_name":"Dead Adventurer","floor":13,"gold_loss":0},{"damage_healed":0,"gold_gain":0,"player_choice":"Upgraded","damage_taken":0,"max_hp_gain":0,"max_hp_loss":0,"event_name":"Upgrade Shrine","floor":14,"gold_loss":0,"cards_upgraded":["Storm"]}],"is_beta":false,"boss_relics":[],"items_purged_floors":[],"is_endless":false,"potions_floor_spawned":[1,7,11],"killed_by":"Slime Boss","ascension_level":18}