{"gold_per_floor":[10,10,28,80,100,100,100,132,178,178,196,222,241,256,256,355,355,369,369,284,301,315,315,240,240,290,290,389,64,83,101,101,202,202,220,235,235,251,121,121,152,164,164,181,17,31,131,150,150,150],"floor_reached":51,"playtime":5088,"items_purged":["Hello World","Regret"],"score":1054,"play_id":"68c141da-2056-4601-923b-a06f2ce9978c","local_time":"20190216111404","is_ascension_mode":true,"campfire_choices":[{"data":"Hologram","floor":6.0,"key":"SMITH"},{"floor":10.0,"key":"REST"},{"floor":15.0,"key":"REST"},{"data":"Go for the Eyes","floor":23.0,"key":"SMITH"},{"data":"Machine Learning","floor":25.0,"key":"SMITH"},{"data":"Conserve Battery","floor":27.0,"key":"SMITH"},{"data":"Loop","floor":32,"key":"SMITH"},{"data":"Meteor Strike","floor":40,"key":"SMITH"},{"data":"Dualcast","floor":49,"key":"SMITH"}],"neow_cost":"NO_GOLD","seed_source_timestamp":117537292031642,"circlet_count":0,"master_deck":["Zap+1","Dualcast+1","Meteor Strike+1","Hologram+1","Conserve Battery+1","Streamline","Go for the Eyes+1","Darkness+1","Leap+1","Redo+1","Electrodynamics","Loop+1","Streamline","All For One","Sunder","Machine Learning+1","Cold Snap","Chill+1","Conserve Battery+1","Hologram+1","Conserve Battery+1","Fission+1","Coolheaded+1","Glacier+1","Skim+1","Skim+1","Reboot+1"],"special_seed":0,"relics":["Cracked Core","Bag of Marbles","Toxic Egg 2","Thread and Needle","Blood Vial","Odd Mushroom","Pandora\u0027s Box","Centennial Puzzle","Ancient Tea Set","Membership Card","Anchor","Cursed Key","Torii","Bottled Flame","Bronze Scales","Frozen Egg 2","TheAbacus","Turnip"],"potions_floor_usage":[33,41,50,50],"damage_taken":[{"damage":0.0,"enemies":"2 Louse","floor":1.0,"turns":2.0},{"damage":4.0,"enemies":"Jaw Worm","floor":3.0,"turns":4.0},{"damage":0.0,"enemies":"Small Slimes","floor":5.0,"turns":4.0},{"damage":62.0,"enemies":"Gremlin Nob","floor":8.0,"turns":5.0},{"damage":0.0,"enemies":"3 Louse","floor":11.0,"turns":3.0},{"damage":0.0,"enemies":"The Mushroom Lair","floor":12.0,"turns":3.0},{"damage":4.0,"enemies":"Blue Slaver","floor":13.0,"turns":3.0},{"damage":6.0,"enemies":"Lots of Slimes","floor":14.0,"turns":5.0},{"damage":0.0,"enemies":"Slime Boss","floor":16.0,"turns":5.0},{"damage":2.0,"enemies":"Spheric Guardian","floor":18.0,"turns":3.0},{"damage":0.0,"enemies":"Chosen","floor":21.0,"turns":5.0},{"damage":15.0,"enemies":"Centurion and Healer","floor":22.0,"turns":4.0},{"damage":3.0,"enemies":"Snake Plant","floor":30.0,"turns":4.0},{"damage":0,"enemies":"Sentry and Sphere","floor":31,"turns":3},{"damage":32,"enemies":"Collector","floor":33,"turns":10},{"damage":0,"enemies":"3 Shapes","floor":35,"turns":3},{"damage":0,"enemies":"3 Darklings","floor":36,"turns":2},{"damage":5,"enemies":"Sphere and 2 Shapes","floor":38,"turns":4},{"damage":0,"enemies":"Giant Head","floor":41,"turns":5},{"damage":0,"enemies":"4 Shapes","floor":42,"turns":5},{"damage":5,"enemies":"Jaw Worm Horde","floor":44,"turns":4},{"damage":10,"enemies":"Writhing Mass","floor":46,"turns":6},{"damage":0,"enemies":"Mind Bloom Boss Battle","floor":47,"turns":5},{"damage":0,"enemies":"4 Shapes","floor":48,"turns":5},{"damage":0,"enemies":"Donu and Deca","floor":50,"turns":5}],"seed_played":"9020434579473684324","potions_obtained":[{"floor":8.0,"key":"Fire Potion"},{"floor":11.0,"key":"Ancient Potion"},{"floor":12.0,"key":"GamblersBrew"},{"floor":14.0,"key":"Swift Potion"},{"floor":21.0,"key":"Dexterity Potion"},{"floor":22.0,"key":"PowerPotion"},{"floor":35,"key":"Explosive Potion"},{"floor":36,"key":"PowerPotion"},{"floor":42,"key":"Regen Potion"},{"floor":44,"key":"Strength Potion"},{"floor":47,"key":"Swift Potion"}],"is_trial":false,"path_per_floor":["M","?","M","T","M","R","T","E","T","R","M","?","M","M","R","B",null,"M","$","?","M","M","R","?","R","T","R","?","$","M","M","R","B",null,"M","M","?","M","$","R","E","M","T","M","$","M","?","M","R","B",null],"character_chosen":"DEFECT","items_purchased":["Membership Card","Anchor","Conserve Battery+1","Bottled Flame","TheAbacus","Skim+1"],"campfire_rested":2,"item_purchase_floors":[29,29,29,39,45,45],"current_hp_per_floor":[68,68,64,64,64,64,64,2,2,24,26,28,26,22,44,46,68,68,68,68,70,57,57,57,57,57,57,57,57,56,58,58,28,63,65,67,67,64,64,64,66,68,68,65,65,57,59,61,61,75],"gold":150,"neow_bonus":"THREE_RARE_CARDS","is_prod":false,"is_daily":false,"chose_seed":false,"campfire_upgraded":7,"win_rate":0,"timestamp":1550277844,"path_taken":["M","?","M","?","M","R","?","E","T","R","M","?","M","M","R","BOSS","M","$","?","M","M","R","?","R","T","R","?","?","?","M","R","BOSS","M","M","?","?","?","R","E","M","T","M","$","M","?","M","R","BOSS"],"build_version":"2019-01-23","purchased_purges":2,"victory":true,"max_hp_per_floor":[75,75,75,75,75,75,75,75,75,75,75,75,75,75,75,75,75,75,75,75,75,75,75,75,75,75,75,75,75,75,75,75,75,75,75,75,75,75,75,75,75,75,75,75,75,75,75,75,75,75],"card_choices":[{"not_picked":["Multi-Cast","Biased Cognition"],"picked":"Meteor Strike","floor":0.0},{"not_picked":["Beam Cell","Scrape"],"picked":"Hologram","floor":1.0},{"not_picked":["Leap","Ball Lightning"],"picked":"Conserve Battery","floor":3.0},{"not_picked":["Steam","Beam Cell","Melter"],"picked":"SKIP","floor":5.0},{"not_picked":["Beam Cell","Aggregate+1"],"picked":"Streamline","floor":8.0},{"not_picked":["Undo+1","Beam Cell"],"picked":"Go for the Eyes","floor":11.0},{"not_picked":["Steam+1","Lockon"],"picked":"Darkness+1","floor":12.0},{"not_picked":["Streamline","Ball Lightning"],"picked":"Leap+1","floor":13.0},{"not_picked":["Sweeping Beam","Force Field+1"],"picked":"Redo+1","floor":14.0},{"not_picked":["Biased Cognition","Seek+1"],"picked":"Electrodynamics","floor":16.0},{"not_picked":["Doom and Gloom","Consume+1","Self Repair"],"picked":"SKIP","floor":18.0},{"not_picked":["Conserve Battery+1","Gash"],"picked":"Chill+1","floor":21.0},{"not_picked":["FTL","Scrape+1","Rip and Tear"],"picked":"SKIP","floor":22.0},{"not_picked":["Doom and Gloom","Turbo+1"],"picked":"Hologram+1","floor":30.0},{"not_picked":["Compile Driver","Heatsinks"],"picked":"Conserve Battery+1","floor":31},{"not_picked":["Echo Form","Core Surge"],"picked":"Fission+1","floor":33},{"not_picked":["Hologram+1","Conserve Battery+1"],"picked":"Coolheaded+1","floor":35},{"not_picked":["Leap+1","Gash+1","Genetic Algorithm+1"],"picked":"SKIP","floor":36},{"not_picked":["Redo+1","Heatsinks+1"],"picked":"Glacier+1","floor":38},{"not_picked":["Leap+1","Multi-Cast+1","Heatsinks+1"],"picked":"SKIP","floor":41},{"not_picked":["Storm+1","Lockon+1"],"picked":"Skim+1","floor":42},{"not_picked":["Compile Driver","Scrape","Barrage+1"],"picked":"SKIP","floor":44},{"not_picked":["Hologram+1","Gash+1","Lockon+1"],"picked":"SKIP","floor":46},{"not_picked":["Steam+1","Go for the Eyes"],"picked":"Reboot+1","floor":48}],"player_experience":589773,"relics_obtained":[{"floor":4.0,"key":"Bag of Marbles"},{"floor":7.0,"key":"Toxic Egg 2"},{"floor":8.0,"key":"Thread and Needle"},{"floor":9.0,"key":"Blood Vial"},{"floor":12.0,"key":"Odd Mushroom"},{"floor":26.0,"key":"Ancient Tea Set"},{"floor":41,"key":"Bronze Scales"},{"floor":43,"key":"Frozen Egg 2"},{"floor":47,"key":"Turnip"}],"event_choices":[{"damage_healed":0.0,"max_hp_gain":0.0,"max_hp_loss":0.0,"gold_gain":0.0,"event_name":"Living Wall","player_choice":"Grow","floor":2.0,"gold_loss":0.0,"damage_taken":0.0,"cards_upgraded":["Zap"]},{"damage_healed":0.0,"max_hp_gain":0.0,"max_hp_loss":0.0,"gold_gain":0.0,"event_name":"Mushrooms","player_choice":"Fought Mushrooms","floor":12.0,"gold_loss":0.0,"damage_taken":0.0},{"damage_healed":0.0,"max_hp_gain":0.0,"max_hp_loss":0.0,"gold_gain":0.0,"event_name":"Addict","player_choice":"Obtained Relic","floor":20.0,"gold_loss":85.0,"damage_taken":0.0,"relics_obtained":["Centennial Puzzle"]},{"cards_removed":["Blizzard"],"damage_healed":0.0,"max_hp_gain":0.0,"max_hp_loss":0.0,"gold_gain":0.0,"event_name":"Beggar","player_choice":"Gave Gold","floor":24.0,"gold_loss":75.0,"damage_taken":0.0},{"damage_healed":0.0,"max_hp_gain":0.0,"max_hp_loss":0.0,"gold_gain":99.0,"event_name":"Nest","player_choice":"Stole From Cult","floor":28.0,"gold_loss":0.0,"damage_taken":0.0},{"damage_healed":0,"gold_gain":0,"player_choice":"Gave Potion","damage_taken":0,"relics_obtained":["Torii"],"max_hp_gain":0,"max_hp_loss":0,"event_name":"WeMeetAgain","floor":37,"gold_loss":0},{"damage_healed":0,"gold_gain":0,"player_choice":"Fight","damage_taken":0,"max_hp_gain":0,"max_hp_loss":0,"event_name":"MindBloom","floor":47,"gold_loss":0}],"is_beta":false,"boss_relics":[{"not_picked":["FrozenCore","Sozu"],"picked":"Pandora\u0027s Box"},{"not_picked":["Velvet Choker","Eternal Feather"],"picked":"Cursed Key"}],"items_purged_floors":[29,45],"is_endless":false,"potions_floor_spawned":[8,11,12,14,21,22,35,36,42,44,46,47],"ascension_level":7}