{"gold_per_floor":[214,214,289,314,326,326,101,115,192,20,48,48,65,78,78,174,174,190,224,70,70,81,81,93,93,93,113,113,130,130,145,145,243,243,258,272,494,512,107,137,154,180,180,209,235,235,253,268,268,268,268,268,101,126,126],"floor_reached":55,"playtime":3359,"items_purged":["Strike_R","Strike_R"],"score":784,"play_id":"d6737ecc-a20b-4d19-bff4-8d54650904eb","local_time":"20190107090916","is_ascension_mode":false,"campfire_choices":[{"data":"Bash","floor":6,"key":"SMITH"},{"data":"Spot Weakness","floor":12,"key":"SMITH"},{"floor":15,"key":"REST"},{"data":"Heavy Blade","floor":23,"key":"SMITH"},{"data":"Mayhem","floor":25,"key":"SMITH"},{"floor":32,"key":"REST"},{"floor":46,"key":"RECALL"},{"data":"1","floor":49,"key":"LIFT"},{"data":"2","floor":52,"key":"LIFT"}],"neow_cost":"NONE","seed_source_timestamp":264873577566738,"circlet_count":0,"master_deck":["Strike_R","Strike_R","Defend_R","Defend_R","Defend_R+1","Defend_R","Bash+1","Metallicize","Thunderclap","Feel No Pain","Spot Weakness+1","Impervious","Uppercut","Twin Strike","Heavy Blade+1","Feed","Shrug It Off+1","Shockwave","Mayhem+1","Iron Wave","Cleave+1","Body Slam+1","Sword Boomerang","Dark Embrace","Fire Breathing","Disarm","Limit Break+1","Metallicize","Juggernaut","Heavy Blade+1","Mayhem","Metallicize+1"],"relics":["Burning Blood","Regal Pillow","Bag of Marbles","Vajra","Runic Pyramid","Red Mask","Ginger","Nilry\u0027s Codex","Nloth\u0027s Gift","Sozu","Shovel","Girya","Lantern","PreservedInsect","Anchor","War Paint"],"potions_floor_usage":[11,16,19,27,31,31,33],"damage_taken":[{"damage":6,"enemies":"Cultist","floor":1,"turns":3},{"damage":2,"enemies":"2 Louse","floor":5,"turns":4},{"damage":5,"enemies":"Jaw Worm","floor":8,"turns":4},{"damage":38,"enemies":"Lagavulin","floor":11,"turns":7},{"damage":7,"enemies":"Blue Slaver","floor":13,"turns":4},{"damage":12,"enemies":"Large Slime","floor":14,"turns":4},{"damage":31,"enemies":"The Guardian","floor":16,"turns":11},{"damage":10,"enemies":"Chosen","floor":18,"turns":3},{"damage":12,"enemies":"Masked Bandits","floor":19,"turns":3},{"damage":35,"enemies":"2 Thieves","floor":22,"turns":4},{"damage":22,"enemies":"Shelled Parasite and Fungi","floor":24,"turns":6},{"damage":4,"enemies":"Snake Plant","floor":27,"turns":4},{"damage":8,"enemies":"Chosen and Byrds","floor":29,"turns":6},{"damage":5,"enemies":"Sentry and Sphere","floor":31,"turns":6},{"damage":17,"enemies":"Champ","floor":33,"turns":12},{"damage":14,"enemies":"3 Shapes","floor":35,"turns":3},{"damage":7,"enemies":"Orb Walker","floor":36,"turns":2},{"damage":21,"enemies":"Writhing Mass","floor":38,"turns":4},{"damage":17,"enemies":"Nemesis","floor":40,"turns":7},{"damage":5,"enemies":"Maw","floor":41,"turns":8},{"damage":4,"enemies":"Giant Head","floor":42,"turns":7},{"damage":4,"enemies":"Nemesis","floor":44,"turns":7},{"damage":5,"enemies":"Sphere and 2 Shapes","floor":47,"turns":4},{"damage":0,"enemies":"Spire Growth","floor":48,"turns":4},{"damage":8,"enemies":"Time Eater","floor":50,"turns":7},{"damage":33,"enemies":"Shield and Spear","floor":54,"turns":4},{"damage":76,"enemies":"The Heart","floor":55,"turns":6}],"seed_played":"3541294948599444989","potions_obtained":[{"floor":1,"key":"Explosive Potion"},{"floor":5,"key":"Poison Potion"},{"floor":13,"key":"Swift Potion"},{"floor":16,"key":"Explosive Potion"},{"floor":18,"key":"EssenceOfSteel"},{"floor":19,"key":"Weak Potion"},{"floor":27,"key":"SteroidPotion"},{"floor":31,"key":"Fruit Juice"}],"is_trial":false,"path_per_floor":["M","?","?","T","M","R","$","M","T","$","E","R","M","M","R","B",null,"M","?","$","?","M","R","M","R","T","M","?","M","?","M","R","B",null,"M","M","?","M","$","E","M","E","T","E","T","R","M","M","R","B",null,"R","$","E","B"],"character_chosen":"IRONCLAD","items_purchased":["Bag of Marbles","Feel No Pain","Impervious","Mayhem","Shovel","Mayhem"],"campfire_rested":2,"item_purchase_floors":[7,7,10,20,39,53],"current_hp_per_floor":[80,80,69,69,73,73,73,74,74,74,42,42,41,35,74,49,80,79,73,73,73,47,47,34,34,34,36,20,21,21,30,75,64,100,92,91,91,79,79,68,69,71,71,73,73,73,74,80,80,78,103,103,103,76,0],"gold":126,"neow_bonus":"HUNDRED_GOLD","is_prod":false,"is_daily":false,"chose_seed":false,"campfire_upgraded":4,"win_rate":0,"timestamp":1546870156,"path_taken":["M","?","?","?","M","R","$","M","T","?","E","R","M","M","R","BOSS","M","?","$","?","?","R","M","R","T","M","?","M","?","M","R","BOSS","M","M","?","M","$","E","M","E","T","E","?","R","M","M","R","BOSS","R","$","E","BOSS"],"build_version":"2019-01-03v4","purchased_purges":2,"victory":false,"max_hp_per_floor":[80,80,80,80,80,80,80,80,80,80,80,80,80,80,80,80,80,83,83,83,83,86,86,89,89,89,89,89,92,92,100,100,100,100,100,100,100,103,103,103,103,103,103,103,103,103,103,103,103,103,103,103,103,103,103],"card_choices":[{"not_picked":["Feel No Pain","Pommel Strike"],"picked":"Metallicize","floor":1},{"not_picked":["Body Slam","Infernal Blade"],"picked":"Thunderclap","floor":5},{"not_picked":["Combust","Warcry"],"picked":"Spot Weakness","floor":8},{"not_picked":["Rampage","Perfected Strike"],"picked":"Uppercut","floor":11},{"not_picked":["Uppercut","Carnage"],"picked":"Twin Strike","floor":13},{"not_picked":["Evolve","Warcry"],"picked":"Heavy Blade","floor":14},{"not_picked":["Bludgeon","Brutality"],"picked":"Feed","floor":16},{"not_picked":["Wild Strike","Evolve"],"picked":"Shrug It Off+1","floor":18},{"not_picked":["Thunderclap+1","Rage+1"],"picked":"Shockwave","floor":19},{"not_picked":["Body Slam","Burning Pact"],"picked":"Iron Wave","floor":22},{"not_picked":["Pommel Strike","Clash+1"],"picked":"Cleave+1","floor":24},{"not_picked":["Rupture","Iron Wave"],"picked":"Body Slam+1","floor":27},{"not_picked":["Clash","Entrench","Searing Blow"],"picked":"SKIP","floor":29},{"not_picked":["Blood for Blood+1","Pommel Strike+1"],"picked":"Sword Boomerang","floor":31},{"not_picked":["Bludgeon","Impervious"],"picked":"Dark Embrace","floor":33},{"not_picked":["Sword Boomerang+1","Infernal Blade+1"],"picked":"Fire Breathing","floor":35},{"not_picked":["Armaments","Cleave","Infernal Blade"],"picked":"SKIP","floor":36},{"not_picked":["Feel No Pain+1","Sword Boomerang+1"],"picked":"Disarm","floor":38},{"not_picked":["Flex","Demon Form"],"picked":"Limit Break","floor":40},{"not_picked":["Headbutt+1","Shrug It Off"],"picked":"Metallicize","floor":41},{"not_picked":["Twin Strike","Entrench+1","Shrug It Off"],"picked":"SKIP","floor":42},{"not_picked":["Iron Wave+1","Second Wind"],"picked":"Juggernaut","floor":44},{"not_picked":["Sever Soul","Inflame"],"picked":"Heavy Blade+1","floor":47},{"not_picked":["Headbutt","Clothesline","Power Through"],"picked":"SKIP","floor":48},{"not_picked":["Havoc+1","Burning Pact+1"],"picked":"Metallicize+1","floor":54}],"player_experience":2028940,"relics_obtained":[{"floor":4,"key":"Regal Pillow"},{"floor":9,"key":"The Courier"},{"floor":11,"key":"Vajra"},{"floor":19,"key":"Red Mask"},{"floor":26,"key":"Ginger"},{"floor":28,"key":"Nilry\u0027s Codex"},{"floor":40,"key":"Girya"},{"floor":42,"key":"Lantern"},{"floor":44,"key":"PreservedInsect"},{"floor":45,"key":"Anchor"},{"floor":54,"key":"War Paint"}],"event_choices":[{"cards_removed":["Strike_R"],"damage_healed":0,"gold_gain":0,"player_choice":"Forget","damage_taken":0,"max_hp_gain":0,"max_hp_loss":0,"event_name":"Living Wall","floor":2,"gold_loss":0},{"damage_healed":0,"gold_gain":75,"player_choice":"Gather Gold","damage_taken":11,"max_hp_gain":0,"max_hp_loss":0,"event_name":"World of Goop","floor":3,"gold_loss":0},{"damage_healed":0,"gold_gain":0,"player_choice":"Fought Bandits","damage_taken":0,"max_hp_gain":0,"max_hp_loss":0,"event_name":"Masked Bandits","floor":19,"gold_loss":0},{"damage_healed":0,"gold_gain":0,"player_choice":"Ignored","damage_taken":0,"max_hp_gain":0,"max_hp_loss":0,"event_name":"Beggar","floor":21,"gold_loss":0},{"damage_healed":0,"gold_gain":0,"player_choice":"Obtained Book","damage_taken":16,"max_hp_gain":0,"max_hp_loss":0,"event_name":"Cursed Tome","floor":28,"gold_loss":0},{"damage_healed":0,"gold_gain":0,"player_choice":"Traded Relic","damage_taken":0,"relics_obtained":["Nloth\u0027s Gift"],"max_hp_gain":0,"max_hp_loss":0,"event_name":"N\u0027loth","floor":30,"relics_lost":["The Courier"],"gold_loss":0},{"damage_healed":0,"gold_gain":222,"player_choice":"Wore Mask","damage_taken":0,"max_hp_gain":0,"max_hp_loss":0,"event_name":"Tomb of Lord Red Mask","floor":37,"gold_loss":0}],"is_beta":false,"boss_relics":[{"not_picked":["Coffee Dripper","Eternal Feather"],"picked":"Runic Pyramid"},{"not_picked":["Tiny House","Black Blood"],"picked":"Sozu"}],"items_purged_floors":[10,39],"is_endless":false,"potions_floor_spawned":[1,5,13,16,18,19,27,31,36,38,40,48],"killed_by":"The Heart","ascension_level":0}