{"gold_per_floor":[115,115,126,139,158,158,173,186,186,111,111,111,166,182,182,281,281,298,298,310,310,320,320,330,330,382,392,412,424,424,437,437,437],"floor_reached":33,"playtime":2963,"items_purged":["Strike_G"],"score":245,"play_id":"221a21d6-31fc-41e7-a760-f3c6517b0430","local_time":"20180703094018","is_ascension_mode":false,"campfire_choices":[{"floor":6.0,"key":"REST"},{"floor":12.0,"key":"REST"},{"floor":15.0,"key":"REST"},{"data":"Riddle With Holes","floor":23.0,"key":"SMITH"},{"floor":25,"key":"REST"},{"floor":30,"key":"REST"},{"floor":32,"key":"REST"}],"neow_cost":"","seed_source_timestamp":0,"circlet_count":0,"master_deck":["Defend_G","Defend_G","Defend_G","Defend_G","Strike_G","Strike_G","Strike_G","Survivor","Neutralize","Cloak And Dagger","Well Laid Plans","Deadly Poison","Dagger Spray","Escape Plan","Dagger Throw","Predator","Acrobatics","Adrenaline","Caltrops","Flying Knee","Riddle With Holes+1","Underhanded Strike","Prepared+1","Infinite Blades","Blur","Dash+1"],"special_seed":0,"relics":["Ring of the Snake","Calipers","Pear","Ninja Scroll","Sozu","Bronze Scales"],"potions_floor_usage":[33],"damage_taken":[{"damage":0.0,"enemies":"Small Slimes","floor":1.0,"turns":4.0},{"damage":0.0,"enemies":"2 Louse","floor":3.0,"turns":2.0},{"damage":8.0,"enemies":"Jaw Worm","floor":4.0,"turns":5.0},{"damage":6.0,"enemies":"3 Louse","floor":5.0,"turns":4.0},{"damage":3.0,"enemies":"Blue Slaver","floor":7.0,"turns":5.0},{"damage":2.0,"enemies":"Large Slime","floor":8.0,"turns":8.0},{"damage":8.0,"enemies":"3 Sentries","floor":13.0,"turns":8.0},{"damage":0.0,"enemies":"Looter","floor":14.0,"turns":2.0},{"damage":46.0,"enemies":"Slime Boss","floor":16.0,"turns":14.0},{"damage":4.0,"enemies":"3 Byrds","floor":18.0,"turns":5.0},{"damage":6.0,"enemies":"Shell Parasite","floor":20.0,"turns":6.0},{"damage":12.0,"enemies":"Centurion and Healer","floor":22.0,"turns":6.0},{"damage":27,"enemies":"Slaver and Parasite","floor":24,"turns":6},{"damage":11,"enemies":"Sentry and Sphere","floor":27,"turns":4},{"damage":10,"enemies":"Centurion and Healer","floor":28,"turns":4},{"damage":25,"enemies":"Snake Plant","floor":29,"turns":3},{"damage":11,"enemies":"Cultist and Chosen","floor":31,"turns":7},{"damage":60,"enemies":"Champ","floor":33,"turns":10}],"seed_played":"6904382101667228154","potions_obtained":[{"floor":4.0,"key":"GamblersBrew"},{"floor":13.0,"key":"Ancient Potion"},{"floor":13.0,"key":"SpeedPotion"}],"is_trial":false,"path_per_floor":["M","?","M","M","M","R","M","M","T","$","?","R","?","M","R","B",null,"M","?","M","?","M","R","M","R","T","M","M","M","R","M","R"],"character_chosen":"THE_SILENT","items_purchased":[],"campfire_rested":6,"item_purchase_floors":[],"current_hp_per_floor":[35,28,28,20,14,35,32,30,40,40,40,64,56,56,80,34,80,76,76,70,70,58,58,31,55,55,44,34,9,33,22,46,0],"gold":437,"neow_bonus":"","is_prod":false,"is_daily":false,"chose_seed":false,"campfire_upgraded":1,"win_rate":0,"timestamp":1530625218,"path_taken":["M","?","M","M","M","R","M","M","T","$","?","R","?","?","R","BOSS","M","?","M","?","?","R","?","R","T","?","M","M","R","M","R","BOSS"],"build_version":"2018-06-28","purchased_purges":1,"victory":false,"max_hp_per_floor":[70,70,70,70,70,70,70,70,80,80,80,80,80,80,80,80,80,80,80,80,80,80,80,80,80,80,80,80,80,80,80,80,80],"card_choices":[{"not_picked":["Leg Sweep","Finisher"],"picked":"Cloak And Dagger","floor":1.0},{"not_picked":["Heel Hook","Outmaneuver"],"picked":"Well Laid Plans","floor":3.0},{"not_picked":["Outmaneuver","Skewer"],"picked":"Deadly Poison","floor":4.0},{"not_picked":["Sucker Punch","Deadly Poison"],"picked":"Dagger Spray","floor":5.0},{"not_picked":["Dodge and Roll","Terror"],"picked":"Escape Plan","floor":7.0},{"not_picked":["Prepared","Setup"],"picked":"Dagger Throw","floor":8.0},{"not_picked":["Burst","Slice"],"picked":"Predator","floor":13.0},{"not_picked":["Dagger Throw","Dagger Spray"],"picked":"Acrobatics","floor":14.0},{"not_picked":["Venomology","Bullet Time"],"picked":"Adrenaline","floor":16.0},{"not_picked":["Endless Agony","Underhanded Strike"],"picked":"Caltrops","floor":18.0},{"not_picked":["Deadly Poison","Dagger Spray"],"picked":"Flying Knee","floor":20.0},{"not_picked":["Dodge and Roll+1","Deflect+1"],"picked":"Riddle With Holes","floor":22.0},{"not_picked":["Accuracy+1","Dagger Spray"],"picked":"Underhanded Strike","floor":24},{"not_picked":["Slice","Reflex"],"picked":"Prepared+1","floor":27},{"not_picked":["Deflect","Expertise"],"picked":"Infinite Blades","floor":28},{"not_picked":["Caltrops","Crippling Poison"],"picked":"Blur","floor":29},{"not_picked":["Masterful Stab","Wraith Form v2"],"picked":"Dash+1","floor":31}],"player_experience":931763,"relics_obtained":[{"floor":9.0,"key":"Pear"},{"floor":13.0,"key":"Ninja Scroll"},{"floor":26,"key":"Bronze Scales"}],"event_choices":[{"event_name":"Golden Wing","player_choice":"Card Removal","floor":2.0,"damage_taken":0.0},{"event_name":"Liars Game","player_choice":"disagreed","floor":11.0,"damage_taken":0.0},{"event_name":"Dead Adventurer","player_choice":"Searched \u00271\u0027 times","floor":13.0,"damage_taken":0.0},{"event_name":"Vampires","player_choice":"Ignored","floor":19.0,"damage_taken":0.0},{"event_name":"Purifier","player_choice":"One Purge","floor":21.0,"damage_taken":0.0}],"boss_relics":[{"not_picked":["White Beast Statue","Black Star"],"picked":"Sozu"}],"items_purged_floors":[],"is_endless":false,"potions_floor_spawned":[4,13,13,14,18,27,28,31],"killed_by":"Champ","ascension_level":0}