{"path_per_floor":["M","?","?","M","?","$","M","M","T","R","M","$","R","M","R","B",null,"M","?","M","$","?","R","M","R","T","$","M"],"character_chosen":"IRONCLAD","items_purchased":["Rupture","Spot Weakness","Inflame","Armaments"],"gold_per_floor":[118,118,193,213,213,67,87,102,178,178,197,45,45,60,60,161,161,173,173,191,45,45,45,57,57,108,108,122,122],"floor_reached":29,"campfire_rested":4,"playtime":1063,"item_purchase_floors":[6,6,12,21],"current_hp_per_floor":[78,78,67,71,71,71,69,54,54,54,50,50,74,56,80,56,80,54,39,17,17,17,42,29,54,54,54,13,0],"items_purged":["Defend_R","Strike_R"],"gold":122,"score":258,"play_id":"faa3bae6-20bc-426a-b157-cf1340a07b6d","local_time":"20180618113059","is_prod":false,"is_daily":false,"chose_seed":false,"is_ascension_mode":true,"campfire_upgraded":1,"win_rate":0,"timestamp":1529335859,"campfire_choices":[{"data":"Rupture","floor":10,"key":"SMITH"},{"floor":13,"key":"REST"},{"floor":15,"key":"REST"},{"floor":23,"key":"REST"},{"floor":25,"key":"REST"}],"path_taken":["M","?","?","M","?","$","M","?","T","R","M","$","R","M","R","BOSS","M","?","M","$","?","R","M","R","T","?","M","?"],"build_version":"2018-06-14v2","seed_source_timestamp":374113302746009,"purchased_purges":2,"victory":false,"master_deck":["Strike_R","Strike_R","Strike_R","Strike_R","Defend_R","Defend_R","Defend_R","Bash","Brutality","Heavy Blade+1","Heavy Blade","Rupture+1","Spot Weakness","Flex","Shockwave","Heavy Blade","Inflame","Burning Pact","Demon Form","Armaments","True Grit"],"max_hp_per_floor":[80,80,80,80,80,80,80,80,80,80,80,80,80,80,80,80,80,80,85,85,85,85,85,85,85,85,85,85,85],"relics":["Burning Blood","Paper Frog","Busted Crown","Potion Belt"],"card_choices":[{"not_picked":["Sword Boomerang","Iron Wave"],"picked":"Heavy Blade","floor":1},{"not_picked":["Cleave","Bloodletting"],"picked":"Heavy Blade","floor":4},{"not_picked":["Carnage","Dual Wield"],"picked":"Flex","floor":7},{"not_picked":["Fiend Fire","Armaments"],"picked":"Shockwave","floor":8},{"not_picked":["True Grit","Hemokinesis"],"picked":"Heavy Blade","floor":11},{"not_picked":["Flame Barrier","Anger"],"picked":"Burning Pact","floor":14},{"not_picked":["Berserk","Fiend Fire"],"picked":"Demon Form","floor":16},{"not_picked":["Sword Boomerang"],"picked":"SKIP","floor":18},{"not_picked":["Body Slam"],"picked":"SKIP","floor":20},{"not_picked":["Burning Pact"],"picked":"SKIP","floor":24},{"not_picked":[],"picked":"True Grit","floor":28}],"player_experience":634787,"potions_floor_usage":[16,16],"damage_taken":[{"damage":8,"enemies":"Small Slimes","floor":1,"turns":5},{"damage":2,"enemies":"Jaw Worm","floor":4,"turns":3},{"damage":8,"enemies":"2 Louse","floor":7,"turns":3},{"damage":21,"enemies":"Blue Slaver","floor":8,"turns":4},{"damage":10,"enemies":"2 Fungi Beasts","floor":11,"turns":3},{"damage":24,"enemies":"Looter","floor":14,"turns":3},{"damage":30,"enemies":"Hexaghost","floor":16,"turns":7},{"damage":32,"enemies":"3 Byrds","floor":18,"turns":5},{"damage":28,"enemies":"Spheric Guardian","floor":20,"turns":4},{"damage":19,"enemies":"Snake Plant","floor":24,"turns":2},{"damage":56,"enemies":"Slaver and Parasite","floor":28,"turns":4},{"damage":13,"enemies":"Cultist and Chosen","floor":29,"turns":2}],"relics_obtained":[{"floor":9,"key":"Paper Frog"},{"floor":26,"key":"Potion Belt"}],"event_choices":[{"event_name":"Living Wall","player_choice":"Grow","floor":2,"damage_taken":0},{"event_name":"World of Goop","player_choice":"Gather Gold","floor":3,"damage_taken":0},{"event_name":"Liars Game","player_choice":"disagreed","floor":5,"damage_taken":0},{"event_name":"Forgotten Altar","player_choice":"Shed Blood","floor":19,"damage_taken":0},{"event_name":"Drug Dealer","player_choice":"Ignored","floor":22,"damage_taken":0}],"boss_relics":[{"not_picked":["Pandora\u0027s Box","Eternal Feather"],"picked":"Busted Crown"}],"items_purged_floors":[12,21],"is_endless":false,"potions_floor_spawned":[1,4,14,16,28],"seed_played":"-2224585931524055139","killed_by":"Cultist and Chosen","ascension_level":4,"potions_obtained":[{"floor":1,"key":"AttackPotion"},{"floor":4,"key":"FairyPotion"},{"floor":14,"key":"Weak Potion"},{"floor":16,"key":"SpeedPotion"},{"floor":28,"key":"Strength Potion"}],"is_trial":false}