{"gold_per_floor":[113,113,38,53,53,53,87,87,87,118,118,136,136,136,136,231,231,247,9,28,28,28,28,38,51,51,51],"floor_reached":27,"playtime":1130,"items_purged":["Strike_B"],"score":438,"play_id":"46a73c5f-0915-4d34-b9ab-111c70be1c43","local_time":"20190209205859","is_ascension_mode":true,"campfire_choices":[{"data":"Zap","floor":6,"key":"SMITH"},{"floor":8,"key":"REST"},{"floor":11,"key":"REST"},{"floor":15,"key":"REST"},{"floor":23,"key":"REST"}],"neow_cost":"NONE","seed_source_timestamp":542170560901864,"circlet_count":0,"master_deck":["AscendersBane","Defend_B","Defend_B","Defend_B","Defend_B","Zap+1","Dualcast","Streamline+1","Compile Driver","Scrape","Recycle","BootSequence","Echo Form","Beam Cell","Cold Snap","Electrodynamics","Static Discharge","Meteor Strike","Capacitor","Hologram","Fusion"],"relics":["Cracked Core","Incense Burner","Ice Cream","Dream Catcher","Bloody Idol","Eternal Feather","PreservedInsect","Question Card"],"potions_floor_usage":[10],"damage_taken":[{"damage":2,"enemies":"2 Louse","floor":1,"turns":3},{"damage":7,"enemies":"Small Slimes","floor":4,"turns":3},{"damage":40,"enemies":"3 Sentries","floor":7,"turns":8},{"damage":25,"enemies":"Lagavulin","floor":10,"turns":5},{"damage":0,"enemies":"Jaw Worm","floor":12,"turns":4},{"damage":8,"enemies":"Slime Boss","floor":16,"turns":8},{"damage":4,"enemies":"2 Thieves","floor":18,"turns":3},{"damage":30,"enemies":"Shell Parasite","floor":20,"turns":5},{"damage":18,"enemies":"3 Cultists","floor":24,"turns":3},{"damage":28,"enemies":"Snake Plant","floor":25,"turns":7},{"damage":45,"enemies":"Snecko","floor":27,"turns":4}],"seed_played":"1803066086244671199","potions_obtained":[{"floor":7,"key":"Swift Potion"},{"floor":12,"key":"FairyPotion"},{"floor":18,"key":"Dexterity Potion"}],"is_trial":false,"path_per_floor":["M","?","?","M","$","R","E","R","T","E","R","M","?","?","R","B",null,"M","$","M","?","?","R","M","M","T","M"],"character_chosen":"DEFECT","items_purchased":["PreservedInsect"],"campfire_rested":4,"item_purchase_floors":[19],"current_hp_per_floor":[62,62,62,55,55,55,15,36,36,11,32,32,32,32,51,43,59,55,55,25,25,25,53,40,17,17,0],"gold":51,"neow_bonus":"TRANSFORM_CARD","is_prod":false,"is_daily":false,"chose_seed":false,"campfire_upgraded":1,"win_rate":0,"timestamp":1549763939,"path_taken":["M","?","?","M","?","R","E","R","T","E","R","M","?","?","R","BOSS","M","$","M","?","?","R","M","M","T","?"],"build_version":"2019-01-23","purchased_purges":1,"victory":false,"max_hp_per_floor":[71,71,71,71,71,71,71,71,71,71,71,71,64,64,64,64,64,64,64,64,64,64,64,64,64,64,64],"card_choices":[{"not_picked":["Streamline","Barrage"],"picked":"Compile Driver","floor":1},{"not_picked":["Seek","Cold Snap"],"picked":"Scrape","floor":4},{"not_picked":["Blizzard","Streamline"],"picked":"Recycle","floor":7},{"not_picked":["Coolheaded","Go for the Eyes"],"picked":"BootSequence","floor":10},{"not_picked":["Hologram","Melter"],"picked":"Echo Form","floor":11},{"not_picked":["Streamline","Hologram"],"picked":"Beam Cell","floor":12},{"not_picked":["Turbo","Stack"],"picked":"Cold Snap","floor":15},{"not_picked":["Hyperbeam","Core Surge"],"picked":"Electrodynamics","floor":16},{"not_picked":["Steam+1","Go for the Eyes"],"picked":"Static Discharge","floor":18},{"not_picked":["Hello World","Turbo","Barrage"],"picked":"SKIP","floor":20},{"not_picked":["Heatsinks+1","Compile Driver"],"picked":"Capacitor","floor":23},{"not_picked":["Sunder","Stack"],"picked":"Hologram","floor":24},{"not_picked":["Sweeping Beam","Beam Cell"],"picked":"Fusion","floor":25}],"player_experience":2378347,"relics_obtained":[{"floor":7,"key":"Incense Burner"},{"floor":9,"key":"Ice Cream"},{"floor":10,"key":"Dream Catcher"},{"floor":26,"key":"Question Card"}],"event_choices":[{"damage_healed":0,"gold_gain":0,"player_choice":"Grow","damage_taken":0,"max_hp_gain":0,"max_hp_loss":0,"event_name":"Living Wall","floor":2,"gold_loss":0,"cards_upgraded":["Streamline"]},{"cards_removed":["Strike_B"],"damage_healed":0,"gold_gain":0,"player_choice":"Card Removal","damage_taken":0,"max_hp_gain":0,"max_hp_loss":0,"event_name":"The Cleric","floor":3,"gold_loss":75},{"damage_healed":0,"gold_gain":0,"player_choice":"Lose Max HP","damage_taken":0,"relics_obtained":["Golden Idol"],"max_hp_gain":0,"max_hp_loss":7,"event_name":"Golden Idol","floor":13,"gold_loss":0},{"damage_healed":0,"gold_gain":0,"player_choice":"Ignored","damage_taken":0,"max_hp_gain":0,"max_hp_loss":0,"event_name":"Liars Game","floor":14,"gold_loss":0},{"damage_healed":0,"gold_gain":0,"player_choice":"Gave Idol","damage_taken":0,"relics_obtained":["Bloody Idol"],"max_hp_gain":0,"max_hp_loss":0,"event_name":"Forgotten Altar","floor":21,"relics_lost":["Golden Idol"],"gold_loss":0},{"damage_healed":0,"gold_gain":0,"cards_transformed":["Strike_B"],"player_choice":"Transformed","damage_taken":0,"max_hp_gain":0,"max_hp_loss":0,"event_name":"Transmorgrifier","floor":22,"gold_loss":0,"cards_obtained":["Meteor Strike"]}],"is_beta":false,"boss_relics":[{"not_picked":["Black Star","Nuclear Battery"],"picked":"Eternal Feather"}],"items_purged_floors":[19],"is_endless":false,"potions_floor_spawned":[7,12,18,20],"killed_by":"Snecko","ascension_level":20}