{"gold_per_floor":[113,113,113,132,132,167,167,185,185,199,210,285,301,315,315,413,413,423,95,95,95,105,105,30,30,55,70,83,83],"floor_reached":29,"playtime":962,"items_purged":["Defend_B"],"score":340,"play_id":"80685254-9e6c-4151-bf6a-f29143be0296","local_time":"20180702103830","is_ascension_mode":true,"campfire_choices":[{"data":"Storm","floor":7,"key":"SMITH"},{"floor":15,"key":"REST"},{"floor":23,"key":"REST"},{"floor":25,"key":"REST"}],"neow_cost":"NONE","seed_source_timestamp":658340214179251,"circlet_count":0,"master_deck":["Strike_B","Strike_B","Strike_B","Defend_B","Defend_B","Defend_B","Zap","Dualcast","Hello World","Hologram","Storm+1","Coolheaded","Redo","Conserve Battery","Barrage","Barrage","Electrodynamics","Sweeping Beam","Static Discharge","Hologram","Biased Cognition"],"relics":["Cracked Core","NeowsBlessing","Bottled Tornado","Bottled Flame","Inserter","Pantograph","Nilry\u0027s Codex","Anchor"],"potions_floor_usage":[16,16,29,29],"damage_taken":[{"damage":0,"enemies":"2 Louse","floor":1,"turns":1},{"damage":0,"enemies":"Small Slimes","floor":4,"turns":1},{"damage":0,"enemies":"3 Sentries","floor":6,"turns":1},{"damage":9,"enemies":"Jaw Worm","floor":8,"turns":3},{"damage":7,"enemies":"2 Fungi Beasts","floor":10,"turns":4},{"damage":11,"enemies":"Blue Slaver","floor":11,"turns":3},{"damage":14,"enemies":"Red Slaver","floor":13,"turns":3},{"damage":24,"enemies":"Looter","floor":14,"turns":4},{"damage":26,"enemies":"Slime Boss","floor":16,"turns":10},{"damage":13,"enemies":"3 Byrds","floor":18,"turns":3},{"damage":24,"enemies":"Spheric Guardian","floor":22,"turns":3},{"damage":17,"enemies":"Chosen and Byrds","floor":27,"turns":4},{"damage":34,"enemies":"Centurion and Healer","floor":28,"turns":5},{"damage":19,"enemies":"Slavers","floor":29,"turns":1}],"seed_played":"6505574356620761753","potions_obtained":[{"floor":1,"key":"Poison Potion"},{"floor":10,"key":"FairyPotion"},{"floor":13,"key":"Regen Potion"},{"floor":16,"key":"FocusPotion"},{"floor":28,"key":"Regen Potion"}],"is_trial":false,"path_per_floor":["M","?","?","M","?","E","R","M","T","M","M","?","M","M","R","B",null,"M","$","?","?","M","R","$","R","T","M","M"],"character_chosen":"DEFECT","items_purchased":["Static Discharge","Pantograph"],"campfire_rested":3,"item_purchase_floors":[19,19],"current_hp_per_floor":[68,68,73,73,66,66,66,57,57,50,39,28,14,1,25,14,64,51,51,35,35,11,35,35,59,59,42,8,0],"gold":83,"neow_bonus":"THREE_ENEMY_KILL","is_prod":false,"is_daily":false,"chose_seed":false,"campfire_upgraded":1,"win_rate":0,"timestamp":1530542310,"path_taken":["M","?","?","M","?","E","R","M","T","M","M","?","M","M","R","BOSS","M","$","?","?","M","R","?","R","T","?","M","E"],"build_version":"2018-06-28","purchased_purges":1,"victory":false,"max_hp_per_floor":[75,75,80,80,80,80,80,80,80,80,80,80,80,80,80,80,80,80,80,80,80,80,80,80,80,80,80,80,80],"card_choices":[{"not_picked":["Turbo","Compile Driver"],"picked":"Hello World","floor":1},{"not_picked":["Ball Lightning","Lockon"],"picked":"Hologram","floor":4},{"not_picked":["Steam Power","BootSequence"],"picked":"Storm","floor":6},{"not_picked":["Compile Driver","Gash"],"picked":"Coolheaded","floor":8},{"not_picked":["Compile Driver","Turbo"],"picked":"Redo","floor":10},{"not_picked":["Rebound","Hyperbeam"],"picked":"Conserve Battery","floor":11},{"not_picked":["Gash","Go for the Eyes"],"picked":"Barrage","floor":13},{"not_picked":["Rebound","Blizzard"],"picked":"Barrage","floor":14},{"not_picked":["Hyperbeam","Rainbow"],"picked":"Electrodynamics","floor":16},{"not_picked":["Gash","Beam Cell"],"picked":"Sweeping Beam","floor":18},{"not_picked":["Barrage","Go for the Eyes"],"picked":"Hologram","floor":22},{"not_picked":["Conserve Battery","Double Energy"],"picked":"Biased Cognition","floor":27},{"not_picked":["Steam","Stack","Steam Power"],"picked":"SKIP","floor":28}],"player_experience":903401,"relics_obtained":[{"floor":6,"key":"Bottled Tornado"},{"floor":9,"key":"Bottled Flame"},{"floor":20,"key":"Nilry\u0027s Codex"},{"floor":26,"key":"Anchor"}],"event_choices":[{"event_name":"Liars Game","player_choice":"disagreed","floor":2,"damage_taken":0},{"event_name":"Big Fish","player_choice":"Donut","floor":3,"damage_taken":0},{"event_name":"Golden Wing","player_choice":"Card Removal","floor":5,"damage_taken":0},{"event_name":"World of Goop","player_choice":"Gather Gold","floor":12,"damage_taken":0},{"event_name":"Cursed Tome","player_choice":"Obtained Book","floor":20,"damage_taken":0},{"event_name":"Ghosts","player_choice":"Ignored","floor":21,"damage_taken":0}],"boss_relics":[{"not_picked":["White Beast Statue","Coffee Dripper"],"picked":"Inserter"}],"items_purged_floors":[24],"is_endless":false,"potions_floor_spawned":[1,10,13,16,28],"killed_by":"Slavers","ascension_level":7}