{"gold_per_floor":[116,130,130,16,16,51,51,65,65,65,85,85,85,104,104,206,206,226,226,226,226,241,266,266,365,392,423,435,189,201,213,213,213],"floor_reached":33,"playtime":2285,"items_purged":["Strike_R","Defend_R"],"score":385,"play_id":"3585063d-370a-4c02-a744-eacddc30b1e4","local_time":"20181125013049","is_ascension_mode":false,"campfire_choices":[{"data":"Shockwave","floor":7,"key":"SMITH"},{"data":"Limit Break","floor":10,"key":"SMITH"},{"data":"Rage","floor":13,"key":"SMITH"},{"floor":15,"key":"RECALL"},{"data":"Flame Barrier","floor":24,"key":"SMITH"},{"data":"Second Wind","floor":32,"key":"SMITH"}],"neow_cost":"NONE","seed_source_timestamp":1152044679216426,"circlet_count":0,"master_deck":["Defend_R+1","Defend_R","Bash","Shockwave+1","Heavy Blade","Evolve","Rage+1","Limit Break+1","Flex+1","Dropkick","Double Tap","Rampage","Iron Wave","Bite","Bite","Bite","Bite","Bite","Flame Barrier+1","Whirlwind","Iron Wave+1","Second Wind+1"],"relics":["Burning Blood","NeowsBlessing","Darkstone Periapt","Velvet Choker","Pen Nib","Bag of Preparation","Letter Opener","Blood Vial"],"potions_floor_usage":[16,16,18,23,23,28,28],"damage_taken":[{"damage":0,"enemies":"2 Louse","floor":1,"turns":1},{"damage":0,"enemies":"Jaw Worm","floor":2,"turns":1},{"damage":0,"enemies":"3 Sentries","floor":6,"turns":2},{"damage":0,"enemies":"Cultist","floor":8,"turns":4},{"damage":0,"enemies":"Large Slime","floor":11,"turns":5},{"damage":0,"enemies":"Looter","floor":14,"turns":2},{"damage":0,"enemies":"Slime Boss","floor":16,"turns":5},{"damage":6,"enemies":"3 Byrds","floor":18,"turns":3},{"damage":0,"enemies":"Chosen","floor":22,"turns":4},{"damage":42,"enemies":"Gremlin Leader","floor":23,"turns":6},{"damage":18,"enemies":"Book of Stabbing","floor":27,"turns":4},{"damage":37,"enemies":"Sentry and Sphere","floor":28,"turns":6},{"damage":10,"enemies":"Centurion and Healer","floor":30,"turns":6},{"damage":11,"enemies":"Shelled Parasite and Fungi","floor":31,"turns":2},{"damage":75,"enemies":"Automaton","floor":33,"turns":6}],"seed_played":"4037362225633937971","potions_obtained":[{"floor":1,"key":"SteroidPotion"},{"floor":2,"key":"EssenceOfSteel"},{"floor":8,"key":"PowerPotion"},{"floor":11,"key":"AttackPotion"},{"floor":16,"key":"Regen Potion"},{"floor":18,"key":"Fire Potion"},{"floor":23,"key":"Weak Potion"},{"floor":27,"key":"SpeedPotion"}],"is_trial":false,"path_per_floor":["M","M","?","$","?","E","R","M","T","R","M","?","R","M","R","B",null,"M","?","?","?","M","E","R","?","T","E","M","$","M","M","R","B"],"character_chosen":"IRONCLAD","items_purchased":["Evolve","Blood Vial"],"campfire_rested":0,"item_purchase_floors":[4,29],"current_hp_per_floor":[80,80,64,64,57,63,63,69,69,69,75,75,75,80,80,80,80,80,80,65,59,59,45,45,45,45,39,20,20,32,31,31,0],"gold":213,"neow_bonus":"THREE_ENEMY_KILL","is_prod":false,"is_daily":false,"chose_seed":false,"campfire_upgraded":5,"win_rate":0,"timestamp":1543077049,"path_taken":["M","M","?","$","?","E","R","M","T","R","M","?","R","?","R","BOSS","M","?","?","?","M","E","R","?","T","E","M","$","?","M","R","BOSS"],"build_version":"2018-11-15","purchased_purges":2,"victory":false,"max_hp_per_floor":[80,80,80,80,80,80,80,80,80,80,80,80,80,80,80,80,80,80,80,85,59,59,59,59,59,59,59,59,59,59,59,59,59],"card_choices":[{"not_picked":["Sword Boomerang","Perfected Strike"],"picked":"Shockwave","floor":1},{"not_picked":["Thunderclap","True Grit"],"picked":"Heavy Blade","floor":2},{"not_picked":["Shrug It Off","Headbutt"],"picked":"Rage","floor":6},{"not_picked":["Body Slam","Shrug It Off"],"picked":"Limit Break","floor":8},{"not_picked":["Sever Soul","Ghostly Armor"],"picked":"Flex","floor":11},{"not_picked":["Flex","Headbutt"],"picked":"Dropkick","floor":14},{"not_picked":["Berserk","Limit Break"],"picked":"Double Tap","floor":16},{"not_picked":["Anger+1","Seeing Red"],"picked":"Rampage","floor":18},{"not_picked":["Armaments","Infernal Blade"],"picked":"Flame Barrier","floor":22},{"not_picked":["Blood for Blood","Body Slam"],"picked":"Whirlwind","floor":23},{"not_picked":["Sword Boomerang","Carnage"],"picked":"Iron Wave+1","floor":27},{"not_picked":["Feel No Pain+1","Rampage","Whirlwind"],"picked":"SKIP","floor":28},{"not_picked":["Body Slam","Cleave+1"],"picked":"Second Wind","floor":30},{"not_picked":["Clothesline+1","Combust","Sword Boomerang+1"],"picked":"SKIP","floor":31}],"player_experience":46803,"relics_obtained":[{"floor":6,"key":"Darkstone Periapt"},{"floor":23,"key":"Pen Nib"},{"floor":26,"key":"Bag of Preparation"},{"floor":27,"key":"Letter Opener"}],"event_choices":[{"damage_healed":0,"gold_gain":0,"player_choice":"Entered Light","damage_taken":16,"max_hp_gain":0,"max_hp_loss":0,"event_name":"Shining Light","floor":3,"gold_loss":0,"cards_upgraded":["Strike_R","Defend_R"]},{"cards_removed":["Defend_R"],"damage_healed":0,"gold_gain":0,"player_choice":"Card Removal","damage_taken":7,"max_hp_gain":0,"max_hp_loss":0,"event_name":"Golden Wing","floor":5,"gold_loss":0},{"damage_healed":0,"gold_gain":0,"player_choice":"Upgraded","damage_taken":0,"max_hp_gain":0,"max_hp_loss":0,"event_name":"Upgrade Shrine","floor":12,"gold_loss":0,"cards_upgraded":["Flex"]},{"damage_healed":0,"gold_gain":0,"player_choice":"Read","damage_taken":0,"max_hp_gain":0,"max_hp_loss":0,"event_name":"The Library","floor":19,"gold_loss":0,"cards_obtained":["Iron Wave"]},{"damage_healed":0,"gold_gain":0,"player_choice":"Shed Blood","damage_taken":20,"max_hp_gain":5,"max_hp_loss":0,"event_name":"Forgotten Altar","floor":20,"gold_loss":0},{"damage_healed":0,"gold_gain":0,"player_choice":"Became a vampire","damage_taken":0,"max_hp_gain":0,"max_hp_loss":26,"event_name":"Vampires","floor":21,"gold_loss":0,"cards_obtained":["Bite","Bite","Bite","Bite","Bite"]},{"damage_healed":0,"gold_gain":99,"player_choice":"Stole From Cult","damage_taken":0,"max_hp_gain":0,"max_hp_loss":0,"event_name":"Nest","floor":25,"gold_loss":0}],"is_beta":false,"boss_relics":[{"not_picked":["Lizard Tail","Mark of Pain"],"picked":"Velvet Choker"}],"items_purged_floors":[4,29],"is_endless":false,"potions_floor_spawned":[1,2,8,11,16,18,23,27],"killed_by":"Automaton","ascension_level":0}