{"gold_per_floor":[113,123,139,156,68,68,80,80,80,98,26,45,60,89,89,186,186,202,117,142,154],"floor_reached":21,"playtime":834,"items_purged":[],"score":231,"play_id":"1d8a32b7-facd-4812-b801-ff2f0e26ac92","local_time":"20181128224953","is_ascension_mode":true,"campfire_choices":[{"data":"Metallicize","floor":6,"key":"SMITH"},{"data":"Headbutt","floor":8,"key":"SMITH"},{"data":"Inflame","floor":15,"key":"SMITH"}],"neow_cost":"NONE","seed_source_timestamp":754805453146,"circlet_count":0,"master_deck":["Strike_R","Strike_R","Strike_R","Strike_R","Strike_R","Defend_R","Defend_R","Defend_R","Defend_R","Bash+1","Headbutt+1","Metallicize+1","Pommel Strike","Inflame+1","Metallicize","Evolve","Demon Form","Shrug It Off","Intimidate"],"relics":["Burning Blood","PreservedInsect","Strawberry","Paper Frog","Eternal Feather","MawBank"],"potions_floor_usage":[3,3,4,14,18,20],"damage_taken":[{"damage":7,"enemies":"2 Louse","floor":1,"turns":3},{"damage":1,"enemies":"Cultist","floor":2,"turns":3},{"damage":0,"enemies":"Small Slimes","floor":3,"turns":2},{"damage":11,"enemies":"Exordium Wildlife","floor":4,"turns":4},{"damage":0,"enemies":"Large Slime","floor":7,"turns":5},{"damage":4,"enemies":"3 Louse","floor":10,"turns":4},{"damage":1,"enemies":"2 Fungi Beasts","floor":12,"turns":3},{"damage":13,"enemies":"Blue Slaver","floor":13,"turns":4},{"damage":10,"enemies":"3 Sentries","floor":14,"turns":8},{"damage":48,"enemies":"Hexaghost","floor":16,"turns":10},{"damage":45,"enemies":"Shell Parasite","floor":18,"turns":8},{"damage":9,"enemies":"Chosen","floor":20,"turns":6},{"damage":22,"enemies":"Centurion and Healer","floor":21,"turns":3}],"seed_played":"-3795180279645609228","potions_obtained":[{"floor":1,"key":"Fire Potion"},{"floor":2,"key":"SkillPotion"},{"floor":3,"key":"Energy Potion"},{"floor":12,"key":"Dexterity Potion"},{"floor":16,"key":"BloodPotion"},{"floor":18,"key":"Energy Potion"}],"is_trial":false,"path_per_floor":["M","M","M","M","?","R","M","R","T","M","$","M","M","E","R","B",null,"M","?","M","M"],"character_chosen":"IRONCLAD","items_purchased":["Inflame"],"campfire_rested":0,"item_purchase_floors":[11],"current_hp_per_floor":[79,80,80,75,75,75,80,80,87,87,87,87,80,76,76,34,74,43,43,40,18],"gold":154,"neow_bonus":"UPGRADE_CARD","is_prod":false,"is_daily":false,"chose_seed":false,"campfire_upgraded":3,"win_rate":0,"timestamp":1543466993,"path_taken":["M","M","M","M","?","R","M","R","T","M","$","M","?","E","R","BOSS","M","?","M","M"],"build_version":"2018-11-15","purchased_purges":0,"victory":false,"max_hp_per_floor":[80,80,80,80,80,80,80,80,87,87,87,87,87,87,87,87,87,87,87,87,87],"card_choices":[{"not_picked":["Corruption","Feel No Pain"],"picked":"Headbutt","floor":1},{"not_picked":["Combust","True Grit","Thunderclap"],"picked":"SKIP","floor":2},{"not_picked":["Rupture","Heavy Blade","Havoc"],"picked":"SKIP","floor":3},{"not_picked":["Clash","Rampage"],"picked":"Metallicize","floor":4},{"not_picked":["Feel No Pain","Sword Boomerang","Anger"],"picked":"SKIP","floor":7},{"not_picked":["Shrug It Off","Pummel"],"picked":"Pommel Strike","floor":10},{"not_picked":["Second Wind","Fiend Fire"],"picked":"Metallicize","floor":12},{"not_picked":["Warcry","Twin Strike","Havoc"],"picked":"SKIP","floor":13},{"not_picked":["Havoc","Bloodletting"],"picked":"Evolve","floor":14},{"not_picked":["Offering","Limit Break"],"picked":"Demon Form","floor":16},{"not_picked":["Heavy Blade","Shockwave+1"],"picked":"Shrug It Off","floor":18},{"not_picked":["Dropkick","Blood for Blood"],"picked":"Intimidate","floor":20}],"player_experience":546858,"relics_obtained":[{"floor":9,"key":"Strawberry"},{"floor":14,"key":"Paper Frog"}],"event_choices":[{"damage_healed":0,"gold_gain":0,"player_choice":"Paid Gold","damage_taken":0,"relics_obtained":["PreservedInsect"],"max_hp_gain":0,"max_hp_loss":0,"event_name":"WeMeetAgain","floor":5,"gold_loss":88},{"damage_healed":0,"gold_gain":0,"player_choice":"Obtained Relic","damage_taken":0,"relics_obtained":["MawBank"],"max_hp_gain":0,"max_hp_loss":0,"event_name":"Addict","floor":19,"gold_loss":85}],"is_beta":true,"boss_relics":[{"not_picked":["Fusion Hammer","Busted Crown"],"picked":"Eternal Feather"}],"items_purged_floors":[],"is_endless":false,"potions_floor_spawned":[1,2,3,12,16,18],"killed_by":"Centurion and Healer","ascension_level":5}