{"path_per_floor":["M","M","M","$","?","R","$","M","T","M","M","?","M","E","R","B",null,"M","M","$","T","M","R","M","E","T","?","M","?","R","M","R","B",null,"M","$","M","M","M","?","R","M","T","$","?","M","M","M","R","B"],"character_chosen":"THE_SILENT","items_purchased":["Footwork","Cloak And Dagger","Apotheosis","Darkstone Periapt","Shuriken","Blue Candle","Kunai","Bottled Flame","Oddly Smooth Stone","Mercury Hourglass"],"gold_per_floor":[135,177,219,93,268,268,78,132,156,186,225,300,330,432,432,729,729,774,807,558,558,618,618,672,747,747,747,795,795,795,843,843,1155,1155,1197,695,737,773,833,995,995,1043,1111,295,295,349,391,436,436,436],"floor_reached":51,"campfire_rested":7,"playtime":1810,"item_purchase_floors":[4,4,7,20,36,36,44,44,44,44],"current_hp_per_floor":[70,70,70,70,70,70,70,70,70,70,70,59,59,59,70,70,70,60,60,60,60,59,70,70,45,45,45,45,32,69,65,75,54,75,62,62,62,56,18,4,41,34,34,34,34,22,22,19,56,45],"items_purged":[],"gold":436,"score":977,"play_id":"22c886f1-569a-4b98-a887-60e75348d872","local_time":"20180618211249","daily_mods":["Draft","Midas","Hoarder"],"is_prod":false,"is_daily":false,"chose_seed":true,"is_ascension_mode":false,"campfire_upgraded":0,"win_rate":0,"timestamp":1529349169,"campfire_choices":[{"floor":6,"key":"REST"},{"floor":15,"key":"REST"},{"floor":23,"key":"REST"},{"floor":30,"key":"REST"},{"floor":32,"key":"REST"},{"floor":41,"key":"REST"},{"floor":49,"key":"REST"}],"path_taken":["M","M","M","$","?","R","$","M","T","M","?","?","M","E","R","BOSS","M","M","$","?","M","R","?","E","T","?","?","?","R","M","R","BOSS","M","$","M","M","M","?","R","?","T","?","?","M","?","M","R","BOSS"],"build_version":"2018-06-14v2","seed_source_timestamp":3528478375768295,"purchased_purges":0,"victory":true,"master_deck":["Endless Agony","Endless Agony","Endless Agony","Backstab","Backstab","Backstab","Cloak And Dagger","Cloak And Dagger","Cloak And Dagger","Slice","Slice","Slice","Sucker Punch","Sucker Punch","Sucker Punch","Slice","Slice","Dagger Spray","Dagger Spray","Dagger Spray","Dodge and Roll","Dodge and Roll","Dodge and Roll","Footwork","Footwork","Footwork","Cloak And Dagger","Cloak And Dagger","Cloak And Dagger","Doubt","Doubt","Doubt","Apotheosis","Apotheosis","Apotheosis","Cloak And Dagger","Cloak And Dagger","Cloak And Dagger","Backstab","Backstab","Backstab","Leg Sweep","Leg Sweep","Leg Sweep","After Image","After Image","After Image","Finisher","Finisher","Finisher","Phantasmal Killer","Phantasmal Killer","Phantasmal Killer","Infinite Blades+1","Infinite Blades+1","Infinite Blades+1","Footwork","Footwork","Footwork","Malaise+1","Malaise+1","Malaise+1","Dodge and Roll+1","Dodge and Roll+1","Dodge and Roll+1","Adrenaline","Adrenaline","Adrenaline"],"max_hp_per_floor":[70,70,70,70,70,70,70,70,70,70,70,70,70,70,70,70,70,70,70,70,70,70,70,70,70,70,70,70,75,75,75,75,75,75,75,75,75,75,75,75,75,75,75,75,75,75,75,75,75,75],"special_seed":29952015251857,"relics":["Ring of the Snake","Dream Catcher","Regal Pillow","Busted Crown","Darkstone Periapt","Question Card","Boot","Nloth\u0027s Gift","Lizard Tail","Shuriken","Blue Candle","Thread and Needle","The Courier","Kunai","Bottled Flame","Oddly Smooth Stone","Mercury Hourglass"],"card_choices":[{"not_picked":["PiercingWail","Masterful Stab"],"picked":"Endless Agony","floor":0},{"not_picked":["Footwork","Dash"],"picked":"Backstab","floor":0},{"not_picked":["Deflect","Blur"],"picked":"Cloak And Dagger","floor":0},{"not_picked":["Dagger Throw","Distraction"],"picked":"Slice","floor":0},{"not_picked":["Dagger Spray","Outmaneuver"],"picked":"Sucker Punch","floor":0},{"not_picked":["PiercingWail","Choke"],"picked":"Slice","floor":0},{"not_picked":["Eviscerate","Outmaneuver"],"picked":"Dagger Spray","floor":1},{"not_picked":["Crippling Poison","Masterful Stab"],"picked":"Dodge and Roll","floor":2},{"not_picked":["Outmaneuver","Sucker Punch","Flying Knee"],"picked":"SKIP","floor":3},{"not_picked":["Flechettes","Distraction"],"picked":"Cloak And Dagger","floor":8},{"not_picked":["Masterful Stab","Flying Knee","Sucker Punch"],"picked":"SKIP","floor":10},{"not_picked":["Slice","Endless Agony"],"picked":"Backstab","floor":11},{"not_picked":["Eviscerate","Outmaneuver","Setup"],"picked":"SKIP","floor":13},{"not_picked":["Flying Knee","Sucker Punch"],"picked":"Leg Sweep","floor":14},{"not_picked":["Venomology","Phantasmal Killer"],"picked":"After Image","floor":16},{"not_picked":["Acrobatics"],"picked":"SKIP","floor":18},{"not_picked":["Prepared"],"picked":"SKIP","floor":19},{"not_picked":["Underhanded Strike"],"picked":"SKIP","floor":22},{"not_picked":["Dagger Spray+1"],"picked":"SKIP","floor":24},{"not_picked":["Quick Slash"],"picked":"SKIP","floor":25},{"not_picked":["Deflect","Setup"],"picked":"SKIP","floor":28},{"not_picked":["All Out Attack"],"picked":"Finisher","floor":31},{"not_picked":["Flying Knee"],"picked":"Phantasmal Killer","floor":32},{"not_picked":["Crippling Poison"],"picked":"Infinite Blades+1","floor":35},{"not_picked":["Dagger Throw"],"picked":"Footwork","floor":37},{"not_picked":["Noxious Fumes+1"],"picked":"Malaise+1","floor":38},{"not_picked":["Dagger Spray+1"],"picked":"Dodge and Roll+1","floor":39},{"not_picked":["Quick Slash","Flying Knee"],"picked":"SKIP","floor":42},{"not_picked":["Finisher"],"picked":"Adrenaline","floor":46},{"not_picked":["Backflip","Prepared"],"picked":"SKIP","floor":47},{"not_picked":["Deflect","Sucker Punch"],"picked":"SKIP","floor":48}],"player_experience":878408,"potions_floor_usage":[18,25,31,40,50,50],"damage_taken":[{"damage":0,"enemies":"Jaw Worm","floor":1,"turns":1},{"damage":0,"enemies":"2 Louse","floor":2,"turns":1},{"damage":0,"enemies":"Cultist","floor":3,"turns":1},{"damage":0,"enemies":"2 Fungi Beasts","floor":8,"turns":1},{"damage":0,"enemies":"3 Louse","floor":10,"turns":2},{"damage":0,"enemies":"Exordium Wildlife","floor":11,"turns":3},{"damage":0,"enemies":"Lots of Slimes","floor":13,"turns":1},{"damage":0,"enemies":"Gremlin Nob","floor":14,"turns":2},{"damage":0,"enemies":"The Guardian","floor":16,"turns":13},{"damage":10,"enemies":"2 Thieves","floor":18,"turns":3},{"damage":0,"enemies":"Spheric Guardian","floor":19,"turns":1},{"damage":1,"enemies":"Snake Plant","floor":22,"turns":3},{"damage":0,"enemies":"Chosen and Byrds","floor":24,"turns":4},{"damage":25,"enemies":"Gremlin Leader","floor":25,"turns":4},{"damage":0,"enemies":"Sentry and Sphere","floor":28,"turns":2},{"damage":4,"enemies":"Cultist and Chosen","floor":31,"turns":4},{"damage":21,"enemies":"Champ","floor":33,"turns":15},{"damage":13,"enemies":"Orb Walker","floor":35,"turns":3},{"damage":0,"enemies":"3 Shapes","floor":37,"turns":2},{"damage":6,"enemies":"Sphere and 2 Shapes","floor":38,"turns":3},{"damage":38,"enemies":"Maw","floor":39,"turns":5},{"damage":14,"floor":40,"turns":5},{"damage":7,"enemies":"4 Shapes","floor":42,"turns":5},{"damage":12,"enemies":"Sphere and 2 Shapes","floor":46,"turns":3},{"damage":0,"enemies":"3 Darklings","floor":47,"turns":2},{"damage":3,"enemies":"Maw","floor":48,"turns":5},{"damage":11,"enemies":"Donu and Deca","floor":50,"turns":5}],"relics_obtained":[{"floor":9,"key":"Dream Catcher"},{"floor":14,"key":"Regal Pillow"},{"floor":21,"key":"Toolbox"},{"floor":25,"key":"Question Card"},{"floor":26,"key":"Boot"},{"floor":40,"key":"Thread and Needle"},{"floor":43,"key":"The Courier"}],"event_choices":[{"event_name":"Liars Game","player_choice":"agreed","floor":5,"damage_taken":0},{"event_name":"World of Goop","player_choice":"Gather Gold","floor":12,"damage_taken":0},{"event_name":"N\u0027loth","player_choice":"Traded a Toolbox","floor":27,"damage_taken":0},{"event_name":"Forgotten Altar","player_choice":"Shed Blood","floor":29,"damage_taken":0},{"event_name":"Mysterious Sphere","player_choice":"Fight","floor":40,"damage_taken":0},{"event_name":"Falling","player_choice":"Removed Attack","floor":45,"damage_taken":0}],"boss_relics":[{"not_picked":["Velvet Choker","Pandora\u0027s Box"],"picked":"Busted Crown"},{"not_picked":["Black Star","Sozu"],"picked":"Lizard Tail"}],"items_purged_floors":[],"is_endless":false,"potions_floor_spawned":[2,3,13,14,19,25,28,33,37,38,40,46,48],"seed_played":"-8002743266026256788","ascension_level":0,"potions_obtained":[{"floor":2,"key":"Energy Potion"},{"floor":3,"key":"Poison Potion"},{"floor":13,"key":"AttackPotion"},{"floor":19,"key":"Dexterity Potion"},{"floor":25,"key":"Fire Potion"},{"floor":33,"key":"EssenceOfSteel"},{"floor":40,"key":"SkillPotion"}],"is_trial":true}