{"gold_per_floor":[218,109,109,128,138,164,164,196,196,211,211,224,224,244,244,339,339,353,263,273,62,76,76,76,94,94,112,122,138,138,148,148,253,253,263,263,263,263,26,26,56,56,56,76,86,101,126,26,26,26],"floor_reached":51,"playtime":3258,"items_purged":["Underhanded Strike","Corpse Explosion"],"score":880,"play_id":"009d2b07-79ac-44ed-99f6-f613b7b340f5","local_time":"20181106191125","is_ascension_mode":true,"campfire_choices":[{"data":"Neutralize","floor":7,"key":"SMITH"},{"floor":13,"key":"REST"},{"data":"Slice","floor":15,"key":"SMITH"},{"data":"Outmaneuver","floor":23,"key":"SMITH"},{"floor":32,"key":"REST"},{"data":"After Image","floor":40,"key":"SMITH"},{"data":"Dagger Throw","floor":42,"key":"SMITH"},{"floor":49,"key":"REST"}],"neow_cost":"NONE","seed_source_timestamp":70426693882301,"circlet_count":0,"master_deck":["Survivor","Neutralize+1","Backstab","Footwork","All Out Attack","Slice+1","Footwork+1","Dodge and Roll+1","Dagger Throw+1","Dash","Endless Agony","Die Die Die","Blur","Acrobatics","Backstab","Prepared","Quick Slash","Deflect","Outmaneuver+1","Underhanded Strike","Sucker Punch+1","Well Laid Plans+1","Leg Sweep","Expertise","Noxious Fumes","Blur+1","After Image+1","Footwork","Footwork+1","Bouncing Flask+1","Expertise+1"],"relics":["Ring of the Serpent","Ice Cream","Unceasing Top","Gambling Chip","FaceOfCleric","Pandora\u0027s Box","Sundial","Medical Kit","Shuriken","Molten Egg 2","Regal Pillow"],"potions_floor_usage":[8,12,25,25,33,46,47],"damage_taken":[{"damage":0,"enemies":"2 Louse","floor":1,"turns":3},{"damage":0,"enemies":"Small Slimes","floor":4,"turns":3},{"damage":0,"enemies":"Cultist","floor":5,"turns":3},{"damage":14,"enemies":"3 Sentries","floor":6,"turns":7},{"damage":14,"enemies":"Lagavulin","floor":8,"turns":9},{"damage":0,"enemies":"Large Slime","floor":10,"turns":7},{"damage":11,"enemies":"Exordium Thugs","floor":12,"turns":3},{"damage":3,"enemies":"2 Fungi Beasts","floor":14,"turns":3},{"damage":40,"enemies":"Slime Boss","floor":16,"turns":13},{"damage":0,"enemies":"Chosen","floor":18,"turns":5},{"damage":3,"enemies":"3 Byrds","floor":20,"turns":5},{"damage":4,"enemies":"Centurion and Healer","floor":22,"turns":4},{"damage":12,"enemies":"Shelled Parasite and Fungi","floor":25,"turns":5},{"damage":16,"enemies":"Snake Plant","floor":27,"turns":5},{"damage":20,"enemies":"Sentry and Sphere","floor":28,"turns":6},{"damage":8,"enemies":"Shelled Parasite and Fungi","floor":29,"turns":6},{"damage":0,"enemies":"3 Cultists","floor":31,"turns":6},{"damage":29,"enemies":"Collector","floor":33,"turns":16},{"damage":4,"enemies":"3 Shapes","floor":35,"turns":5},{"damage":3,"enemies":"Nemesis","floor":41,"turns":15},{"damage":0,"enemies":"3 Darklings","floor":44,"turns":3},{"damage":0,"enemies":"Maw","floor":45,"turns":10},{"damage":12,"enemies":"Jaw Worm Horde","floor":46,"turns":2},{"damage":39,"enemies":"Reptomancer","floor":47,"turns":8},{"damage":44,"enemies":"Donu and Deca","floor":50,"turns":17}],"seed_played":"5955549577195085237","potions_obtained":[{"floor":6,"key":"Block Potion"},{"floor":8,"key":"Fire Potion"},{"floor":18,"key":"Strength Potion"},{"floor":20,"key":"PowerPotion"},{"floor":31,"key":"Explosive Potion"},{"floor":44,"key":"SpeedPotion"},{"floor":45,"key":"Energy Potion"}],"is_trial":false,"path_per_floor":["M","$","?","M","M","E","R","E","T","M","?","M","R","M","R","B",null,"M","?","M","$","M","R","$","M","T","M","M","M","?","M","R","B",null,"M","?","?","?","$","R","E","R","T","M","M","M","E","$","R","B",null],"character_chosen":"THE_SILENT","items_purchased":["Footwork","All Out Attack","Corpse Explosion","Medical Kit","Footwork"],"campfire_rested":3,"item_purchase_floors":[2,2,21,39,39],"current_hp_per_floor":[70,70,70,70,70,56,56,42,42,42,42,32,53,51,51,12,73,74,74,72,72,69,69,69,58,58,43,24,17,17,18,42,14,82,79,79,79,79,79,79,77,77,77,78,79,68,30,30,71,28],"gold":26,"neow_bonus":"HUNDRED_GOLD","is_prod":false,"is_daily":false,"chose_seed":false,"campfire_upgraded":5,"win_rate":0,"timestamp":1541553085,"path_taken":["M","$","?","M","M","E","R","E","T","M","?","M","R","?","R","BOSS","M","?","M","$","M","R","?","M","T","M","M","M","?","?","R","BOSS","M","?","?","?","$","R","E","R","T","M","M","M","E","$","R","BOSS"],"build_version":"2018-11-05","purchased_purges":2,"victory":true,"max_hp_per_floor":[70,70,70,70,70,70,70,70,70,70,70,71,71,72,72,73,73,74,74,75,75,76,76,76,77,77,78,79,80,80,81,81,82,82,83,83,83,83,83,83,84,84,84,85,86,87,88,88,88,89],"card_choices":[{"not_picked":["Prepared","Quick Slash"],"picked":"Backstab","floor":1},{"not_picked":["Underhanded Strike","Acrobatics"],"picked":"Slice","floor":4},{"not_picked":["Deadly Poison","Acrobatics"],"picked":"Footwork","floor":5},{"not_picked":["Cloak And Dagger","Acrobatics"],"picked":"Dodge and Roll","floor":6},{"not_picked":["Finisher","Blade Dance"],"picked":"Dagger Throw","floor":8},{"not_picked":["Crippling Poison","Acrobatics"],"picked":"Dash","floor":10},{"not_picked":["Eviscerate","Reflex"],"picked":"Endless Agony","floor":12},{"not_picked":["Deflect","Burst","Poisoned Stab"],"picked":"SKIP","floor":14},{"not_picked":["Bullet Time","A Thousand Cuts"],"picked":"Die Die Die","floor":16},{"not_picked":["Bane","Deadly Poison+1"],"picked":"Sucker Punch+1","floor":18},{"not_picked":["Deadly Poison","Setup"],"picked":"Well Laid Plans+1","floor":20},{"not_picked":["Slice","Terror"],"picked":"Leg Sweep","floor":22},{"not_picked":["Catalyst","Underhanded Strike"],"picked":"Expertise","floor":25},{"not_picked":["Calculated Gamble","Backstab"],"picked":"Noxious Fumes","floor":27},{"not_picked":["Underhanded Strike","Dagger Spray"],"picked":"Crippling Poison","floor":28},{"not_picked":["Masterful Stab+1","Heel Hook"],"picked":"Blur+1","floor":29},{"not_picked":["Quick Slash","PiercingWail","Riddle With Holes"],"picked":"SKIP","floor":31},{"not_picked":["Storm of Steel","Malaise"],"picked":"After Image","floor":33},{"not_picked":["Accuracy+1","Underhanded Strike+1","Blade Dance+1"],"picked":"SKIP","floor":35},{"not_picked":["Eviscerate+1","Quick Slash"],"picked":"Footwork+1","floor":41},{"not_picked":["Deflect+1","Outmaneuver","Escape Plan+1"],"picked":"SKIP","floor":44},{"not_picked":["Catalyst","Setup+1","Escape Plan"],"picked":"SKIP","floor":45},{"not_picked":["Tactician+1","Bane+1"],"picked":"Bouncing Flask+1","floor":46},{"not_picked":["Predator+1","Choke+1"],"picked":"Expertise+1","floor":47}],"player_experience":518207,"relics_obtained":[{"floor":6,"key":"Ice Cream"},{"floor":8,"key":"Unceasing Top"},{"floor":9,"key":"Gambling Chip"},{"floor":26,"key":"Sundial"},{"floor":41,"key":"Shuriken"},{"floor":43,"key":"Molten Egg 2"},{"floor":47,"key":"Regal Pillow"}],"event_choices":[{"damage_healed":0,"gold_gain":0,"player_choice":"Leave","damage_taken":0,"max_hp_gain":0,"max_hp_loss":0,"event_name":"The Cleric","floor":3,"gold_loss":0},{"damage_healed":0,"gold_gain":0,"player_choice":"Trade","damage_taken":0,"relics_obtained":["FaceOfCleric"],"max_hp_gain":0,"max_hp_loss":0,"event_name":"FaceTrader","floor":11,"gold_loss":0},{"cards_removed":["Outmaneuver"],"damage_healed":0,"gold_gain":0,"player_choice":"Upgrade and Remove","damage_taken":0,"max_hp_gain":0,"max_hp_loss":0,"event_name":"Designer","floor":19,"gold_loss":90,"cards_upgraded":["Dodge and Roll"]},{"damage_healed":0,"gold_gain":0,"player_choice":"Forge","damage_taken":0,"max_hp_gain":0,"max_hp_loss":0,"event_name":"Accursed Blacksmith","floor":30,"gold_loss":0,"cards_upgraded":["Footwork"]},{"damage_healed":0,"gold_gain":0,"player_choice":"Ignored","damage_taken":0,"max_hp_gain":0,"max_hp_loss":0,"event_name":"Mysterious Sphere","floor":36,"gold_loss":0},{"cards_removed":["Crippling Poison"],"damage_healed":0,"gold_gain":0,"player_choice":"Removed Skill","damage_taken":0,"max_hp_gain":0,"max_hp_loss":0,"event_name":"Falling","floor":37,"gold_loss":0},{"damage_healed":0,"gold_gain":0,"player_choice":"Ignored","damage_taken":0,"max_hp_gain":0,"max_hp_loss":0,"event_name":"Tomb of Lord Red Mask","floor":38,"gold_loss":0}],"is_beta":true,"boss_relics":[{"not_picked":["Philosopher\u0027s Stone","Velvet Choker"],"picked":"Pandora\u0027s Box"},{"not_picked":["Eternal Feather","Fusion Hammer"],"picked":"Ring of the Serpent"}],"items_purged_floors":[21,48],"is_endless":false,"potions_floor_spawned":[6,8,18,20,31,44,45],"ascension_level":4}