{"path_per_floor":["M","?","?","M","?","E","R","$","T","E","T","E","?","E","R","B",null,"M","$","T","M","?","R","M","E","T","?","M","?","R","M","R","B",null,"M","$","M","?","M","M","M","R","T","R","M","M","?","M","R"],"character_chosen":"IRONCLAD","items_purchased":["Pen Nib","Perfected Strike","Shrug It Off","Bottled Tornado","Pantograph","Whirlwind"],"gold_per_floor":[119,119,294,313,388,422,422,92,92,123,123,148,148,175,175,274,274,286,25,52,69,103,103,118,144,170,170,189,189,189,209,209,309,309,329,7,27,27,43,53,66,66,66,66,84,97,97,112,112,112],"floor_reached":50,"campfire_rested":3,"playtime":4208,"item_purchase_floors":[8,8,8,19,36,36],"current_hp_per_floor":[80,73,73,79,68,74,74,74,74,57,57,53,79,70,70,60,80,77,77,83,67,50,75,77,64,70,70,77,77,77,85,85,71,92,92,92,75,75,60,39,24,51,57,86,61,39,86,81,81,0],"items_purged":["Doubt"],"gold":112,"score":671,"play_id":"ddc7af8a-40b5-445d-96fb-385fb62b86eb","local_time":"20180612201104","is_prod":false,"is_daily":false,"chose_seed":false,"is_ascension_mode":true,"campfire_upgraded":5,"win_rate":0,"timestamp":1528848664,"campfire_choices":[{"data":"Perfected Strike","floor":7,"key":"SMITH"},{"data":"Perfected Strike","floor":15,"key":"SMITH"},{"floor":23,"key":"REST"},{"data":"Shockwave","floor":30,"key":"SMITH"},{"data":"Perfected Strike","floor":32,"key":"SMITH"},{"floor":42,"key":"REST"},{"floor":44,"key":"REST"},{"data":"Demon Form","floor":49,"key":"SMITH"}],"path_taken":["M","?","?","?","?","E","R","$","T","E","?","E","?","E","R","BOSS","M","$","?","?","?","R","?","E","T","?","M","?","R","?","R","BOSS","M","$","M","?","M","?","M","R","T","R","M","M","?","M","R","BOSS"],"build_version":"2018-06-07v3","seed_source_timestamp":518777056655844,"purchased_purges":1,"victory":false,"master_deck":["Strike_R","Strike_R","Strike_R","Strike_R","Strike_R","Defend_R","Defend_R","Defend_R","Bash","Perfected Strike+1","Rage","Flame Barrier","Perfected Strike+1","Shrug It Off","Shrug It Off","Demon Form+1","Thunderclap","Double Tap","Perfected Strike+1","Normality","Shockwave+1","Pain","Perfected Strike+1","Heavy Blade+1","Whirlwind","Perfected Strike+1","Finesse","Injury","Flame Barrier+1","Flame Barrier"],"max_hp_per_floor":[80,80,80,80,80,80,80,80,80,80,80,80,80,80,80,80,80,80,80,86,86,86,86,86,86,92,92,92,92,92,92,92,92,92,92,92,92,92,92,92,92,92,98,98,98,98,86,86,86,86],"relics":["Burning Blood","NeowsBlessing","Ginger","Pen Nib","Mercury Hourglass","Blood Vial","Darkstone Periapt","Ice Cream","Question Card","Cursed Key","Bottled Tornado","Bag of Preparation","Red Mask","Mummified Hand","Bronze Scales","Champion Belt","Runic Cube","Pantograph","Molten Egg 2"],"card_choices":[{"not_picked":["Sever Soul","Iron Wave"],"picked":"Perfected Strike","floor":1},{"not_picked":["Flex","Clothesline"],"picked":"Rage","floor":4},{"not_picked":["Intimidate","Searing Blow"],"picked":"Flame Barrier","floor":6},{"not_picked":["Intimidate","Headbutt"],"picked":"Shrug It Off","floor":10},{"not_picked":["Bludgeon","Blood for Blood"],"picked":"Demon Form","floor":12},{"not_picked":["Sword Boomerang","Metallicize"],"picked":"Thunderclap","floor":14},{"not_picked":["Offering","Barricade","Feed"],"picked":"Double Tap","floor":16},{"not_picked":["Headbutt","Carnage+1","Power Through"],"picked":"Perfected Strike","floor":18},{"not_picked":["Iron Wave","Heavy Blade","Evolve"],"picked":"Shockwave","floor":21},{"not_picked":["Clothesline+1","Rupture","Blood for Blood+1","Clash"],"picked":"SKIP","floor":24},{"not_picked":["Disarm","Rampage+1","Shockwave","Uppercut"],"picked":"SKIP","floor":25},{"not_picked":["Clash","Flex+1","Havoc"],"picked":"Perfected Strike","floor":28},{"not_picked":["Havoc+1","Dual Wield+1","Shrug It Off+1"],"picked":"Heavy Blade+1","floor":31},{"not_picked":["Clash+1","Second Wind","Blood for Blood","Cleave+1"],"picked":"SKIP","floor":35},{"not_picked":["Thunderclap+1","Whirlwind","Power Through"],"picked":"Perfected Strike+1","floor":37},{"not_picked":["Jack Of All Trades","Panache","Bandage Up"],"picked":"Finesse","floor":38},{"not_picked":["Shrug It Off+1","Pummel+1","Second Wind+1","Sentinel"],"picked":"SKIP","floor":39},{"not_picked":["Carnage+1","Armaments+1","Anger+1","Warcry"],"picked":"SKIP","floor":40},{"not_picked":["Clothesline","Pommel Strike","Armaments","Anger"],"picked":"SKIP","floor":41},{"not_picked":["Anger+1","Bloodletting","Wild Strike+1"],"picked":"Flame Barrier+1","floor":45},{"not_picked":["Warcry","Pommel Strike+1","Shrug It Off+1"],"picked":"Flame Barrier","floor":46},{"not_picked":["Headbutt+1","Clothesline+1","Shrug It Off","Thunderclap+1"],"picked":"SKIP","floor":48}],"player_experience":506987,"potions_floor_usage":[10,10,16,16,16,18,33,37,39,50,50,50],"damage_taken":[{"damage":0,"enemies":"2 Louse","floor":1,"turns":1},{"damage":0,"enemies":"Cultist","floor":4,"turns":1},{"damage":0,"enemies":"3 Sentries","floor":6,"turns":1},{"damage":23,"enemies":"Lagavulin","floor":10,"turns":6},{"damage":12,"enemies":"3 Sentries","floor":12,"turns":5},{"damage":16,"enemies":"Gremlin Nob","floor":14,"turns":3},{"damage":41,"enemies":"The Guardian","floor":16,"turns":9},{"damage":9,"enemies":"Chosen","floor":18,"turns":4},{"damage":24,"enemies":"2 Thieves","floor":21,"turns":3},{"damage":25,"floor":22,"turns":4},{"damage":6,"enemies":"Snake Plant","floor":24,"turns":2},{"damage":21,"enemies":"Gremlin Leader","floor":25,"turns":5},{"damage":1,"enemies":"Cultist and Chosen","floor":28,"turns":4},{"damage":0,"enemies":"Sentry and Sphere","floor":31,"turns":3},{"damage":22,"enemies":"Collector","floor":33,"turns":5},{"damage":0,"enemies":"3 Shapes","floor":35,"turns":2},{"damage":23,"enemies":"3 Darklings","floor":37,"turns":4},{"damage":23,"enemies":"4 Shapes","floor":39,"turns":9},{"damage":29,"enemies":"Sphere and 2 Shapes","floor":40,"turns":4},{"damage":23,"enemies":"3 Darklings","floor":41,"turns":4},{"damage":33,"enemies":"4 Shapes","floor":45,"turns":13},{"damage":30,"enemies":"Maw","floor":46,"turns":6},{"damage":11,"enemies":"Sphere and 2 Shapes","floor":48,"turns":8},{"damage":89,"enemies":"Donu and Deca","floor":50,"turns":5}],"relics_obtained":[{"floor":6,"key":"Ginger"},{"floor":9,"key":"Mercury Hourglass"},{"floor":10,"key":"Blood Vial"},{"floor":11,"key":"Darkstone Periapt"},{"floor":12,"key":"Ice Cream"},{"floor":14,"key":"Question Card"},{"floor":20,"key":"Bag of Preparation"},{"floor":22,"key":"Red Mask"},{"floor":25,"key":"Mummified Hand"},{"floor":26,"key":"Bronze Scales"},{"floor":43,"key":"Molten Egg 2"}],"event_choices":[{"event_name":"Golden Wing","player_choice":"Card Removal","floor":2,"damage_taken":0},{"event_name":"Liars Game","player_choice":"agreed","floor":3,"damage_taken":0},{"event_name":"World of Goop","player_choice":"Gather Gold","floor":5,"damage_taken":0},{"event_name":"Big Fish","player_choice":"Banana","floor":13,"damage_taken":0},{"event_name":"Masked Bandits","player_choice":"Fought over 69 gold","floor":22,"damage_taken":0},{"event_name":"Accursed Blacksmith","player_choice":"Forge","floor":27,"damage_taken":0},{"event_name":"The Mausoleum","player_choice":"Yes","floor":29,"damage_taken":0},{"event_name":"SensoryStone","player_choice":"Memory 1","floor":38,"damage_taken":0},{"event_name":"The Moai Head","player_choice":"Heal","floor":47,"damage_taken":0}],"boss_relics":[{"not_picked":["White Beast Statue","Runic Dome"],"picked":"Cursed Key"},{"not_picked":["Astrolabe","Philosopher\u0027s Stone"],"picked":"Runic Cube"}],"items_purged_floors":[8],"potions_floor_spawned":[1,10,14,16,21,22,28,31,35,37,45],"seed_played":"6361106713749185023","killed_by":"Donu and Deca","ascension_level":3,"potions_obtained":[{"floor":1,"key":"EntropicBrew"},{"floor":10,"key":"Dexterity Potion"},{"floor":14,"key":"BloodPotion"},{"floor":16,"key":"Ancient Potion"},{"floor":21,"key":"Energy Potion"},{"floor":22,"key":"PowerPotion"},{"floor":28,"key":"Poison Potion"},{"floor":31,"key":"Energy Potion"},{"floor":35,"key":"GamblersBrew"},{"floor":37,"key":"LiquidBronze"},{"floor":45,"key":"PowerPotion"}],"is_trial":false}