{"path_per_floor":["M","?","M","?","?","E","R","?","T","R","M","M","$","M","R","B",null,"M","?","?","?","T","R","M","R","T","?","R","M","M","E","R","B",null,"M","?","M","?","$","R","M","R","T","$","M","M","M","?","R"],"character_chosen":"DEFECT","items_purchased":["Static Discharge","Cold Snap","Sundial","Heatsinks","Static Discharge","Storm","Defragment","Cold Snap","Redo","Orichalcum","Loop"],"gold_per_floor":[119,119,139,139,139,174,174,174,200,200,220,236,56,69,69,167,167,178,178,178,178,178,178,195,195,271,271,271,290,304,336,336,438,438,449,749,759,759,29,29,43,43,97,43,59,71,89,89,89,89],"floor_reached":50,"campfire_rested":5,"playtime":7003,"item_purchase_floors":[13,13,39,39,39,39,39,39,39,39,44],"current_hp_per_floor":[75,75,75,60,60,60,60,60,60,60,60,57,57,57,75,71,75,28,28,28,12,12,34,27,49,49,74,74,51,34,28,50,34,75,75,55,54,54,54,54,22,44,44,44,37,50,75,75,75,0],"items_purged":["Strike_B","Strike_B+1"],"gold":89,"score":608,"play_id":"7dca7466-d447-4a7a-8500-8e62fd6705c5","local_time":"20180614193420","is_prod":false,"is_daily":false,"chose_seed":false,"is_ascension_mode":true,"campfire_upgraded":5,"win_rate":0,"timestamp":1529019260,"campfire_choices":[{"data":"Doom and Gloom","floor":7,"key":"SMITH"},{"data":"Zap","floor":10,"key":"SMITH"},{"floor":15,"key":"REST"},{"floor":23,"key":"REST"},{"floor":25,"key":"REST"},{"data":"Static Discharge","floor":28,"key":"SMITH"},{"floor":32,"key":"REST"},{"data":"Storm","floor":40,"key":"SMITH"},{"floor":42,"key":"REST"},{"data":"Echo Form","floor":49,"key":"SMITH"}],"path_taken":["M","?","M","?","?","E","R","?","T","R","M","M","$","M","R","BOSS","M","?","?","?","?","R","M","R","T","?","R","M","?","E","R","BOSS","M","?","M","?","$","R","M","R","T","?","?","M","M","?","R","BOSS"],"build_version":"2018-06-07v3","seed_source_timestamp":51609214012561,"purchased_purges":2,"victory":false,"master_deck":["Strike_B+1","Strike_B+1","Defend_B+1","Defend_B+1","Defend_B+1","Defend_B+1","Zap+1","Dualcast","Doom and Gloom+1","Chaos+1","Capacitor","Conserve Battery","Seek","Static Discharge+1","Cold Snap+1","Coolheaded","Reboot","Cold Snap+1","Hello World+1","Leap+1","Echo Form+1","Defragment","Buffer","Streamline","Secret Technique","Heatsinks","Static Discharge","Storm+1","Defragment","Cold Snap","Redo","Loop","Redo+1"],"max_hp_per_floor":[75,75,75,75,75,75,75,75,75,75,75,75,75,75,75,75,75,75,75,75,75,75,75,75,75,75,75,75,75,75,75,75,75,75,75,75,75,75,75,75,75,75,75,75,75,75,75,75,75,75],"relics":["Cracked Core","NeowsBlessing","Potion Belt","Bird Faced Urn","Omamori","Lizard Tail","Nilry\u0027s Codex","Whetstone","Centennial Puzzle","The Courier","Busted Crown","Old Coin","Sundial","Orichalcum","Dream Catcher"],"card_choices":[{"not_picked":["Beam Cell","Reinforced Body"],"picked":"Doom and Gloom","floor":1},{"not_picked":["Compile Driver","Barrage"],"picked":"Chaos","floor":3},{"not_picked":["Blizzard","Beam Cell"],"picked":"Capacitor","floor":6},{"not_picked":["Leap","Hologram"],"picked":"Conserve Battery","floor":11},{"not_picked":["Lockon","Rebound"],"picked":"Seek","floor":12},{"not_picked":["Ball Lightning","Aggregate"],"picked":"Coolheaded","floor":14},{"not_picked":["Biased Cognition","All For One"],"picked":"Reboot","floor":16},{"not_picked":["Barrage","Hologram"],"picked":"Cold Snap","floor":18},{"not_picked":["Turbo","Cold Snap+1"],"picked":"Hello World+1","floor":24},{"not_picked":["Cold Snap","Darkness"],"picked":"Leap+1","floor":29},{"not_picked":["Darkness","Coolheaded+1"],"picked":"Echo Form","floor":30},{"not_picked":["Turbo","Blizzard"],"picked":"Defragment","floor":31},{"not_picked":["Hyperbeam","All For One"],"picked":"Buffer","floor":33},{"not_picked":["Recycle+1"],"picked":"SKIP","floor":35},{"not_picked":[],"picked":"Streamline","floor":36},{"not_picked":["Compile Driver+1"],"picked":"SKIP","floor":37},{"not_picked":[],"picked":"Secret Technique","floor":38},{"not_picked":["Conserve Battery+1"],"picked":"SKIP","floor":41},{"not_picked":["White Noise"],"picked":"SKIP","floor":45},{"not_picked":[],"picked":"Redo+1","floor":46},{"not_picked":["Aggregate"],"picked":"SKIP","floor":47}],"player_experience":537192,"potions_floor_usage":[11,16,16,16,31,31,33,46,47,47,47],"damage_taken":[{"damage":0,"enemies":"Small Slimes","floor":1,"turns":1},{"damage":0,"enemies":"Cultist","floor":3,"turns":1},{"damage":0,"enemies":"3 Sentries","floor":6,"turns":1},{"damage":2,"enemies":"Jaw Worm","floor":11,"turns":3},{"damage":5,"enemies":"2 Fungi Beasts","floor":12,"turns":2},{"damage":0,"enemies":"3 Louse","floor":14,"turns":1},{"damage":19,"enemies":"Hexaghost","floor":16,"turns":8},{"damage":47,"enemies":"2 Thieves","floor":18,"turns":4},{"damage":13,"enemies":"Spheric Guardian","floor":24,"turns":5},{"damage":24,"enemies":"Cultist and Chosen","floor":29,"turns":8},{"damage":21,"enemies":"3 Cultists","floor":30,"turns":3},{"damage":52,"enemies":"Slavers","floor":31,"turns":5},{"damage":42,"enemies":"Automaton","floor":33,"turns":8},{"damage":13,"enemies":"3 Shapes","floor":35,"turns":7},{"damage":32,"floor":36,"turns":7},{"damage":15,"enemies":"Orb Walker","floor":37,"turns":5},{"damage":48,"enemies":"3 Darklings","floor":41,"turns":4},{"damage":29,"enemies":"4 Shapes","floor":45,"turns":5},{"damage":3,"enemies":"Sphere and 2 Shapes","floor":46,"turns":3},{"damage":2,"enemies":"Maw","floor":47,"turns":7},{"damage":100,"enemies":"Awakened One","floor":50,"turns":5}],"relics_obtained":[{"floor":6,"key":"Potion Belt"},{"floor":9,"key":"Omamori"},{"floor":21,"key":"Nilry\u0027s Codex"},{"floor":22,"key":"Whetstone"},{"floor":26,"key":"Centennial Puzzle"},{"floor":31,"key":"The Courier"},{"floor":36,"key":"Old Coin"},{"floor":43,"key":"Dream Catcher"}],"event_choices":[{"event_name":"The Woman in Blue","player_choice":"Bought 0 Potions","floor":2,"damage_taken":0},{"event_name":"Shining Light","player_choice":"Entered Light","floor":4,"damage_taken":0},{"event_name":"Liars Game","player_choice":"disagreed","floor":5,"damage_taken":0},{"event_name":"Dead Adventurer","player_choice":"Searched \u00271\u0027 times","floor":8,"damage_taken":0},{"event_name":"Vampires","player_choice":"Ignored","floor":19,"damage_taken":0},{"event_name":"Back to Basics","player_choice":"Simplicity","floor":20,"damage_taken":0},{"event_name":"Cursed Tome","player_choice":"Obtained Book","floor":21,"damage_taken":0},{"event_name":"The Library","player_choice":"Heal","floor":27,"damage_taken":0},{"event_name":"MindBloom","player_choice":"Fight","floor":36,"damage_taken":0},{"event_name":"SensoryStone","player_choice":"Memory 1","floor":38,"damage_taken":0},{"event_name":"Mysterious Sphere","player_choice":"Ignore","floor":48,"damage_taken":0}],"boss_relics":[{"not_picked":["Orrery","Runic Pyramid"],"picked":"Lizard Tail"},{"not_picked":["Inserter","Snecko Eye"],"picked":"Busted Crown"}],"items_purged_floors":[13,39],"potions_floor_spawned":[3,6,11,14,16,24,31,33,37,41,46],"seed_played":"2091470680695303203","killed_by":"Awakened One","ascension_level":3,"potions_obtained":[{"floor":3,"key":"AttackPotion"},{"floor":6,"key":"Regen Potion"},{"floor":11,"key":"FearPotion"},{"floor":14,"key":"FocusPotion"},{"floor":16,"key":"Ancient Potion"},{"floor":24,"key":"Fire Potion"},{"floor":31,"key":"Regen Potion"},{"floor":33,"key":"Swift Potion"},{"floor":37,"key":"Weak Potion"},{"floor":41,"key":"Weak Potion"},{"floor":46,"key":"Energy Potion"}],"is_trial":false}