{"gold_per_floor":[112,123,51,51,226,226,244,5,73,23,23,48,84,108,108,233,296,332,332,332,310,56,56,81,102,102,102],"floor_reached":27,"playtime":1739,"items_purged":[],"score":205,"play_id":"bebbd02c-8ad6-4330-a659-41a6009be8d4","local_time":"20190126171927","is_ascension_mode":false,"campfire_choices":[{"floor":6,"key":"REST"},{"data":"Phantasmal Killer","floor":11,"key":"SMITH"},{"floor":15,"key":"REST"},{"data":"Infinite Blades","floor":23,"key":"SMITH"}],"neow_cost":"PERCENT_DAMAGE","seed_source_timestamp":1224535316215969,"circlet_count":0,"master_deck":["Defend_G+1","Defend_G+1","Defend_G+1","Defend_G+1","Defend_G+1","Strike_G+1","Strike_G+1","Strike_G+1","Strike_G+1","Strike_G+1","Survivor","Neutralize","Phantasmal Killer+1","Flying Knee","Poisoned Stab","Caltrops","Injury","Backflip","Magnetism+1","Backflip","Slice","Endless Agony+1","Blade Dance+1","Adrenaline+1","Bane","Outmaneuver+1","Escape Plan+1","Infinite Blades+1","Panache","Leg Sweep+1","Dash"],"relics":["Ring of the Snake","Golden Idol","Toxic Egg 2","Tiny House","Gremlin Horn"],"potions_floor_usage":[],"damage_taken":[{"damage":0,"enemies":"Small Slimes","floor":1,"turns":5},{"damage":1,"enemies":"2 Louse","floor":2,"turns":3},{"damage":1,"enemies":"Jaw Worm","floor":7,"turns":5},{"damage":6,"enemies":"Exordium Wildlife","floor":12,"turns":5},{"damage":39,"enemies":"Gremlin Gang","floor":13,"turns":4},{"damage":4,"enemies":"Red Slaver","floor":14,"turns":4},{"damage":37,"enemies":"Hexaghost","floor":16,"turns":14},{"damage":2,"enemies":"Chosen","floor":18,"turns":4},{"damage":9,"enemies":"2 Thieves","floor":21,"turns":5},{"damage":25,"enemies":"Sentry and Sphere","floor":24,"turns":4},{"damage":14,"enemies":"Cultist and Chosen","floor":25,"turns":8},{"damage":31,"enemies":"Snake Plant","floor":27,"turns":2}],"seed_played":"7913308698897071267","potions_obtained":[{"floor":2,"key":"Poison Potion"},{"floor":7,"key":"Dexterity Potion"},{"floor":12,"key":"FearPotion"},{"floor":17,"key":"EssenceOfSteel"},{"floor":25,"key":"AttackPotion"}],"is_trial":false,"path_per_floor":["M","M","$","?","?","R","M","$","T","?","R","M","M","M","R","B",null,"M","?","?","M","$","R","M","M","T","M"],"character_chosen":"THE_SILENT","items_purchased":["Caltrops","Magnetism","Backflip","Infinite Blades","Panache"],"campfire_rested":2,"item_purchase_floors":[3,8,8,22,22],"current_hp_per_floor":[49,48,48,48,48,69,68,68,68,68,68,62,23,19,40,3,75,73,73,73,64,64,64,39,25,25,0],"gold":102,"neow_bonus":"THREE_RARE_CARDS","is_prod":false,"is_daily":false,"chose_seed":false,"campfire_upgraded":2,"win_rate":0.0,"timestamp":1548494367,"path_taken":["M","M","$","?","?","R","M","$","T","?","R","M","M","M","R","BOSS","M","?","?","?","?","R","M","M","T","M"],"build_version":"2019-01-23","purchased_purges":0,"victory":false,"max_hp_per_floor":[70,70,70,70,70,70,70,70,70,70,70,70,70,70,70,70,75,75,75,75,75,75,75,75,75,75,75],"card_choices":[{"not_picked":["Night Terror","Malaise"],"picked":"Phantasmal Killer","floor":0},{"not_picked":["Underhanded Strike","Dodge and Roll"],"picked":"Flying Knee","floor":1},{"not_picked":["Deflect","Underhanded Strike"],"picked":"Poisoned Stab","floor":2},{"not_picked":["Deadly Poison","Blade Dance"],"picked":"Backflip","floor":7},{"not_picked":["Bouncing Flask+1","Sucker Punch"],"picked":"Slice","floor":12},{"not_picked":["Dagger Throw","Blade Dance+1"],"picked":"Endless Agony","floor":13},{"not_picked":["Acrobatics+1","Underhanded Strike"],"picked":"Blade Dance+1","floor":14},{"not_picked":["Burst+1","Doppelganger+1"],"picked":"Adrenaline+1","floor":16},{"not_picked":["Deflect+1","Sucker Punch"],"picked":"Bane","floor":17},{"not_picked":["Slice+1","Masterful Stab+1"],"picked":"Outmaneuver+1","floor":18},{"not_picked":["Backflip+1","Bane"],"picked":"Escape Plan+1","floor":21},{"not_picked":["Sucker Punch","Quick Slash"],"picked":"Leg Sweep+1","floor":24},{"not_picked":["Flying Knee+1","PiercingWail+1"],"picked":"Dash","floor":25}],"player_experience":3280,"relics_obtained":[{"floor":9,"key":"Toxic Egg 2"},{"floor":26,"key":"Gremlin Horn"}],"event_choices":[{"damage_healed":0,"gold_gain":0,"player_choice":"Take Wound","damage_taken":0,"relics_obtained":["Golden Idol"],"max_hp_gain":0,"max_hp_loss":0,"event_name":"Golden Idol","floor":4,"gold_loss":0,"cards_obtained":["Injury"]},{"damage_healed":0,"gold_gain":175,"player_choice":"AGREE","damage_taken":0,"max_hp_gain":0,"max_hp_loss":0,"event_name":"Liars Game","floor":5,"gold_loss":0,"cards_obtained":["Doubt"]},{"cards_removed":["Doubt"],"damage_healed":0,"gold_gain":0,"player_choice":"Card Removal","damage_taken":0,"max_hp_gain":0,"max_hp_loss":0,"event_name":"The Cleric","floor":10,"gold_loss":50},{"damage_healed":0,"gold_gain":0,"player_choice":"Simplicity","damage_taken":0,"max_hp_gain":0,"max_hp_loss":0,"event_name":"Back to Basics","floor":19,"gold_loss":0,"cards_upgraded":["Defend_G","Defend_G","Defend_G","Defend_G","Defend_G","Strike_G","Strike_G","Strike_G","Strike_G","Strike_G"]},{"damage_healed":0,"gold_gain":0,"player_choice":"Upgraded","damage_taken":0,"max_hp_gain":0,"max_hp_loss":0,"event_name":"Upgrade Shrine","floor":20,"gold_loss":0,"cards_upgraded":["Endless Agony"]}],"is_beta":false,"boss_relics":[{"not_picked":["Eternal Feather","WristBlade"],"picked":"Tiny House"}],"items_purged_floors":[],"is_endless":false,"potions_floor_spawned":[2,7,12,16,21,25],"killed_by":"Snake Plant","ascension_level":0}