{"gold_per_floor":[119,119,132,57,73,98,98,98,98,123,137,137,149,149,149,272,272,293,293,309,309,330,330,348,348,348,273,25,25,25,44,44,172,172,185,185,210,85,110,110,149,161,225,298,310,322,353,406,418,430],"floor_reached":50,"playtime":2914,"items_purged":["Strike_R","Strike_R","Writhe"],"score":583,"play_id":"4256e0d9-5af8-4f43-9c35-f0c0a64316c0","local_time":"20190111233625","is_ascension_mode":false,"campfire_choices":[{"data":"Juggernaut","floor":7,"key":"SMITH"},{"floor":12,"key":"REST"},{"data":"Armaments","floor":15,"key":"SMITH"},{"data":"Heavy Blade","floor":23,"key":"SMITH"},{"data":"Barricade","floor":25,"key":"SMITH"},{"data":"Entrench","floor":29,"key":"SMITH"},{"data":"Flame Barrier","floor":32,"key":"SMITH"},{"data":"True Grit","floor":40,"key":"SMITH"},{"floor":46,"key":"RECALL"},{"floor":49,"key":"REST"}],"neow_cost":"NONE","seed_source_timestamp":242901214298774,"circlet_count":0,"master_deck":["Strike_R","Defend_R","Defend_R","Defend_R","Defend_R","Bash","Juggernaut+1","Armaments+1","Disarm","Iron Wave","Clash","Flame Barrier+1","Shrug It Off","Demon Form","Body Slam+1","Iron Wave","Heavy Blade+1","Barricade+1","Entrench+1","Rage+1","Body Slam+1","True Grit+1","Evolve+1","Madness","Madness","Evolve+1","Limit Break"],"relics":["Burning Blood","Kunai","Mummified Hand","Singing Bowl","Self Forming Clay","Golden Idol","Sozu","Pear","Nloth\u0027s Gift","Mark of Pain","MawBank","Torii","Blood Vial"],"potions_floor_usage":[16,16],"damage_taken":[{"damage":7,"enemies":"2 Louse","floor":1,"turns":3},{"damage":0,"enemies":"Small Slimes","floor":3,"turns":3},{"damage":0,"enemies":"Cultist","floor":5,"turns":4},{"damage":24,"enemies":"Gremlin Nob","floor":6,"turns":6},{"damage":35,"enemies":"3 Sentries","floor":10,"turns":10},{"damage":0,"enemies":"3 Louse","floor":11,"turns":2},{"damage":2,"enemies":"Exordium Wildlife","floor":13,"turns":2},{"damage":0,"enemies":"The Guardian","floor":16,"turns":9},{"damage":5,"enemies":"3 Byrds","floor":18,"turns":5},{"damage":14,"enemies":"Spheric Guardian","floor":20,"turns":4},{"damage":8,"enemies":"Shelled Parasite and Fungi","floor":22,"turns":5},{"damage":12,"enemies":"Snake Plant","floor":24,"turns":3},{"damage":0,"enemies":"Centurion and Healer","floor":31,"turns":6},{"damage":16,"enemies":"Automaton","floor":33,"turns":11},{"damage":13,"enemies":"3 Darklings","floor":35,"turns":6},{"damage":18,"enemies":"3 Shapes","floor":37,"turns":5},{"damage":0,"enemies":"Spire Growth","floor":39,"turns":6},{"damage":35,"enemies":"Nemesis","floor":41,"turns":5},{"damage":19,"enemies":"2 Orb Walkers","floor":44,"turns":5},{"damage":2,"enemies":"Transient","floor":47,"turns":5},{"damage":38,"enemies":"Reptomancer","floor":48,"turns":6},{"damage":64,"enemies":"Donu and Deca","floor":50,"turns":6}],"seed_played":"1680794305489898582","potions_obtained":[{"floor":5,"key":"SpeedPotion"},{"floor":11,"key":"LiquidBronze"},{"floor":13,"key":"Strength Potion"}],"is_trial":false,"path_per_floor":["M","?","M","$","M","E","R","?","T","E","M","R","M","?","R","B",null,"M","?","M","?","M","R","M","R","T","?","$","R","?","M","R","B",null,"M","?","M","$","M","R","E","?","T","?","?","R","M","E","R","B"],"character_chosen":"IRONCLAD","items_purchased":["Entrench","Feel No Pain"],"campfire_rested":2,"item_purchase_floors":[28,28],"current_hp_per_floor":[79,61,67,67,73,55,55,55,55,26,34,58,62,62,62,68,76,76,76,68,68,66,66,60,60,70,70,70,70,70,76,76,68,88,81,81,69,69,77,77,48,79,79,68,58,58,62,30,54,0],"gold":430,"neow_bonus":"ONE_RANDOM_RARE_CARD","is_prod":false,"is_daily":false,"chose_seed":false,"campfire_upgraded":7,"win_rate":0,"timestamp":1547267785,"path_taken":["M","?","M","$","M","E","R","?","T","E","M","R","?","?","R","BOSS","M","?","M","?","M","R","M","R","T","?","$","R","?","?","R","BOSS","M","?","M","$","M","R","E","?","T","?","?","R","M","E","R","BOSS"],"build_version":"2019-01-10","purchased_purges":3,"victory":false,"max_hp_per_floor":[80,80,80,80,80,80,80,80,80,80,82,82,82,76,76,76,76,76,76,76,76,76,76,76,76,86,86,86,86,86,86,86,88,88,88,88,88,88,90,90,90,79,79,81,81,81,81,81,81,81],"card_choices":[{"not_picked":["Headbutt","Clash"],"picked":"Armaments","floor":1},{"not_picked":["Corruption","Warcry"],"picked":"Disarm","floor":3},{"not_picked":["Headbutt","Wild Strike"],"picked":"Iron Wave","floor":5},{"not_picked":["Heavy Blade","Blood for Blood"],"picked":"Clash","floor":6},{"not_picked":["Shrug It Off","Wild Strike"],"picked":"Flame Barrier","floor":10},{"not_picked":["Armaments","Combust","Corruption"],"picked":"Singing Bowl","floor":11},{"not_picked":["Fire Breathing","Feel No Pain"],"picked":"Shrug It Off","floor":13},{"not_picked":["Bludgeon","Fiend Fire"],"picked":"Demon Form","floor":16},{"not_picked":["Sword Boomerang","Flex"],"picked":"Body Slam+1","floor":18},{"not_picked":["Shrug It Off+1","Clothesline"],"picked":"Iron Wave","floor":20},{"not_picked":["Cleave","Shrug It Off"],"picked":"Heavy Blade","floor":22},{"not_picked":["Thunderclap","Heavy Blade+1"],"picked":"Barricade","floor":24},{"not_picked":["Sword Boomerang+1","Flex+1"],"picked":"Rage+1","floor":31},{"not_picked":["Exhume","Bludgeon","Berserk"],"picked":"Singing Bowl","floor":33},{"not_picked":["Iron Wave+1","Sentinel+1"],"picked":"Body Slam+1","floor":35},{"not_picked":["Iron Wave+1","Anger+1"],"picked":"True Grit","floor":37},{"not_picked":["Power Through+1","True Grit","Flex"],"picked":"Singing Bowl","floor":39},{"not_picked":["Berserk","Disarm"],"picked":"Evolve+1","floor":41},{"not_picked":["Clothesline","Clash","Anger"],"picked":"Singing Bowl","floor":44},{"not_picked":["Dropkick+1","Wild Strike+1"],"picked":"Evolve+1","floor":47},{"not_picked":["Dark Embrace","Cleave+1"],"picked":"Limit Break","floor":48}],"player_experience":2086065,"relics_obtained":[{"floor":6,"key":"Mummified Hand"},{"floor":9,"key":"Singing Bowl"},{"floor":10,"key":"Self Forming Clay"},{"floor":26,"key":"Pear"},{"floor":41,"key":"MawBank"},{"floor":44,"key":"Torii"},{"floor":48,"key":"Blood Vial"}],"event_choices":[{"damage_healed":0,"gold_gain":0,"player_choice":"Success","damage_taken":18,"relics_obtained":["Kunai"],"max_hp_gain":0,"max_hp_loss":0,"event_name":"Scrap Ooze","floor":2,"gold_loss":0},{"cards_removed":["Strike_R"],"damage_healed":0,"gold_gain":0,"player_choice":"Offered Basic","damage_taken":0,"max_hp_gain":0,"max_hp_loss":0,"event_name":"Bonfire Elementals","floor":8,"gold_loss":0},{"damage_healed":0,"gold_gain":0,"player_choice":"Lose Max HP","damage_taken":0,"relics_obtained":["Golden Idol"],"max_hp_gain":0,"max_hp_loss":6,"event_name":"Golden Idol","floor":14,"gold_loss":0},{"damage_healed":0,"gold_gain":0,"player_choice":"Opened","damage_taken":0,"relics_obtained":["Centennial Puzzle"],"max_hp_gain":0,"max_hp_loss":0,"event_name":"The Mausoleum","floor":19,"gold_loss":0,"cards_obtained":["Writhe"]},{"damage_healed":0,"gold_gain":0,"player_choice":"Ignored","damage_taken":0,"max_hp_gain":0,"max_hp_loss":0,"event_name":"Vampires","floor":21,"gold_loss":0},{"cards_removed":["Strike_R"],"damage_healed":0,"gold_gain":0,"player_choice":"Gave Gold","damage_taken":0,"max_hp_gain":0,"max_hp_loss":0,"event_name":"Beggar","floor":27,"gold_loss":75},{"damage_healed":0,"gold_gain":0,"player_choice":"Traded Relic","damage_taken":0,"relics_obtained":["Nloth\u0027s Gift"],"max_hp_gain":0,"max_hp_loss":0,"event_name":"N\u0027loth","floor":30,"relics_lost":["Centennial Puzzle"],"gold_loss":0},{"cards_removed":["Feel No Pain"],"damage_healed":0,"gold_gain":0,"player_choice":"Removed Power","damage_taken":0,"max_hp_gain":0,"max_hp_loss":0,"event_name":"Falling","floor":36,"gold_loss":0},{"damage_healed":79,"gold_gain":0,"player_choice":"Heal","damage_taken":0,"max_hp_gain":0,"max_hp_loss":11,"event_name":"The Moai Head","floor":42,"gold_loss":0},{"damage_healed":0,"gold_gain":0,"player_choice":"Fight","damage_taken":0,"max_hp_gain":0,"max_hp_loss":0,"event_name":"Mysterious Sphere","floor":44,"gold_loss":0},{"damage_healed":0,"gold_gain":0,"player_choice":"Embrace Madness","damage_taken":10,"max_hp_gain":0,"max_hp_loss":0,"event_name":"Winding Halls","floor":45,"gold_loss":0,"cards_obtained":["Madness","Madness"]}],"is_beta":false,"boss_relics":[{"not_picked":["Philosopher\u0027s Stone","Black Star"],"picked":"Sozu"},{"not_picked":["Empty Cage","Black Blood"],"picked":"Mark of Pain"}],"items_purged_floors":[4,28,38],"is_endless":false,"potions_floor_spawned":[5,11,13,31,33,35,37,48],"killed_by":"Donu and Deca","ascension_level":0}