{"gold_per_floor":[114,114,114,131,142,142,38,38,38,66,66,84,101,21,21,124,124,144,144,243,255,273,273,273,286,286,286,298,298,313,313],"floor_reached":31,"playtime":1171,"items_purged":[],"score":262,"play_id":"9948334d-cf91-4d42-a741-57bd77cc41b3","local_time":"20181203233526","is_ascension_mode":false,"campfire_choices":[{"data":"Neutralize","floor":6,"key":"SMITH"},{"data":"Footwork","floor":8,"key":"SMITH"},{"data":"Predator","floor":11,"key":"SMITH"},{"data":"Noxious Fumes","floor":15,"key":"SMITH"},{"data":"Burst","floor":23,"key":"SMITH"},{"data":"Flechettes","floor":27,"key":"SMITH"},{"data":"Well Laid Plans","floor":29,"key":"SMITH"}],"neow_cost":"NONE","seed_source_timestamp":16564707928000,"circlet_count":0,"master_deck":["Defend_G","Defend_G","Defend_G","Defend_G","Defend_G","Strike_G","Strike_G","Strike_G","Strike_G","Strike_G","Survivor","Neutralize+1","Flechettes+1","Infinite Blades","Predator+1","Footwork+1","Quick Slash","Expertise","Noxious Fumes+1","Dash","Footwork","Burst+1","Dagger Spray","Well Laid Plans+1","Footwork","Footwork","Footwork","Poisoned Stab+1"],"relics":["Sozu"],"potions_floor_usage":[],"damage_taken":[{"damage":0,"enemies":"Cultist","floor":1,"turns":5},{"damage":0,"enemies":"Jaw Worm","floor":4,"turns":4},{"damage":2,"enemies":"Small Slimes","floor":5,"turns":3},{"damage":14,"enemies":"Gremlin Nob","floor":10,"turns":4},{"damage":2,"enemies":"Blue Slaver","floor":12,"turns":3},{"damage":4,"enemies":"Large Slime","floor":13,"turns":5},{"damage":21,"enemies":"Hexaghost","floor":16,"turns":10},{"damage":7,"enemies":"3 Byrds","floor":18,"turns":5},{"damage":10,"enemies":"Spheric Guardian","floor":21,"turns":6},{"damage":12,"enemies":"Centurion and Healer","floor":22,"turns":8},{"damage":2,"enemies":"Shelled Parasite and Fungi","floor":25,"turns":7},{"damage":30,"enemies":"Snecko","floor":28,"turns":6},{"damage":12,"enemies":"Snake Plant","floor":30,"turns":7},{"damage":22,"enemies":"Cultist and Chosen","floor":31,"turns":4}],"seed_played":"-1754083270621461144","potions_obtained":[],"is_trial":false,"path_per_floor":["M","?","T","M","M","R","$","R","T","E","R","M","M","$","R","B",null,"M","?","?","M","M","R","?","M","T","R","M","R","M","M"],"character_chosen":"THE_SILENT","items_purchased":["Footwork","Quick Slash","Footwork"],"campfire_rested":0,"item_purchase_floors":[7,7,14],"current_hp_per_floor":[70,70,70,70,68,68,68,68,68,54,54,52,48,48,48,27,70,63,50,50,40,28,28,53,51,51,51,21,21,9,0],"gold":313,"neow_bonus":"BOSS_RELIC","is_prod":false,"is_daily":false,"chose_seed":false,"campfire_upgraded":7,"win_rate":0,"timestamp":1543876526,"path_taken":["M","?","?","M","?","R","$","R","T","E","R","M","M","?","R","BOSS","M","?","?","M","M","R","?","M","T","R","M","R","M","M"],"build_version":"2018-11-15","purchased_purges":0,"victory":false,"max_hp_per_floor":[70,70,70,70,70,70,70,70,70,70,70,70,70,70,70,70,70,70,75,75,75,75,75,75,75,75,75,75,75,75,75],"card_choices":[{"not_picked":["Blade Dance","Leg Sweep"],"picked":"Flechettes","floor":1},{"not_picked":["Riddle With Holes","Backstab"],"picked":"Infinite Blades","floor":4},{"not_picked":["Blade Dance","Underhanded Strike"],"picked":"Predator","floor":5},{"not_picked":["Outmaneuver","Slice"],"picked":"Expertise","floor":10},{"not_picked":["Deflect","Well Laid Plans"],"picked":"Noxious Fumes","floor":12},{"not_picked":["Prepared","Infinite Blades"],"picked":"Dash","floor":13},{"not_picked":["Unload","Tools of the Trade"],"picked":"Burst","floor":16},{"not_picked":["Expertise","Dagger Throw"],"picked":"Dagger Spray","floor":18},{"not_picked":["Flying Knee","Blade Dance"],"picked":"Well Laid Plans","floor":21},{"not_picked":["Crippling Poison","Flying Knee"],"picked":"Footwork","floor":22},{"not_picked":["Dagger Spray","Underhanded Strike"],"picked":"Footwork","floor":25},{"not_picked":["Deadly Poison","Prepared"],"picked":"Footwork","floor":28},{"not_picked":["Deadly Poison","Bane"],"picked":"Poisoned Stab+1","floor":30}],"player_experience":1067927,"relics_obtained":[],"event_choices":[{"damage_healed":0,"gold_gain":0,"player_choice":"Ignored","damage_taken":0,"max_hp_gain":0,"max_hp_loss":0,"event_name":"Golden Idol","floor":2,"gold_loss":0},{"damage_healed":0,"gold_gain":0,"player_choice":"Shed Blood","damage_taken":18,"max_hp_gain":5,"max_hp_loss":0,"event_name":"Forgotten Altar","floor":19,"gold_loss":0},{"damage_healed":0,"gold_gain":99,"player_choice":"Stole From Cult","damage_taken":0,"max_hp_gain":0,"max_hp_loss":0,"event_name":"Nest","floor":20,"gold_loss":0},{"damage_healed":25,"gold_gain":0,"player_choice":"Heal","damage_taken":0,"max_hp_gain":0,"max_hp_loss":0,"event_name":"The Library","floor":24,"gold_loss":0}],"is_beta":false,"boss_relics":[{"not_picked":[]}],"items_purged_floors":[],"is_endless":false,"potions_floor_spawned":[1,5,10,13,22,28],"killed_by":"Cultist and Chosen","ascension_level":0}