{"gold_per_floor":[110,60,60,235,253,253,253,265,265,141,161,179,209,13,13,13],"floor_reached":16,"playtime":402,"items_purged":["Regret"],"score":100,"play_id":"b48285cf-594f-4086-851c-006657f04dbc","local_time":"20180728124529","is_ascension_mode":false,"campfire_choices":[{"data":"Dash","floor":6,"key":"SMITH"},{"floor":15,"key":"REST"}],"neow_cost":"NONE","seed_source_timestamp":87463762173657,"circlet_count":0,"master_deck":["Survivor","Neutralize","Backflip+1","Slice+1","Expertise","Slice","Dagger Throw+1","Outmaneuver","Underhanded Strike","Slice","Acrobatics","Calculated Gamble","Doubt","Dash+1","Dagger Spray","Noxious Fumes","Choke","Finisher","Outmaneuver"],"relics":["Pandora\u0027s Box","The Courier","Question Card","Letter Opener","Mercury Hourglass"],"potions_floor_usage":[13,16,16],"damage_taken":[{"damage":5,"enemies":"2 Louse","floor":1,"turns":2},{"damage":0,"enemies":"Jaw Worm","floor":5,"turns":3},{"damage":0,"enemies":"Small Slimes","floor":8,"turns":2},{"damage":10,"enemies":"2 Fungi Beasts","floor":11,"turns":4},{"damage":0,"enemies":"Large Slime","floor":12,"turns":4},{"damage":23,"enemies":"Lagavulin","floor":13,"turns":4},{"damage":44,"enemies":"The Guardian","floor":16,"turns":8}],"seed_played":"-7420777583454559616","potions_obtained":[{"floor":11,"key":"Energy Potion"},{"floor":12,"key":"FearPotion"},{"floor":13,"key":"LiquidBronze"}],"is_trial":false,"path_per_floor":["M","?","?","?","M","R","?","M","T","$","M","M","E","$","R"],"character_chosen":"THE_SILENT","items_purchased":["Noxious Fumes","Mercury Hourglass"],"campfire_rested":1,"item_purchase_floors":[10,14],"current_hp_per_floor":[65,65,65,65,65,65,51,51,51,51,41,41,18,18,39,0],"gold":13,"neow_bonus":"BOSS_RELIC","is_prod":false,"is_daily":false,"chose_seed":false,"campfire_upgraded":1,"win_rate":0,"timestamp":1532747729,"path_taken":["M","?","?","?","?","R","?","M","T","$","?","M","E","?","R","BOSS"],"build_version":"2018-07-26","purchased_purges":1,"victory":false,"max_hp_per_floor":[70,70,70,70,70,70,70,70,70,70,70,70,70,70,70,70],"card_choices":[{"not_picked":["Reflex","Expertise"],"picked":"Calculated Gamble","floor":1},{"not_picked":["Dagger Spray","Outmaneuver"],"picked":"Dash","floor":5},{"not_picked":["Deflect","Bane"],"picked":"Dagger Spray","floor":8},{"not_picked":["Leg Sweep","Deflect","Escape Plan"],"picked":"Choke","floor":11},{"not_picked":["Prepared","Well Laid Plans","Calculated Gamble"],"picked":"Finisher","floor":12},{"not_picked":["Flechettes","Distraction","Poisoned Stab"],"picked":"Outmaneuver","floor":13}],"player_experience":280728,"relics_obtained":[{"floor":9,"key":"Question Card"},{"floor":13,"key":"Letter Opener"}],"event_choices":[{"event_name":"The Cleric","player_choice":"Card Removal","floor":2,"damage_taken":0},{"event_name":"Big Fish","player_choice":"Box","floor":3,"damage_taken":0},{"event_name":"Liars Game","player_choice":"agreed","floor":4,"damage_taken":0},{"event_name":"Shining Light","player_choice":"Entered Light","floor":7,"damage_taken":0}],"is_beta":false,"boss_relics":[],"items_purged_floors":[10],"is_endless":false,"potions_floor_spawned":[11,12,13],"killed_by":"The Guardian","ascension_level":0}