{"gold_per_floor":[114,189,204,219,219,219,234,264,339,339,37,52,67,82,82,182,182,197,212,227,76,176,176,191,206,256,256,271,286,286,316,316,416,416,431,431,446,461,476,476,491,506,506,506,536,536,536,256,256,256],"floor_reached":51,"playtime":2423,"items_purged":["Strike_B","Strike_B"],"score":805,"play_id":"ab8439bf-a8a5-461d-b3ff-7cf6e96605e9","local_time":"20181205171305","daily_mods":["Heirloom","Uncertain Future","Binary"],"is_ascension_mode":false,"campfire_choices":[{"data":"Zap","floor":6,"key":"SMITH"},{"data":"Fusion","floor":10,"key":"SMITH"},{"data":"Go for the Eyes","floor":15,"key":"SMITH"},{"data":"Creative AI","floor":23,"key":"SMITH"},{"data":"Sunder","floor":30,"key":"SMITH"},{"data":"Hologram","floor":32,"key":"SMITH"},{"data":"Thunder Strike","floor":40,"key":"SMITH"},{"data":"Apotheosis","floor":47,"key":"SMITH"},{"data":"Biased Cognition","floor":49,"key":"SMITH"}],"neow_cost":"","seed_source_timestamp":0,"circlet_count":0,"master_deck":["Strike_B","Defend_B","Defend_B","Defend_B","Zap+1","Dualcast","Go for the Eyes+1","Streamline","Ball Lightning","Sunder+1","Fusion+1","Stack","Hologram+1","Compile Driver","All For One","Glacier","Conserve Battery","Thunder Strike+1","Turbo","Reinforced Body+1","Creative AI+1","Chill","Coolheaded","Sweeping Beam","Hologram","Recycle","Biased Cognition+1","White Noise+1","Cold Snap","Stack+1","BootSequence","Coolheaded+1","Core Surge","Apotheosis+1","Storm","Undo"],"special_seed":17870,"relics":["Cracked Core","Gambling Chip","Kunai","Dodecahedron","Symbiotic Virus","PreservedInsect","Nuclear Battery","Happy Flower","Omamori","Orrery","Pantograph","Smiling Mask","Oddly Smooth Stone"],"potions_floor_usage":[8,31,37,50,50,50],"damage_taken":[{"damage":0,"enemies":"2 Louse","floor":1,"turns":2},{"damage":3,"enemies":"Small Slimes","floor":3,"turns":3},{"damage":3,"enemies":"Jaw Worm","floor":4,"turns":2},{"damage":4,"enemies":"3 Louse","floor":7,"turns":3},{"damage":0,"enemies":"Gremlin Nob","floor":8,"turns":3},{"damage":3,"enemies":"Gremlin Gang","floor":12,"turns":3},{"damage":5,"enemies":"Blue Slaver","floor":13,"turns":2},{"damage":0,"enemies":"3 Louse","floor":14,"turns":3},{"damage":22,"enemies":"Hexaghost","floor":16,"turns":10},{"damage":0,"enemies":"Chosen","floor":18,"turns":3},{"damage":1,"enemies":"Spheric Guardian","floor":19,"turns":3},{"damage":0,"enemies":"Snecko","floor":20,"turns":2},{"damage":20,"enemies":"Sentry and Sphere","floor":24,"turns":4},{"damage":6,"enemies":"3 Cultists","floor":25,"turns":5},{"damage":7,"enemies":"Snake Plant","floor":28,"turns":4},{"damage":0,"enemies":"Snecko","floor":29,"turns":4},{"damage":1,"enemies":"Gremlin Leader","floor":31,"turns":6},{"damage":26,"enemies":"Collector","floor":33,"turns":9},{"damage":0,"enemies":"3 Shapes","floor":35,"turns":4},{"damage":19,"enemies":"3 Darklings","floor":37,"turns":8},{"damage":10,"enemies":"4 Shapes","floor":38,"turns":2},{"damage":2,"enemies":"Transient","floor":39,"turns":5},{"damage":0,"enemies":"Jaw Worm Horde","floor":41,"turns":4},{"damage":0,"enemies":"3 Darklings","floor":42,"turns":4},{"damage":7,"enemies":"Giant Head","floor":45,"turns":9},{"damage":0,"enemies":"Donu and Deca","floor":50,"turns":7}],"seed_played":"6234403270390555822","potions_obtained":[{"floor":3,"key":"AttackPotion"},{"floor":8,"key":"Poison Potion"},{"floor":14,"key":"Ancient Potion"},{"floor":16,"key":"Weak Potion"},{"floor":31,"key":"Poison Potion"},{"floor":37,"key":"Swift Potion"},{"floor":45,"key":"PowerPotion"}],"is_trial":false,"path_per_floor":["M","?","M","M","?","R","M","E","T","R","$","M","M","M","R","B",null,"M","M","M","$","?","R","M","M","T","?","M","M","R","E","R","B",null,"M","?","M","M","M","R","M","M","T","?","E","?","R","$","R","B",null],"character_chosen":"DEFECT","items_purchased":["Stack","Hologram","PreservedInsect","Compile Driver","Creative AI","Oddly Smooth Stone","Undo"],"campfire_rested":0,"item_purchase_floors":[11,11,11,11,21,48,48],"current_hp_per_floor":[75,64,61,58,55,55,51,51,51,51,51,48,43,43,43,21,75,75,74,74,74,74,74,54,48,48,48,41,41,41,40,40,14,75,75,75,56,46,44,44,44,44,44,44,37,66,66,66,66,66],"gold":256,"neow_bonus":"","is_prod":false,"is_daily":true,"chose_seed":false,"campfire_upgraded":9,"win_rate":0,"timestamp":1544026385,"path_taken":["M","?","M","M","?","R","M","E","T","R","$","?","M","M","R","BOSS","M","M","M","$","?","R","?","M","T","?","M","M","R","E","R","BOSS","M","?","M","M","M","R","M","M","T","?","E","?","R","$","R","BOSS"],"build_version":"2018-11-15","purchased_purges":2,"victory":true,"max_hp_per_floor":[75,75,75,75,75,75,75,75,75,75,75,75,75,75,75,75,75,75,75,75,75,75,75,75,75,75,75,75,75,75,75,75,75,75,75,75,75,75,75,75,75,75,75,75,75,66,66,66,66,66],"card_choices":[{"not_picked":["Conserve Battery"],"picked":"Go for the Eyes","floor":1},{"not_picked":["Loop"],"picked":"Streamline","floor":3},{"not_picked":["Sweeping Beam"],"picked":"Ball Lightning","floor":4},{"not_picked":["Streamline"],"picked":"Sunder","floor":7},{"not_picked":["Turbo"],"picked":"Fusion","floor":8},{"not_picked":["Beam Cell"],"picked":"All For One","floor":12},{"not_picked":["Auto Shields"],"picked":"Glacier","floor":13},{"not_picked":["Go for the Eyes"],"picked":"Conserve Battery","floor":14},{"not_picked":["Reboot"],"picked":"Thunder Strike","floor":16},{"not_picked":["Barrage","Turbo"],"picked":"SKIP","floor":18},{"not_picked":["Barrage"],"picked":"Turbo","floor":18},{"not_picked":["Darkness"],"picked":"Reinforced Body+1","floor":19},{"not_picked":["Go for the Eyes","Reinforced Body"],"picked":"SKIP","floor":20},{"not_picked":["Chaos"],"picked":"Chill","floor":24},{"not_picked":["Barrage+1","Leap+1"],"picked":"SKIP","floor":25},{"not_picked":["Leap","Rainbow"],"picked":"SKIP","floor":28},{"not_picked":["Gash"],"picked":"Hologram","floor":29},{"not_picked":["Go for the Eyes"],"picked":"Recycle","floor":31},{"not_picked":["Rainbow"],"picked":"Biased Cognition","floor":33},{"not_picked":["Fusion"],"picked":"Compile Driver","floor":34},{"not_picked":["Double Energy"],"picked":"White Noise+1","floor":34},{"not_picked":["Redo+1"],"picked":"Cold Snap","floor":34},{"not_picked":["Heatsinks+1","Rebound"],"picked":"SKIP","floor":35},{"not_picked":["Heatsinks+1"],"picked":"Stack+1","floor":37},{"not_picked":["Ball Lightning","Aggregate"],"picked":"SKIP","floor":38},{"not_picked":["Heatsinks+1"],"picked":"BootSequence","floor":39},{"not_picked":["Steam Power+1"],"picked":"Coolheaded+1","floor":41},{"not_picked":["Auto Shields+1"],"picked":"Core Surge","floor":42},{"not_picked":["Discovery"],"picked":"Apotheosis","floor":44},{"not_picked":["Conserve Battery"],"picked":"Storm","floor":45}],"player_experience":1764299,"relics_obtained":[{"floor":8,"key":"Dodecahedron"},{"floor":9,"key":"Symbiotic Virus"},{"floor":26,"key":"Happy Flower"},{"floor":31,"key":"Omamori"},{"floor":43,"key":"Pantograph"},{"floor":45,"key":"Smiling Mask"}],"event_choices":[{"damage_healed":0,"gold_gain":75,"player_choice":"Gather Gold","damage_taken":11,"max_hp_gain":0,"max_hp_loss":0,"event_name":"World of Goop","floor":2,"gold_loss":0},{"damage_healed":0,"gold_gain":0,"player_choice":"Success","damage_taken":3,"relics_obtained":["Kunai"],"max_hp_gain":0,"max_hp_loss":0,"event_name":"Scrap Ooze","floor":5,"gold_loss":0},{"damage_healed":0,"gold_gain":100,"player_choice":"Pray","damage_taken":0,"max_hp_gain":0,"max_hp_loss":0,"event_name":"Golden Shrine","floor":22,"gold_loss":0},{"damage_healed":0,"gold_gain":0,"cards_transformed":["Strike_B","Defend_B"],"player_choice":"Became Test Subject","damage_taken":0,"max_hp_gain":0,"max_hp_loss":0,"event_name":"Drug Dealer","floor":27,"gold_loss":0,"cards_obtained":["Coolheaded","Sweeping Beam"]},{"cards_removed":["Compile Driver"],"damage_healed":0,"gold_gain":0,"player_choice":"Removed Attack","damage_taken":0,"max_hp_gain":0,"max_hp_loss":0,"event_name":"Falling","floor":36,"gold_loss":0},{"damage_healed":0,"gold_gain":0,"player_choice":"Memory 1","damage_taken":0,"max_hp_gain":0,"max_hp_loss":0,"event_name":"SensoryStone","floor":44,"gold_loss":0},{"damage_healed":66,"gold_gain":0,"player_choice":"Heal","damage_taken":0,"max_hp_gain":0,"max_hp_loss":9,"event_name":"The Moai Head","floor":46,"gold_loss":0}],"is_beta":false,"boss_relics":[{"not_picked":["Runic Dome","Coffee Dripper"],"picked":"Nuclear Battery"},{"not_picked":["Runic Pyramid","Tiny House"],"picked":"Orrery"}],"items_purged_floors":[21,48],"is_endless":false,"potions_floor_spawned":[3,8,14,16,24,28,29,31,35,37,45],"ascension_level":0}