{"path_per_floor":["M","M","?","M","M","R","$","M","T","E","?","R","M","?","R","B",null,"M","M","?","?","M","R","?","R","T","M","$","E","$","M","R","B",null,"M","?","M","?","$","E","R","$","T","M","M","T","M","M","R","B"],"character_chosen":"IRONCLAD","items_purchased":["Shockwave","Impervious","Juzu Bracelet","Offering","Dramatic Entrance","Feed","Thunderclap"],"gold_per_floor":[114,126,126,145,163,163,129,140,140,174,174,174,185,185,185,287,287,307,320,520,520,540,540,540,540,540,559,484,541,8,26,26,122,122,134,134,148,148,71,105,105,59,86,102,113,113,129,147,147,147],"floor_reached":51,"campfire_rested":4,"playtime":3901,"item_purchase_floors":[7,30,30,30,30,39,42],"current_hp_per_floor":[79,77,82,80,75,75,75,69,69,63,63,63,69,62,85,71,85,85,80,80,80,31,56,56,81,81,83,83,72,72,71,71,24,85,85,85,72,72,72,70,70,70,77,75,63,63,30,35,65,30],"items_purged":["Strike_R+1"],"gold":147,"score":819,"play_id":"d8d7566c-14f7-4010-8a4c-3df4a7cda69a","local_time":"20180609134856","is_prod":false,"is_daily":false,"chose_seed":false,"is_ascension_mode":true,"campfire_upgraded":4,"win_rate":0,"timestamp":1528566536,"campfire_choices":[{"data":"Armaments","floor":6,"key":"SMITH"},{"data":"Whirlwind","floor":12,"key":"SMITH"},{"floor":15,"key":"REST"},{"floor":23,"key":"REST"},{"floor":25,"key":"REST"},{"data":"Rupture","floor":32,"key":"SMITH"},{"data":"Juggernaut","floor":41,"key":"SMITH"},{"floor":49,"key":"REST"}],"path_taken":["M","M","?","?","M","R","?","?","T","E","?","R","?","?","R","BOSS","M","M","?","?","M","R","?","R","T","M","?","E","$","M","R","BOSS","M","?","M","?","$","E","R","?","T","M","M","?","M","M","R","BOSS"],"build_version":"2018-06-07v3","seed_source_timestamp":236944116708538,"purchased_purges":1,"victory":true,"master_deck":["Strike_R+1","Strike_R+1","Defend_R+1","Defend_R+1","Defend_R+1","Defend_R+1","Bash","Brutality","Blood for Blood","Ghostly Armor","Armaments+1","Armaments","Shockwave","Shrug It Off","Whirlwind+1","Double Tap","Shrug It Off","Body Slam+1","Writhe","Flame Barrier","Rupture+1","Entrench+1","Impervious","Offering","Dramatic Entrance","Juggernaut+1","Ghostly Armor","Panacea","Iron Wave+1","Feed","Battle Trance","Thunderclap","Body Slam+1"],"max_hp_per_floor":[80,80,85,85,85,85,85,85,85,85,85,85,85,85,85,85,85,85,85,85,85,85,85,85,85,85,85,85,85,85,85,85,85,85,85,85,85,85,85,85,85,85,92,92,96,96,96,100,100,100],"relics":["Burning Blood","Kunai","Oddly Smooth Stone","Runic Pyramid","Champion Belt","Paper Frog","Tiny Chest","Juzu Bracelet","Cursed Key","Omamori","Strawberry","Self Forming Clay"],"card_choices":[{"not_picked":["Anger","Combust"],"picked":"Blood for Blood","floor":1},{"not_picked":["Evolve","Heavy Blade"],"picked":"Ghostly Armor","floor":2},{"not_picked":["Sword Boomerang","Reckless Charge"],"picked":"Armaments","floor":4},{"not_picked":["Twin Strike","Fire Breathing"],"picked":"Armaments","floor":5},{"not_picked":["Pommel Strike","Feel No Pain"],"picked":"Shrug It Off","floor":8},{"not_picked":["Feel No Pain","Spot Weakness"],"picked":"Whirlwind","floor":10},{"not_picked":["Searing Blow","Sever Soul","Clash"],"picked":"SKIP","floor":13},{"not_picked":["Bludgeon","Dark Embrace"],"picked":"Double Tap","floor":16},{"not_picked":["Armaments+1","Iron Wave"],"picked":"Shrug It Off","floor":18},{"not_picked":["Shrug It Off","Warcry"],"picked":"Body Slam+1","floor":19},{"not_picked":["Wild Strike","Pommel Strike+1"],"picked":"Flame Barrier","floor":22},{"not_picked":["Flex+1","Dual Wield"],"picked":"Rupture","floor":27},{"not_picked":["Pummel","Infernal Blade"],"picked":"Entrench+1","floor":29},{"not_picked":["Flex","Sword Boomerang","Berserk"],"picked":"SKIP","floor":31},{"not_picked":["Brutality","Dark Embrace"],"picked":"Juggernaut","floor":33},{"not_picked":["Flex+1","Carnage"],"picked":"Ghostly Armor","floor":35},{"not_picked":["Sadistic Nature","Madness"],"picked":"Panacea","floor":36},{"not_picked":["Armaments+1","Wild Strike+1"],"picked":"Iron Wave+1","floor":37},{"not_picked":["Carnage","Warcry+1"],"picked":"Battle Trance","floor":40},{"not_picked":["Second Wind+1","Infernal Blade+1"],"picked":"Body Slam+1","floor":44},{"not_picked":["Armaments","Ghostly Armor+1","Twin Strike+1"],"picked":"SKIP","floor":45},{"not_picked":["Limit Break","Spot Weakness+1","Combust+1"],"picked":"SKIP","floor":47},{"not_picked":["Shrug It Off+1","Anger","Headbutt"],"picked":"SKIP","floor":48}],"player_experience":432829,"potions_floor_usage":[4,10,10,16,31,33,45,50,50,50],"damage_taken":[{"damage":7,"enemies":"Small Slimes","floor":1,"turns":3},{"damage":8,"enemies":"Cultist","floor":2,"turns":3},{"damage":8,"enemies":"Jaw Worm","floor":4,"turns":3},{"damage":11,"enemies":"Exordium Thugs","floor":5,"turns":5},{"damage":12,"enemies":"Looter","floor":8,"turns":3},{"damage":12,"enemies":"Lagavulin","floor":10,"turns":7},{"damage":0,"enemies":"2 Fungi Beasts","floor":13,"turns":2},{"damage":20,"enemies":"The Guardian","floor":16,"turns":11},{"damage":5,"enemies":"Chosen","floor":18,"turns":5},{"damage":11,"enemies":"Spheric Guardian","floor":19,"turns":4},{"damage":55,"enemies":"Snecko","floor":22,"turns":8},{"damage":4,"enemies":"Cultist and Chosen","floor":27,"turns":6},{"damage":17,"enemies":"Slavers","floor":29,"turns":4},{"damage":15,"enemies":"Centurion and Healer","floor":31,"turns":6},{"damage":53,"enemies":"Automaton","floor":33,"turns":15},{"damage":0,"enemies":"3 Darklings","floor":35,"turns":3},{"damage":19,"enemies":"Orb Walker","floor":37,"turns":4},{"damage":8,"enemies":"Giant Head","floor":40,"turns":7},{"damage":8,"enemies":"Maw","floor":44,"turns":8},{"damage":22,"enemies":"4 Shapes","floor":45,"turns":4},{"damage":39,"enemies":"Sphere and 2 Shapes","floor":47,"turns":7},{"damage":5,"enemies":"Maw","floor":48,"turns":9},{"damage":41,"enemies":"Donu and Deca","floor":50,"turns":13}],"relics_obtained":[{"floor":9,"key":"Kunai"},{"floor":10,"key":"Oddly Smooth Stone"},{"floor":26,"key":"Paper Frog"},{"floor":29,"key":"Tiny Chest"},{"floor":40,"key":"Omamori"},{"floor":43,"key":"Strawberry"},{"floor":46,"key":"Self Forming Clay"}],"event_choices":[{"event_name":"Big Fish","player_choice":"Donut","floor":3,"damage_taken":0},{"event_name":"The Woman in Blue","player_choice":"Bought 0 Potions","floor":11,"damage_taken":0},{"event_name":"Golden Wing","player_choice":"Card Removal","floor":14,"damage_taken":0},{"event_name":"The Joust","player_choice":"Bet on Owner","floor":20,"damage_taken":0},{"event_name":"The Mausoleum","player_choice":"Yes","floor":21,"damage_taken":0},{"event_name":"Back to Basics","player_choice":"Simplicity","floor":24,"damage_taken":0},{"event_name":"SensoryStone","player_choice":"Memory 1","floor":36,"damage_taken":0},{"event_name":"Falling","player_choice":"Removed Attack","floor":38,"damage_taken":0}],"boss_relics":[{"not_picked":["Pandora\u0027s Box","Black Star"],"picked":"Runic Pyramid"},{"not_picked":["Lizard Tail","Snecko Eye"],"picked":"Cursed Key"}],"items_purged_floors":[28],"potions_floor_spawned":[2,4,8,13,19,31,33,35,37,44,47,48],"seed_played":"-5835564422610165910","ascension_level":2,"potions_obtained":[{"floor":2,"key":"AttackPotion"},{"floor":4,"key":"Ancient Potion"},{"floor":8,"key":"Poison Potion"},{"floor":13,"key":"PowerPotion"},{"floor":19,"key":"BloodPotion"},{"floor":31,"key":"AttackPotion"},{"floor":33,"key":"SkillPotion"},{"floor":35,"key":"Strength Potion"},{"floor":37,"key":"SmokeBomb"},{"floor":44,"key":"Fire Potion"},{"floor":47,"key":"Ancient Potion"}],"is_trial":false}