{"gold_per_floor":[114,125,50,62,62,62,62,100,100,100,100,100,100,116,116,239,239,263,263,263,277,293,293,308,308,358,39,39],"floor_reached":28,"playtime":887,"items_purged":["Strike_B"],"score":346,"play_id":"194cf35f-21e2-4ee1-96c7-539666467428","local_time":"20190119094045","is_ascension_mode":true,"campfire_choices":[{"data":"Sunder","floor":6.0,"key":"SMITH"},{"floor":11.0,"key":"REST"},{"floor":13.0,"key":"REST"},{"data":"Zap","floor":15.0,"key":"SMITH"},{"data":"Dualcast","floor":23,"key":"SMITH"},{"data":"Barrage","floor":25,"key":"SMITH"}],"neow_cost":"NONE","seed_source_timestamp":1241256661316591,"circlet_count":0,"master_deck":["AscendersBane","Strike_B","Strike_B","Strike_B","Defend_B","Defend_B+1","Defend_B","Defend_B","Zap+1","Dualcast+1","Core Surge+1","FTL","Redo+1","Sunder+1","Electrodynamics","BootSequence","Amplify","Go for the Eyes+1","Stack+1","Barrage+1","Capacitor"],"special_seed":0,"relics":["FrozenCore","Golden Idol","Blood Vial","Blue Candle","Vajra","OrangePellets"],"potions_floor_usage":[21],"damage_taken":[{"damage":4.0,"enemies":"Jaw Worm","floor":1.0,"turns":3.0},{"damage":3.0,"enemies":"Small Slimes","floor":2.0,"turns":3.0},{"damage":1.0,"enemies":"Cultist","floor":4.0,"turns":3.0},{"damage":27.0,"enemies":"Lagavulin","floor":8.0,"turns":5.0},{"damage":6.0,"enemies":"Looter","floor":14.0,"turns":2.0},{"damage":31.0,"enemies":"The Guardian","floor":16.0,"turns":11.0},{"damage":8.0,"enemies":"Spheric Guardian","floor":18.0,"turns":4.0},{"damage":0,"enemies":"3 Byrds","floor":21,"turns":2},{"damage":7,"enemies":"Cultist and Chosen","floor":22,"turns":8},{"damage":15,"enemies":"Snake Plant","floor":24,"turns":4},{"damage":40,"enemies":"Shelled Parasite and Fungi","floor":28,"turns":5}],"seed_played":"7018078109075859939","potions_obtained":[{"floor":8.0,"key":"Ancient Potion"},{"floor":18.0,"key":"Explosive Potion"}],"is_trial":false,"path_per_floor":["M","M","$","M","?","R","?","E","T","?","R","?","R","M","R","B",null,"M","?","?","M","M","R","M","R","T","$","M"],"character_chosen":"DEFECT","items_purchased":["Capacitor","OrangePellets","Dexterity Potion"],"campfire_rested":2,"item_purchase_floors":[27,27,27],"current_hp_per_floor":[64,61,61,60,45,45,45,18,18,18,38,38,58,54,54,25,58,52,52,52,54,49,49,36,36,36,36,0],"gold":39,"neow_bonus":"ONE_RANDOM_RARE_CARD","is_prod":false,"is_daily":false,"chose_seed":false,"campfire_upgraded":4,"win_rate":0,"timestamp":1547858445,"path_taken":["M","M","$","M","?","R","?","E","T","?","R","?","R","?","R","BOSS","M","?","?","M","M","R","M","R","T","$","?"],"build_version":"2019-01-17v2","purchased_purges":1,"victory":false,"max_hp_per_floor":[75,75,75,75,75,75,69,69,69,69,69,69,69,69,69,69,69,69,69,69,69,69,69,69,69,69,69,69],"card_choices":[{"not_picked":["Coolheaded","Streamline"],"picked":"FTL","floor":1.0},{"not_picked":["Compile Driver","Coolheaded"],"picked":"Redo","floor":2.0},{"not_picked":["Compile Driver","Coolheaded"],"picked":"Sunder","floor":4.0},{"not_picked":["Biased Cognition","Coolheaded"],"picked":"Electrodynamics","floor":8.0},{"not_picked":["Redo","Stack"],"picked":"BootSequence","floor":14.0},{"not_picked":["Creative AI","Hyperbeam"],"picked":"Amplify","floor":16.0},{"not_picked":["Stack","Turbo"],"picked":"Go for the Eyes+1","floor":18.0},{"not_picked":["Rebound","Conserve Battery"],"picked":"Stack+1","floor":21},{"not_picked":["Scrape","Conserve Battery"],"picked":"Barrage","floor":22},{"not_picked":["Gash+1","Cold Snap","Chill"],"picked":"SKIP","floor":24}],"player_experience":409353,"relics_obtained":[{"floor":8.0,"key":"Blood Vial"},{"floor":9.0,"key":"Blue Candle"},{"floor":26,"key":"Vajra"}],"event_choices":[{"damage_healed":0.0,"max_hp_gain":0.0,"max_hp_loss":0.0,"gold_gain":0.0,"event_name":"Shining Light","player_choice":"Entered Light","floor":5.0,"gold_loss":0.0,"damage_taken":15.0,"cards_upgraded":["Defend_B","Core Surge"]},{"damage_healed":0.0,"max_hp_gain":0.0,"max_hp_loss":6.0,"gold_gain":0.0,"event_name":"Golden Idol","player_choice":"Lose Max HP","floor":7.0,"gold_loss":0.0,"damage_taken":0.0,"relics_obtained":["Golden Idol"]},{"damage_healed":0.0,"max_hp_gain":0.0,"max_hp_loss":0.0,"gold_gain":0.0,"event_name":"Liars Game","player_choice":"Ignored","floor":10.0,"gold_loss":0.0,"damage_taken":0.0},{"damage_healed":0.0,"max_hp_gain":0.0,"max_hp_loss":0.0,"gold_gain":0.0,"event_name":"FaceTrader","player_choice":"Leave","floor":12.0,"gold_loss":0.0,"damage_taken":0.0},{"damage_healed":0,"gold_gain":0,"player_choice":"Ignored","damage_taken":0,"max_hp_gain":0,"max_hp_loss":0,"event_name":"The Mausoleum","floor":19,"gold_loss":0},{"damage_healed":0,"gold_gain":0,"player_choice":"Forge","damage_taken":0,"max_hp_gain":0,"max_hp_loss":0,"event_name":"Accursed Blacksmith","floor":20,"gold_loss":0,"cards_upgraded":["Redo"]}],"is_beta":false,"boss_relics":[{"not_picked":["Coffee Dripper","Tiny House"],"picked":"FrozenCore"}],"items_purged_floors":[3],"is_endless":false,"potions_floor_spawned":[8,18],"killed_by":"Shelled Parasite and Fungi","ascension_level":12}