{"gold_per_floor":[111,123,139,139,314,340,340,360,383,28,28,40,40,40,40,137,137,156,71,171,184,283,283,283,283,283,283],"floor_reached":27,"playtime":777,"items_purged":["Doubt"],"score":230,"play_id":"bbca3255-dd50-45fe-bfd4-fa2291d51d03","local_time":"20181016220715","is_ascension_mode":true,"campfire_choices":[{"floor":7,"key":"REST"},{"floor":13,"key":"REST"},{"data":"Juggernaut","floor":15,"key":"SMITH"},{"floor":23,"key":"REST"},{"data":"Barricade","floor":25,"key":"SMITH"}],"neow_cost":"NONE","seed_source_timestamp":162327280346010,"circlet_count":0,"master_deck":["Strike_R","Strike_R","Strike_R","Strike_R","Strike_R","Defend_R","Defend_R","Defend_R","Defend_R","Bash","Juggernaut+1","Feel No Pain","Havoc","Shrug It Off","True Grit","Shrug It Off","Barricade+1","Iron Wave","Sentinel+1","Second Wind"],"relics":["Burning Blood","Lantern","Omamori","Gremlin Horn","Juzu Bracelet","Runic Pyramid","Pen Nib","Paper Frog"],"potions_floor_usage":[2,21],"damage_taken":[{"damage":4,"enemies":"Jaw Worm","floor":1,"turns":4},{"damage":6,"enemies":"Cultist","floor":2,"turns":3},{"damage":12,"enemies":"Small Slimes","floor":3,"turns":4},{"damage":34,"enemies":"Gremlin Nob","floor":6,"turns":5},{"damage":19,"enemies":"3 Louse","floor":8,"turns":3},{"damage":3,"enemies":"2 Fungi Beasts","floor":12,"turns":4},{"damage":45,"enemies":"The Guardian","floor":16,"turns":14},{"damage":24,"enemies":"3 Byrds","floor":18,"turns":6},{"damage":17,"enemies":"Shell Parasite","floor":21,"turns":9},{"damage":77,"enemies":"Slavers","floor":27,"turns":5}],"seed_played":"-4506741104126142926","potions_obtained":[{"floor":1,"key":"Strength Potion"},{"floor":3,"key":"AttackPotion"},{"floor":18,"key":"Poison Potion"}],"is_trial":false,"path_per_floor":["M","M","M","?","?","E","R","M","T","$","T","M","R","?","R","B",null,"M","?","?","M","?","R","?","R","T"],"character_chosen":"IRONCLAD","items_purchased":["Gremlin Horn","Shrug It Off"],"campfire_rested":3,"item_purchase_floors":[10,10],"current_hp_per_floor":[80,80,74,66,66,38,62,49,49,49,49,52,76,76,76,37,80,62,62,62,51,51,75,75,75,75,0],"gold":283,"neow_bonus":"ONE_RANDOM_RARE_CARD","is_prod":false,"is_daily":false,"chose_seed":false,"campfire_upgraded":2,"win_rate":0,"timestamp":1539745635,"path_taken":["M","M","M","?","?","E","R","M","T","$","?","M","R","?","R","BOSS","M","?","?","M","?","R","?","R","T","E"],"build_version":"2018-10-15v2","purchased_purges":1,"victory":false,"max_hp_per_floor":[80,80,80,80,80,80,80,80,80,80,80,80,80,80,80,80,80,80,80,80,80,80,80,80,80,80,80],"card_choices":[{"not_picked":["Rampage","Body Slam"],"picked":"Feel No Pain","floor":1},{"not_picked":["Sword Boomerang","Clash"],"picked":"Havoc","floor":2},{"not_picked":["Clothesline","Warcry"],"picked":"Shrug It Off","floor":3},{"not_picked":["Intimidate","Power Through"],"picked":"True Grit","floor":6},{"not_picked":["Clothesline","Twin Strike","Fire Breathing"],"picked":"SKIP","floor":8},{"not_picked":["Heavy Blade","Hemokinesis","Headbutt"],"picked":"SKIP","floor":12},{"not_picked":["Offering","Immolate"],"picked":"Barricade","floor":16},{"not_picked":["Combust","Wild Strike+1"],"picked":"Iron Wave","floor":18},{"not_picked":["Havoc","Iron Wave"],"picked":"Sentinel+1","floor":21}],"player_experience":422032,"relics_obtained":[{"floor":6,"key":"Lantern"},{"floor":9,"key":"Omamori"},{"floor":11,"key":"Juzu Bracelet"},{"floor":26,"key":"Paper Frog"}],"event_choices":[{"event_name":"Wheel of Change","player_choice":"Damage","floor":4,"damage_taken":0},{"event_name":"Liars Game","player_choice":"agreed","floor":5,"damage_taken":0},{"event_name":"Dead Adventurer","player_choice":"Searched \u00271\u0027 times","floor":14,"damage_taken":0},{"event_name":"Addict","player_choice":"Obtained Relic","floor":19,"damage_taken":0},{"event_name":"Golden Shrine","player_choice":"Pray","floor":20,"damage_taken":0},{"event_name":"Nest","player_choice":"Stole From Cult","floor":22,"damage_taken":0},{"event_name":"The Library","player_choice":"Read","floor":24,"damage_taken":0}],"is_beta":true,"boss_relics":[{"not_picked":["Runic Cube","Coffee Dripper"],"picked":"Runic Pyramid"}],"items_purged_floors":[10],"is_endless":false,"potions_floor_spawned":[1,3,18],"killed_by":"Slavers","ascension_level":2}