{"gold_per_floor":[369,56,83,83,103,103,133,151,151,179,192,192,206,239,239,335,335,352,352,371,385,400,400,430,480,780,790,527,527,114,114,114,216,216,228,239,239,255,255,255,270,270,347,347,367,367,392,405,405,405,405,405,39,64,64],"floor_reached":56,"playtime":3251,"items_purged":["Injury","Pain","Shame","Strike_G"],"score":1344,"play_id":"ae3477ab-3f40-4aa6-8d57-87a0e8185013","local_time":"20181224112141","is_ascension_mode":true,"campfire_choices":[{"data":"Neutralize","floor":6,"key":"SMITH"},{"data":"Noxious Fumes","floor":12,"key":"SMITH"},{"data":"Bouncing Flask","floor":15,"key":"SMITH"},{"floor":23,"key":"REST"},{"data":"Discovery","floor":32,"key":"SMITH"},{"floor":40,"key":"REST"},{"data":"Infinite Blades","floor":44,"key":"SMITH"},{"floor":49,"key":"RECALL"},{"data":"Catalyst","floor":52,"key":"SMITH"}],"neow_cost":"CURSE","seed_source_timestamp":1172004556997926,"circlet_count":0,"master_deck":["Defend_G","Defend_G","Defend_G","Defend_G","Defend_G+1","Strike_G","Strike_G","Survivor+1","Neutralize+1","Noxious Fumes+1","Dagger Spray","Deadly Poison","Finisher","Blade Dance","PiercingWail","Infinite Blades+1","Caltrops","Bouncing Flask+1","Corpse Explosion","Deflect+1","Cloak And Dagger+1","Well Laid Plans+1","Footwork+1","Discovery+1","Backflip","Deadly Poison+1","Doubt","After Image+1","Choke","Catalyst+1","Blind","Malaise"],"relics":["Ring of the Serpent","Sling","Strawberry","Lantern","Snake Skull","War Paint","Cursed Key","WarpedTongs","Frozen Egg 2","Old Coin","Singing Bowl","Pantograph","Ornamental Fan","Mercury Hourglass","Bag of Marbles"],"potions_floor_usage":[24,50,55,55,55],"damage_taken":[{"damage":4,"enemies":"Cultist","floor":1,"turns":5},{"damage":0,"enemies":"2 Louse","floor":5,"turns":4},{"damage":11,"enemies":"3 Sentries","floor":7,"turns":6},{"damage":0,"enemies":"Small Slimes","floor":8,"turns":2},{"damage":3,"enemies":"Lagavulin","floor":10,"turns":5},{"damage":2,"enemies":"Blue Slaver","floor":11,"turns":4},{"damage":0,"enemies":"Exordium Thugs","floor":13,"turns":4},{"damage":8,"enemies":"3 Sentries","floor":14,"turns":5},{"damage":6,"enemies":"The Guardian","floor":16,"turns":7},{"damage":0,"enemies":"2 Thieves","floor":18,"turns":3},{"damage":5,"enemies":"Chosen","floor":20,"turns":4},{"damage":14,"enemies":"Shelled Parasite and Fungi","floor":21,"turns":4},{"damage":15,"enemies":"3 Cultists","floor":22,"turns":5},{"damage":8,"enemies":"Book of Stabbing","floor":24,"turns":4},{"damage":25,"enemies":"Centurion and Healer","floor":27,"turns":5},{"damage":23,"enemies":"Champ","floor":33,"turns":10},{"damage":7,"enemies":"3 Shapes","floor":35,"turns":5},{"damage":22,"enemies":"3 Darklings","floor":36,"turns":3},{"damage":8,"enemies":"Writhing Mass","floor":38,"turns":5},{"damage":4,"enemies":"Transient","floor":41,"turns":5},{"damage":0,"enemies":"Sphere and 2 Shapes","floor":45,"turns":3},{"damage":18,"enemies":"Nemesis","floor":47,"turns":7},{"damage":0,"enemies":"Maw","floor":48,"turns":7},{"damage":73,"enemies":"Awakened One","floor":50,"turns":16},{"damage":34,"enemies":"Shield and Spear","floor":54,"turns":4},{"damage":46,"enemies":"The Heart","floor":55,"turns":9}],"seed_played":"-4825664036415398612","potions_obtained":[{"floor":8,"key":"Dexterity Potion"},{"floor":10,"key":"GamblersBrew"},{"floor":11,"key":"FearPotion"},{"floor":14,"key":"Block Potion"},{"floor":21,"key":"Poison Potion"},{"floor":33,"key":"PowerPotion"}],"is_trial":false,"path_per_floor":["M","$","T","?","M","R","E","M","T","E","M","R","M","E","R","B",null,"M","?","M","M","M","R","E","?","T","M","$","?","$","?","R","B",null,"M","M","?","M","?","R","M","T","T","R","M","?","E","M","R","B",null,"R","$","E","B",null],"character_chosen":"THE_SILENT","items_purchased":["Dagger Spray","Sling","Footwork+1","Discovery","Backflip","Pantograph","SpeedPotion","Ancient Potion","Blind"],"campfire_rested":2,"item_purchase_floors":[2,2,28,28,30,30,53,53,53],"current_hp_per_floor":[66,66,73,73,73,73,62,62,62,59,57,57,57,49,49,43,77,77,77,72,58,43,66,58,58,58,33,33,33,33,33,33,37,79,74,52,52,46,46,70,68,68,68,68,68,68,52,52,52,4,87,87,87,53,32],"gold":64,"neow_bonus":"TWO_FIFTY_GOLD","is_prod":false,"is_daily":false,"chose_seed":false,"campfire_upgraded":6,"win_rate":0,"timestamp":1545646901,"path_taken":["M","$","?","?","M","R","E","M","T","E","M","R","?","E","R","BOSS","M","?","M","?","M","R","E","?","T","?","$","?","$","?","R","BOSS","M","M","?","M","?","R","?","?","T","R","M","?","E","?","R","BOSS","R","$","E","BOSS"],"build_version":"2018-12-20","purchased_purges":4,"victory":true,"max_hp_per_floor":[70,70,77,77,77,77,77,77,77,77,77,77,77,77,77,77,77,77,77,77,77,77,77,77,77,77,77,77,77,77,77,77,79,79,81,81,81,83,83,83,85,85,85,85,85,85,87,87,87,87,87,87,87,87,87],"card_choices":[{"not_picked":["Bane","Setup"],"picked":"Noxious Fumes","floor":1},{"not_picked":["Accuracy","Deflect"],"picked":"Deadly Poison","floor":5},{"not_picked":["Quick Slash","Prepared"],"picked":"Finisher","floor":7},{"not_picked":["Setup","Acrobatics"],"picked":"Blade Dance","floor":8},{"not_picked":["Tools of the Trade","Skewer"],"picked":"PiercingWail","floor":10},{"not_picked":["Blade Dance","Quick Slash"],"picked":"Infinite Blades","floor":11},{"not_picked":["Backflip","Dagger Throw"],"picked":"Caltrops","floor":13},{"not_picked":["Cloak And Dagger","Flying Knee"],"picked":"Bouncing Flask","floor":14},{"not_picked":["Envenom","Burst"],"picked":"Corpse Explosion","floor":16},{"not_picked":["Infinite Blades","Quick Slash","Prepared"],"picked":"SKIP","floor":18},{"not_picked":["Flying Knee+1","Distraction","Skewer"],"picked":"SKIP","floor":20},{"not_picked":["Sucker Punch","Setup"],"picked":"Deflect+1","floor":21},{"not_picked":["Acrobatics","Dodge and Roll+1"],"picked":"Cloak And Dagger+1","floor":22},{"not_picked":["Bane","Reflex","Storm of Steel"],"picked":"SKIP","floor":24},{"not_picked":["Sucker Punch","Calculated Gamble+1"],"picked":"Well Laid Plans+1","floor":27},{"not_picked":["Die Die Die","Grand Finale","Venomology"],"picked":"Singing Bowl","floor":33},{"not_picked":["Flechettes+1","Bane","Sucker Punch"],"picked":"Singing Bowl","floor":35},{"not_picked":["Dodge and Roll+1","Expertise"],"picked":"Deadly Poison+1","floor":36},{"not_picked":["Tactician","Dodge and Roll","Dagger Spray"],"picked":"Singing Bowl","floor":38},{"not_picked":["Slice","Skewer","Cloak And Dagger"],"picked":"Singing Bowl","floor":41},{"not_picked":["Bane+1","Cloak And Dagger+1"],"picked":"After Image+1","floor":45},{"not_picked":["Tools of the Trade+1","Dagger Throw+1","Flying Knee"],"picked":"Singing Bowl","floor":47},{"not_picked":["Blade Dance+1","Deadly Poison"],"picked":"Catalyst","floor":48},{"not_picked":["Flying Knee+1","PiercingWail"],"picked":"Malaise","floor":54}],"player_experience":1811818,"relics_obtained":[{"floor":3,"key":"Strawberry"},{"floor":7,"key":"Lantern"},{"floor":10,"key":"Snake Skull"},{"floor":14,"key":"War Paint"},{"floor":24,"key":"Frozen Egg 2"},{"floor":26,"key":"Old Coin"},{"floor":43,"key":"Ornamental Fan"},{"floor":47,"key":"Mercury Hourglass"},{"floor":54,"key":"Bag of Marbles"}],"event_choices":[{"cards_removed":["Strike_G"],"damage_healed":0,"gold_gain":0,"player_choice":"Purged","damage_taken":0,"max_hp_gain":0,"max_hp_loss":0,"event_name":"Purifier","floor":4,"gold_loss":0},{"damage_healed":0,"gold_gain":0,"player_choice":"Rummage","damage_taken":0,"relics_obtained":["WarpedTongs"],"max_hp_gain":0,"max_hp_loss":0,"event_name":"Accursed Blacksmith","floor":19,"gold_loss":0,"cards_obtained":["Pain"]},{"damage_healed":0,"gold_gain":100,"player_choice":"Bet on Murderer","damage_taken":0,"max_hp_gain":0,"max_hp_loss":0,"event_name":"The Joust","floor":25,"gold_loss":50},{"damage_healed":0,"gold_gain":0,"player_choice":"Opened","damage_taken":0,"relics_obtained":["Singing Bowl"],"max_hp_gain":0,"max_hp_loss":0,"event_name":"The Mausoleum","floor":29,"gold_loss":0,"cards_obtained":["Writhe"]},{"damage_healed":0,"gold_gain":0,"player_choice":"Ignored","damage_taken":0,"max_hp_gain":0,"max_hp_loss":0,"event_name":"Ghosts","floor":31,"gold_loss":0},{"damage_healed":0,"gold_gain":0,"player_choice":"Ignored","damage_taken":0,"max_hp_gain":0,"max_hp_loss":0,"event_name":"Tomb of Lord Red Mask","floor":37,"gold_loss":0},{"cards_removed":["Writhe"],"damage_healed":0,"gold_gain":0,"player_choice":"Purged","damage_taken":0,"max_hp_gain":0,"max_hp_loss":0,"event_name":"Purifier","floor":39,"gold_loss":0},{"damage_healed":0,"gold_gain":0,"cards_transformed":["Strike_G"],"player_choice":"Transformed","damage_taken":0,"max_hp_gain":0,"max_hp_loss":0,"event_name":"Transmorgrifier","floor":46,"gold_loss":0,"cards_obtained":["Choke"]}],"is_beta":false,"boss_relics":[{"not_picked":["Eternal Feather","Coffee Dripper"],"picked":"Cursed Key"},{"not_picked":["Calling Bell","Runic Dome"],"picked":"Ring of the Serpent"}],"items_purged_floors":[2,28,30,53],"is_endless":false,"potions_floor_spawned":[8,10,11,14,20,21,33,36,45,47,48],"ascension_level":1}