{"path_per_floor":["M","M","?","?","?","R","M","E","T","M","E","?","?","$","R"],"character_chosen":"THE_SILENT","items_purchased":["Snake Skull","Infinite Blades","Dodge and Roll+1"],"gold_per_floor":[114,132,132,132,307,307,319,350,350,369,395,348,348,26,26,26],"floor_reached":16,"campfire_rested":1,"playtime":1233,"item_purchase_floors":[14,14,14],"current_hp_per_floor":[57,57,62,62,62,62,61,27,27,24,9,9,9,9,31,0],"items_purged":["Defend_G"],"gold":26,"score":119,"play_id":"f26ea211-c571-4139-8e17-8647cbb28c9b","local_time":"20180626203317","is_prod":false,"is_daily":false,"chose_seed":false,"is_ascension_mode":true,"campfire_upgraded":1,"win_rate":0,"timestamp":1530063197,"campfire_choices":[{"data":"Sucker Punch","floor":6,"key":"SMITH"},{"floor":15,"key":"REST"}],"path_taken":["M","M","?","?","?","R","?","E","T","M","E","?","?","$","R","BOSS"],"build_version":"2018-06-21","seed_source_timestamp":632090649702644,"purchased_purges":1,"circlet_count":0,"victory":false,"master_deck":["Defend_G","Defend_G","Defend_G","Defend_G","Strike_G","Strike_G","Strike_G","Strike_G","Strike_G","Survivor","Neutralize","Sucker Punch+1","Envenom+1","Doubt","Backflip","Escape Plan+1","Dodge and Roll+1","Acrobatics+1","Infinite Blades","Dodge and Roll+1"],"max_hp_per_floor":[70,70,75,75,75,75,75,75,75,75,75,75,75,75,75,75],"relics":["Ring of the Snake","Toxic Egg 2","Matryoshka","Bird Faced Urn","Snake Skull"],"card_choices":[{"not_picked":["Deflect","Dagger Spray"],"picked":"Sucker Punch","floor":1},{"not_picked":["Dagger Throw","Deadly Poison"],"picked":"Envenom","floor":2},{"not_picked":["Riddle With Holes","Predator"],"picked":"Backflip","floor":7},{"not_picked":["Acrobatics","Calculated Gamble"],"picked":"Escape Plan","floor":8},{"not_picked":["PiercingWail+1","Predator"],"picked":"Dodge and Roll+1","floor":10},{"not_picked":["Distraction+1","Masterful Stab"],"picked":"Acrobatics+1","floor":11}],"player_experience":109136,"potions_floor_usage":[11,16],"damage_taken":[{"damage":13,"enemies":"Jaw Worm","floor":1,"turns":5},{"damage":0,"enemies":"Cultist","floor":2,"turns":4},{"damage":1,"enemies":"Small Slimes","floor":7,"turns":3},{"damage":34,"enemies":"3 Sentries","floor":8,"turns":9},{"damage":3,"enemies":"Looter","floor":10,"turns":4},{"damage":15,"enemies":"Lagavulin","floor":11,"turns":9},{"damage":37,"enemies":"Slime Boss","floor":16,"turns":12}],"relics_obtained":[{"floor":8,"key":"Toxic Egg 2"},{"floor":9,"key":"Matryoshka"},{"floor":11,"key":"Bird Faced Urn"}],"event_choices":[{"event_name":"Big Fish","player_choice":"Donut","floor":3,"damage_taken":0},{"event_name":"Living Wall","player_choice":"Grow","floor":4,"damage_taken":0},{"event_name":"Liars Game","player_choice":"agreed","floor":5,"damage_taken":0},{"event_name":"World of Goop","player_choice":"Left","floor":12,"damage_taken":0},{"event_name":"Shining Light","player_choice":"Ignored","floor":13,"damage_taken":0}],"boss_relics":[],"items_purged_floors":[14],"is_endless":false,"potions_floor_spawned":[2,11],"seed_played":"-2114440187131203702","killed_by":"Slime Boss","ascension_level":2,"potions_obtained":[{"floor":2,"key":"GamblersBrew"},{"floor":11,"key":"Explosive Potion"}],"is_trial":false}