{"gold_per_floor":[114,114,114,129,144,174,189,219,219,219,234,249,264,294,294,394,394,409,424,74,89,104,134,2,2,77,92,15,75,75,90,90,190,190,205,46,61,76,76,106,121,121,171,186,216,231,231],"floor_reached":47,"playtime":2144,"items_purged":[],"score":753,"play_id":"580e0338-5ea7-4e02-baf0-f5066a131a65","local_time":"20180812122832","daily_mods":["Heirloom","Terminal","Vintage"],"is_ascension_mode":false,"campfire_choices":[{"data":"1","floor":10.0,"key":"LIFT"},{"data":"2","floor":15.0,"key":"LIFT"},{"data":"3","floor":25.0,"key":"LIFT"},{"data":"Bouncing Flask","floor":30.0,"key":"SMITH"},{"data":"Sucker Punch","floor":32.0,"key":"SMITH"}],"neow_cost":"","seed_source_timestamp":0,"circlet_count":0,"master_deck":["Defend_G","Defend_G","Defend_G","Defend_G","Defend_G","Strike_G+1","Strike_G","Survivor","Neutralize+1","Injury","Corpse Explosion","Bouncing Flask+1","Blade Dance","Wraith Form v2+1","Crippling Poison+1","Blade Dance+1","Heel Hook+1","Sucker Punch+1","Footwork+1","Adrenaline+1","Quick Slash+1","Deadly Poison+1","Infinite Blades+1","Footwork+1","Deflect+1","Footwork+1","Predator+1","Unload","Dash+1","Well Laid Plans+1","Backflip+1","Setup+1","Acrobatics+1","Glass Knife","Master of Strategy+1","Tactician+1","Backflip+1"],"special_seed":17754,"relics":["Ring of the Snake","Girya","Boot","Frozen Egg 2","Paper Crane","Meat on the Bone","Ornamental Fan","Oddly Smooth Stone","Juzu Bracelet","Anchor","Pen Nib","Pantograph","Torii","Toxic Egg 2","Astrolabe","Omamori","Vajra","Blood Vial","Whetstone","Bag of Preparation","Mummified Hand","Pear","Tiny Chest","Blue Candle","Centennial Puzzle","Orrery","Potion Belt","Strawberry","Snake Skull","Gremlin Horn","Gambling Chip","Bronze Scales","The Courier","Orichalcum","Prayer Wheel"],"potions_floor_usage":[],"damage_taken":[{"damage":0.0,"enemies":"Small Slimes","floor":1.0,"turns":3.0},{"damage":0.0,"enemies":"2 Louse","floor":4.0,"turns":3.0},{"damage":0.0,"enemies":"Cultist","floor":5.0,"turns":4.0},{"damage":0.0,"enemies":"Lagavulin","floor":6.0,"turns":7.0},{"damage":0.0,"enemies":"2 Fungi Beasts","floor":7.0,"turns":2.0},{"damage":0.0,"enemies":"3 Sentries","floor":8.0,"turns":4.0},{"damage":0.0,"enemies":"Red Slaver","floor":11.0,"turns":3.0},{"damage":0.0,"enemies":"Blue Slaver","floor":12.0,"turns":3.0},{"damage":0.0,"enemies":"Gremlin Gang","floor":13.0,"turns":4.0},{"damage":3.0,"enemies":"Lagavulin","floor":14.0,"turns":6.0},{"damage":8.0,"enemies":"Slime Boss","floor":16.0,"turns":9.0},{"damage":0.0,"enemies":"Shell Parasite","floor":18.0,"turns":4.0},{"damage":0.0,"enemies":"3 Byrds","floor":19.0,"turns":2.0},{"damage":0.0,"enemies":"Centurion and Healer","floor":21.0,"turns":5.0},{"damage":0.0,"enemies":"Chosen and Byrds","floor":22.0,"turns":4.0},{"damage":0.0,"enemies":"Gremlin Leader","floor":23.0,"turns":4.0},{"damage":0.0,"enemies":"Sentry and Sphere","floor":27.0,"turns":2.0},{"damage":0.0,"enemies":"Book of Stabbing","floor":29.0,"turns":4.0},{"damage":0.0,"enemies":"Centurion and Healer","floor":31.0,"turns":3.0},{"damage":1.0,"enemies":"Champ","floor":33.0,"turns":8.0},{"damage":0.0,"enemies":"Flame Bruiser 1 Orb","floor":35.0,"turns":4.0},{"damage":1.0,"enemies":"3 Darklings","floor":37.0,"turns":3.0},{"damage":2.0,"enemies":"Spire Growth","floor":38.0,"turns":4.0},{"damage":1.0,"enemies":"2 Orb Walkers","floor":40.0,"turns":5.0},{"damage":0.0,"enemies":"Sphere and 2 Shapes","floor":41.0,"turns":4.0},{"damage":0.0,"enemies":"Flame Bruiser 2 Orb","floor":44.0,"turns":3.0},{"damage":0.0,"enemies":"Nemesis","floor":45.0,"turns":4.0},{"damage":0.0,"enemies":"Transient","floor":46.0,"turns":5.0},{"damage":0,"enemies":"Maw","floor":47,"turns":1}],"seed_played":"7174262716422048038","potions_obtained":[{"floor":1.0,"key":"Fire Potion"},{"floor":4.0,"key":"PowerPotion"},{"floor":11.0,"key":"Poison Potion"},{"floor":16.0,"key":"Ancient Potion"},{"floor":18.0,"key":"Explosive Potion"},{"floor":19.0,"key":"GhostInAJar"},{"floor":23.0,"key":"EssenceOfSteel"},{"floor":27.0,"key":"Fire Potion"},{"floor":31.0,"key":"PowerPotion"},{"floor":37.0,"key":"PowerPotion"},{"floor":38.0,"key":"EssenceOfSteel"},{"floor":44.0,"key":"Block Potion"}],"is_trial":false,"path_per_floor":["M","?","?","M","M","E","M","E","T","R","M","M","M","E","R","B",null,"M","M","$","M","M","E","$","R","T","M","$","E","R","M","R","B",null,"M","$","M","M","?","E","M","?","T","M","E","M"],"character_chosen":"THE_SILENT","items_purchased":["Sucker Punch","Footwork+1","Adrenaline+1","Quick Slash","Deadly Poison+1","Footwork+1","Deflect+1","Footwork+1","Glass Knife"],"campfire_rested":0,"item_purchase_floors":[20,20,20,20,20,24,24,28,36],"current_hp_per_floor":[68,67,66,65,64,63,62,61,60,59,58,57,56,53,53,46,52,51,50,49,48,47,46,45,44,43,52,51,50,49,48,47,46,45,44,43,49,47,47,46,45,44,43,42,41,40,40],"gold":231,"neow_bonus":"","is_prod":false,"is_daily":true,"chose_seed":false,"campfire_upgraded":2,"win_rate":0,"timestamp":1534069712,"path_taken":["M","?","?","M","M","E","?","E","T","R","M","M","M","E","R","BOSS","M","M","$","M","M","E","$","R","T","M","$","E","R","M","R","BOSS","M","$","M","M","?","E","M","?","T","M","E","M","M"],"build_version":"2018-08-09","purchased_purges":0,"victory":false,"max_hp_per_floor":[68,67,66,65,64,63,62,61,60,59,58,57,56,55,54,53,52,51,50,49,48,47,46,45,44,43,52,51,50,49,48,47,46,45,44,43,49,48,47,46,45,44,43,42,41,40,40],"card_choices":[{"not_picked":["Prepared","Acrobatics"],"picked":"Corpse Explosion","floor":6.0},{"not_picked":["Outmaneuver","Choke"],"picked":"Bouncing Flask","floor":8.0},{"not_picked":["Bullet Time","Underhanded Strike"],"picked":"Blade Dance","floor":14.0},{"not_picked":["Burst","Phantasmal Killer"],"picked":"Wraith Form v2+1","floor":16.0},{"not_picked":["Quick Slash","Tactician+1"],"picked":"Infinite Blades+1","floor":23.0},{"not_picked":["PiercingWail+1","Dagger Throw"],"picked":"Predator+1","floor":29.0},{"not_picked":["Grand Finale","Wraith Form v2+1"],"picked":"Unload","floor":33.0},{"not_picked":["Expertise+1","Backflip+1"],"picked":"Dash+1","floor":34.0},{"not_picked":["Backflip+1","Choke"],"picked":"Well Laid Plans+1","floor":34.0},{"not_picked":["Terror+1","Deflect+1"],"picked":"Backflip+1","floor":34.0},{"not_picked":["Finisher","Reflex+1"],"picked":"Setup+1","floor":34.0},{"not_picked":["Dagger Throw","Distraction+1"],"picked":"Acrobatics+1","floor":34.0},{"not_picked":["Secret Weapon+1","Finesse+1"],"picked":"Master of Strategy+1","floor":39.0},{"not_picked":["Dagger Throw","Outmaneuver+1"],"picked":"Tactician+1","floor":40.0},{"not_picked":["Dodge and Roll+1","Wraith Form v2+1"],"picked":"Backflip+1","floor":45.0}],"player_experience":1313363,"relics_obtained":[{"floor":1.0,"key":"Boot"},{"floor":4.0,"key":"Frozen Egg 2"},{"floor":5.0,"key":"Paper Crane"},{"floor":6.0,"key":"Meat on the Bone"},{"floor":7.0,"key":"Ornamental Fan"},{"floor":8.0,"key":"Oddly Smooth Stone"},{"floor":9.0,"key":"Juzu Bracelet"},{"floor":11.0,"key":"Anchor"},{"floor":12.0,"key":"Pen Nib"},{"floor":13.0,"key":"Pantograph"},{"floor":14.0,"key":"Torii"},{"floor":16.0,"key":"Toxic Egg 2"},{"floor":18.0,"key":"Omamori"},{"floor":19.0,"key":"Vajra"},{"floor":21.0,"key":"Blood Vial"},{"floor":22.0,"key":"Whetstone"},{"floor":23.0,"key":"Bag of Preparation"},{"floor":26.0,"key":"Mummified Hand"},{"floor":27.0,"key":"Pear"},{"floor":29.0,"key":"Tiny Chest"},{"floor":31.0,"key":"Blue Candle"},{"floor":33.0,"key":"Centennial Puzzle"},{"floor":35.0,"key":"Potion Belt"},{"floor":37.0,"key":"Strawberry"},{"floor":38.0,"key":"Snake Skull"},{"floor":40.0,"key":"Gremlin Horn"},{"floor":41.0,"key":"Gambling Chip"},{"floor":43.0,"key":"Bronze Scales"},{"floor":44.0,"key":"The Courier"},{"floor":45.0,"key":"Orichalcum"},{"floor":46.0,"key":"Prayer Wheel"}],"event_choices":[{"event_name":"Golden Wing","player_choice":"Ignored","floor":2.0,"damage_taken":0.0},{"event_name":"Accursed Blacksmith","player_choice":"Forge","floor":3.0,"damage_taken":0.0},{"event_name":"SensoryStone","player_choice":"Memory 1","floor":39.0,"damage_taken":0.0},{"event_name":"Winding Halls","player_choice":"Writhe","floor":42.0,"damage_taken":0.0}],"is_beta":false,"boss_relics":[{"not_picked":["Empty Cage","HoveringKite"],"picked":"Astrolabe"},{"not_picked":["Eternal Feather","Pandora\u0027s Box"],"picked":"Orrery"}],"items_purged_floors":[],"is_endless":false,"potions_floor_spawned":[1,4,11,16,18,19,23,27,31,37,38,44,46],"killed_by":"Maw","ascension_level":0}