{"gold_per_floor":[16,36,336,336,183,211,57,57],"floor_reached":8,"playtime":415,"items_purged":["Strike_G"],"score":54,"play_id":"174181a0-6082-4a74-9810-685608643e39","local_time":"20190206225350","is_ascension_mode":false,"campfire_choices":[],"neow_cost":"NO_GOLD","seed_source_timestamp":36532887297703,"circlet_count":0,"master_deck":["Defend_G","Defend_G","Defend_G","Defend_G","Defend_G","Strike_G","Strike_G","Strike_G","Strike_G","Survivor","Neutralize","Calculated Gamble","Backstab"],"relics":["Ring of the Snake","Incense Burner","Old Coin","Oddly Smooth Stone","Bag of Marbles"],"potions_floor_usage":[],"damage_taken":[{"damage":5,"enemies":"Jaw Worm","floor":1,"turns":4},{"damage":0,"enemies":"2 Louse","floor":2,"turns":3},{"damage":28,"enemies":"3 Sentries","floor":6,"turns":15},{"damage":37,"enemies":"Gremlin Nob","floor":8,"turns":5}],"seed_played":"3034768666188792348","potions_obtained":[{"floor":6,"key":"Swift Potion"}],"is_trial":false,"path_per_floor":["M","M","?","?","$","E","$","?"],"character_chosen":"THE_SILENT","items_purchased":["Oddly Smooth Stone","Backstab"],"campfire_rested":0,"item_purchase_floors":[5,7],"current_hp_per_floor":[65,65,65,65,65,37,37,0],"gold":57,"neow_bonus":"ONE_RARE_RELIC","is_prod":false,"is_daily":false,"chose_seed":false,"campfire_upgraded":0,"win_rate":0.0,"timestamp":1549490030,"path_taken":["M","M","?","?","$","E","$","?"],"build_version":"2019-01-23","purchased_purges":1,"victory":false,"max_hp_per_floor":[70,70,70,70,70,70,70,70],"card_choices":[{"not_picked":["Sucker Punch","Deadly Poison","Slice"],"picked":"SKIP","floor":1},{"not_picked":["Quick Slash","Endless Agony"],"picked":"Calculated Gamble","floor":2},{"not_picked":["Sucker Punch","Expertise","Endless Agony"],"picked":"SKIP","floor":6}],"player_experience":5380,"relics_obtained":[{"floor":6,"key":"Bag of Marbles"}],"event_choices":[{"damage_healed":0,"gold_gain":0,"player_choice":"Box","damage_taken":0,"relics_obtained":["Old Coin"],"max_hp_gain":0,"max_hp_loss":0,"event_name":"Big Fish","floor":3,"gold_loss":0,"cards_obtained":["Regret"]},{"cards_removed":["Regret"],"damage_healed":0,"gold_gain":0,"player_choice":"Forget","damage_taken":0,"max_hp_gain":0,"max_hp_loss":0,"event_name":"Living Wall","floor":4,"gold_loss":0},{"damage_healed":0,"gold_gain":0,"player_choice":"Searched \u00271\u0027 times","damage_taken":0,"max_hp_gain":0,"max_hp_loss":0,"event_name":"Dead Adventurer","floor":8,"gold_loss":0}],"is_beta":false,"boss_relics":[],"items_purged_floors":[7],"is_endless":false,"potions_floor_spawned":[6],"killed_by":"Gremlin Nob","ascension_level":0}