{"gold_per_floor":[112,130,143,143,158,193,193,223,223,239,239,256,224,50,50,50],"floor_reached":16,"playtime":1017,"items_purged":[],"score":118,"play_id":"9254beb6-ea30-4d14-9e7b-7ef367150a8e","local_time":"20180710214105","is_ascension_mode":true,"campfire_choices":[{"data":"Streamline","floor":7,"key":"SMITH"},{"data":"Echo Form","floor":11,"key":"SMITH"},{"floor":15,"key":"REST"}],"neow_cost":"","seed_source_timestamp":37545100119159,"circlet_count":0,"master_deck":["Strike_B","Strike_B","Strike_B","Defend_B","Defend_B","Defend_B","Defend_B","Zap","Dualcast","Go for the Eyes","Streamline+1","Storm","Gash","Loop","Hologram","Echo Form+1","Heatsinks","Self Repair"],"relics":["Cracked Core","Kunai","Omamori","Bottled Tornado"],"potions_floor_usage":[6,8,12,16,16],"damage_taken":[{"damage":0,"enemies":"2 Louse","floor":1,"turns":3},{"damage":1,"enemies":"Cultist","floor":2,"turns":4},{"damage":1,"enemies":"Jaw Worm","floor":3,"turns":3},{"damage":8,"enemies":"Large Slime","floor":5,"turns":5},{"damage":33,"enemies":"Gremlin Nob","floor":6,"turns":5},{"damage":20,"enemies":"3 Sentries","floor":8,"turns":5},{"damage":5,"enemies":"Exordium Wildlife","floor":10,"turns":3},{"damage":0,"enemies":"3 Louse","floor":12,"turns":1},{"damage":30,"enemies":"The Guardian","floor":16,"turns":8}],"seed_played":"-1062828753955961448","potions_obtained":[{"floor":3,"key":"PowerPotion"},{"floor":5,"key":"EssenceOfSteel"},{"floor":10,"key":"Explosive Potion"}],"is_trial":false,"path_per_floor":["M","M","M","?","M","E","R","E","T","M","R","M","?","$","R"],"character_chosen":"DEFECT","items_purchased":["Self Repair","PowerPotion","Dexterity Potion"],"campfire_rested":1,"item_purchase_floors":[14,14,14],"current_hp_per_floor":[75,74,73,73,65,32,32,12,12,7,7,7,7,7,29,0],"gold":50,"neow_bonus":"","is_prod":false,"is_daily":false,"chose_seed":false,"campfire_upgraded":2,"win_rate":0,"timestamp":1531224665,"path_taken":["M","M","M","?","M","E","R","E","T","M","R","M","?","$","R","BOSS"],"build_version":"2018-07-05","purchased_purges":0,"victory":false,"max_hp_per_floor":[75,75,75,75,75,75,75,75,75,75,75,75,75,75,75,75],"card_choices":[{"not_picked":["Heatsinks","Reprogram"],"picked":"Go for the Eyes","floor":1},{"not_picked":["Turbo","Sunder"],"picked":"Streamline","floor":2},{"not_picked":["Scrape","Force Field"],"picked":"Storm","floor":3},{"not_picked":["Turbo","Heatsinks"],"picked":"Gash","floor":5},{"not_picked":["Aggregate","Force Field"],"picked":"Loop","floor":6},{"not_picked":["FTL","Cold Snap"],"picked":"Hologram","floor":8},{"not_picked":["Compile Driver","Chill"],"picked":"Echo Form","floor":10},{"not_picked":["Barrage","Lockon"],"picked":"Heatsinks","floor":12}],"player_experience":70871,"relics_obtained":[{"floor":6,"key":"Kunai"},{"floor":8,"key":"Omamori"},{"floor":9,"key":"Bottled Tornado"}],"event_choices":[{"event_name":"Purifier","player_choice":"One Purge","floor":4,"damage_taken":0},{"event_name":"World of Goop","player_choice":"Left","floor":13,"damage_taken":0}],"boss_relics":[],"items_purged_floors":[],"is_endless":false,"potions_floor_spawned":[3,5,10],"killed_by":"The Guardian","ascension_level":1}