{"gold_per_floor":[163,238,238,253,5,5,19,19,19,19],"floor_reached":10,"playtime":266,"items_purged":[],"score":106,"play_id":"1d2db543-6db7-4d72-8c6a-57d0d8fd1e01","local_time":"20190104074627","is_ascension_mode":true,"campfire_choices":[{"floor":6.0,"key":"REST"}],"neow_cost":"NONE","seed_source_timestamp":3797990939995,"circlet_count":0,"master_deck":["AscendersBane","Strike_B","Strike_B","Strike_B","Defend_B+1","Defend_B","Defend_B","Defend_B","Zap","Dualcast","Gash","Loop","Sweeping Beam","Apotheosis","Leap","Conserve Battery"],"special_seed":0,"relics":["Tiny House","Blue Candle"],"potions_floor_usage":[],"damage_taken":[{"damage":7.0,"enemies":"Cultist","floor":1.0,"turns":4.0},{"damage":10.0,"enemies":"Small Slimes","floor":4.0,"turns":3.0},{"damage":4.0,"enemies":"Jaw Worm","floor":7.0,"turns":4.0},{"damage":58,"enemies":"Gremlin Nob","floor":10,"turns":4}],"seed_played":"1815156661407303949","potions_obtained":[{"floor":0.0,"key":"SteroidPotion"},{"floor":7.0,"key":"Fruit Juice"}],"is_trial":false,"path_per_floor":["M","?","?","M","$","R","M","?","T","E"],"character_chosen":"DEFECT","items_purchased":["Apotheosis","Leap"],"campfire_rested":1,"item_purchase_floors":[5,5],"current_hp_per_floor":[62,51,44,34,34,56,57,57,57,0],"gold":19,"neow_bonus":"BOSS_RELIC","is_prod":false,"is_daily":false,"chose_seed":false,"campfire_upgraded":0,"win_rate":0,"timestamp":1546605987,"path_taken":["M","?","?","M","?","R","?","?","T","E"],"build_version":"2019-01-03v3","purchased_purges":0,"victory":false,"max_hp_per_floor":[76,76,76,76,76,76,81,81,81,81],"card_choices":[{"not_picked":["Darkness","Hologram"],"picked":"Gash","floor":0.0},{"not_picked":["Fusion","Compile Driver"],"picked":"Loop","floor":1.0},{"not_picked":["Compile Driver","Self Repair"],"picked":"Sweeping Beam","floor":4.0},{"not_picked":["Tempest","Cold Snap"],"picked":"Conserve Battery","floor":7.0}],"player_experience":1996978,"relics_obtained":[{"floor":9.0,"key":"Blue Candle"}],"event_choices":[{"damage_healed":0.0,"max_hp_gain":0.0,"max_hp_loss":0.0,"gold_gain":75.0,"event_name":"World of Goop","player_choice":"Gather Gold","floor":2.0,"gold_loss":0.0,"damage_taken":11.0},{"cards_removed":["Strike_B"],"damage_healed":0.0,"max_hp_gain":0.0,"max_hp_loss":0.0,"gold_gain":0.0,"event_name":"Golden Wing","player_choice":"Card Removal","floor":3.0,"gold_loss":0.0,"damage_taken":7.0},{"damage_healed":0.0,"max_hp_gain":0.0,"max_hp_loss":0.0,"gold_gain":0.0,"event_name":"Shining Light","player_choice":"Ignored","floor":8.0,"gold_loss":0.0,"damage_taken":0.0}],"is_beta":false,"boss_relics":[],"items_purged_floors":[],"is_endless":false,"potions_floor_spawned":[7],"killed_by":"Gremlin Nob","ascension_level":18}