{"gold_per_floor":[114,12,12,26,41,41,61,61,61,78,108,128,128,163,163,262,262,279,299,313,333,333,333,350,360,405,405,425,425,439,64,64,160,160,172,172,184,203,217,242,242,252,332,332,352,352,364,374,374,374],"floor_reached":51,"playtime":3241,"items_purged":["Strike_B","Pain"],"score":1389,"play_id":"46f40299-e795-4712-a61d-ac27a4d19dcc","local_time":"20180712023206","is_ascension_mode":true,"campfire_choices":[{"data":"Zap","floor":6.0,"key":"SMITH"},{"data":"Coolheaded","floor":8.0,"key":"SMITH"},{"data":"Electrodynamics","floor":13.0,"key":"SMITH"},{"data":"Dualcast","floor":15.0,"key":"SMITH"},{"data":"Biased Cognition","floor":23.0,"key":"SMITH"},{"floor":27.0,"key":"REST"},{"data":"Coolheaded","floor":29.0,"key":"SMITH"},{"data":"Creative AI","floor":32.0,"key":"SMITH"},{"data":"Electrodynamics","floor":41.0,"key":"SMITH"},{"data":"Coolheaded","floor":44,"key":"SMITH"},{"floor":49,"key":"REST"}],"neow_cost":"","seed_source_timestamp":87089020264382,"circlet_count":0,"master_deck":["Defend_B","Defend_B","Defend_B","Defend_B","Zap+1","Dualcast+1","Go for the Eyes","Conserve Battery","Leap","Electrodynamics+1","Coolheaded+1","Machine Learning","Biased Cognition+1","Defragment+1","Go for the Eyes","Seek+1","Leap","Bite","Bite","Bite","Bite","Bite","Coolheaded+1","Ball Lightning","Auto Shields","Creative AI+1","FTL","Reboot","Self Repair","Coolheaded+1","Electrodynamics+1","Coolheaded+1","Shame","Leap+1","Defragment+1","Go for the Eyes+1","Conserve Battery+1"],"special_seed":0,"relics":["FrozenCore","Vajra","Letter Opener","Odd Mushroom","Strawberry","Cursed Key","Happy Flower","OrangePellets","Art of War","Molten Egg 2","Prayer Wheel"],"potions_floor_usage":[50,50,50],"damage_taken":[{"damage":1.0,"enemies":"Cultist","floor":1.0,"turns":3.0},{"damage":0.0,"enemies":"Small Slimes","floor":4.0,"turns":4.0},{"damage":0.0,"enemies":"Jaw Worm","floor":5.0,"turns":3.0},{"damage":0.0,"enemies":"2 Fungi Beasts","floor":7.0,"turns":3.0},{"damage":0.0,"enemies":"Gremlin Gang","floor":10.0,"turns":2.0},{"damage":0.0,"floor":11.0,"turns":3.0},{"damage":1.0,"enemies":"Blue Slaver","floor":12.0,"turns":3.0},{"damage":6.0,"enemies":"Lagavulin","floor":14.0,"turns":5.0},{"damage":39.0,"enemies":"Hexaghost","floor":16.0,"turns":13.0},{"damage":0.0,"enemies":"Shell Parasite","floor":18.0,"turns":3.0},{"damage":12.0,"enemies":"2 Thieves","floor":19.0,"turns":3.0},{"damage":25.0,"enemies":"Snake Plant","floor":20.0,"turns":6.0},{"damage":7.0,"enemies":"Chosen and Byrds","floor":21.0,"turns":3.0},{"damage":9.0,"enemies":"Snecko","floor":24.0,"turns":4.0},{"damage":2.0,"enemies":"Snake Plant","floor":25.0,"turns":3.0},{"damage":2.0,"enemies":"Chosen and Byrds","floor":28.0,"turns":4.0},{"damage":7.0,"enemies":"Centurion and Healer","floor":30.0,"turns":5.0},{"damage":16.0,"enemies":"Automaton","floor":33.0,"turns":10.0},{"damage":0.0,"enemies":"Orb Walker","floor":35.0,"turns":3.0},{"damage":4.0,"enemies":"3 Shapes","floor":37.0,"turns":3.0},{"damage":13.0,"enemies":"Flame Bruiser 2 Orb","floor":38.0,"turns":4.0},{"damage":17.0,"enemies":"Sphere and 2 Shapes","floor":39.0,"turns":4.0},{"damage":21.0,"enemies":"Giant Head","floor":40.0,"turns":11.0},{"damage":29,"enemies":"3 Darklings","floor":42,"turns":3},{"damage":0,"enemies":"Spire Growth","floor":45,"turns":6},{"damage":0,"floor":46,"turns":6},{"damage":9,"enemies":"Maw","floor":47,"turns":6},{"damage":13,"enemies":"Transient","floor":48,"turns":5},{"damage":26,"enemies":"Donu and Deca","floor":50,"turns":4}],"seed_played":"-3039849921719175759","potions_obtained":[{"floor":4.0,"key":"Strength Potion"},{"floor":5.0,"key":"Block Potion"},{"floor":10.0,"key":"Dexterity Potion"},{"floor":11.0,"key":"PowerPotion"},{"floor":16.0,"key":"Strength Potion"},{"floor":18.0,"key":"FearPotion"},{"floor":20.0,"key":"Energy Potion"},{"floor":25.0,"key":"FocusPotion"},{"floor":28.0,"key":"Weak Potion"},{"floor":35.0,"key":"FocusPotion"},{"floor":37.0,"key":"Weak Potion"},{"floor":39.0,"key":"Block Potion"},{"floor":45,"key":"PowerPotion"}],"is_trial":false,"path_per_floor":["M","$","?","M","M","R","M","R","T","M","?","M","R","E","R","B",null,"M","M","M","M","?","R","M","M","T","R","M","R","M","$","R","B",null,"M","?","M","M","M","E","R","M","T","R","M","?","M","M","R","B"],"character_chosen":"DEFECT","items_purchased":["Conserve Battery","OrangePellets","FTL"],"campfire_rested":2,"item_purchase_floors":[2,31,31],"current_hp_per_floor":[67,67,64,64,64,64,64,64,64,64,64,63,63,64,64,25,68,68,56,31,24,24,24,23,27,27,44,52,52,49,49,49,53,56,57,57,57,55,51,55,55,37,37,37,50,56,57,44,57,31],"gold":374,"neow_bonus":"","is_prod":false,"is_daily":false,"chose_seed":false,"campfire_upgraded":9,"win_rate":0,"timestamp":1531355526,"path_taken":["M","?","?","M","?","R","M","R","T","M","?","M","R","E","R","BOSS","M","M","M","M","?","R","M","M","T","R","M","R","M","$","R","BOSS","M","?","M","M","M","E","R","M","T","R","M","?","?","?","R","BOSS"],"build_version":"2018-07-10","purchased_purges":2,"victory":true,"max_hp_per_floor":[75,75,75,75,75,75,75,75,75,75,75,75,75,82,82,82,82,82,82,82,82,57,57,57,57,57,57,57,57,57,57,57,57,57,57,57,57,57,57,57,57,57,57,57,57,57,57,57,57,57],"card_choices":[{"not_picked":["Streamline","Cold Snap"],"picked":"Go for the Eyes","floor":1.0},{"not_picked":["Stack","Beam Cell"],"picked":"Leap","floor":4.0},{"not_picked":["Static Discharge","Steam"],"picked":"Electrodynamics","floor":5.0},{"not_picked":["Sweeping Beam","Reprogram"],"picked":"Coolheaded","floor":7.0},{"not_picked":["Force Field","Melter","Steam Power"],"picked":"SKIP","floor":10.0},{"not_picked":["Beam Cell","Steam","Reprogram"],"picked":"SKIP","floor":12.0},{"not_picked":["Barrage","Reprogram"],"picked":"Machine Learning","floor":14.0},{"not_picked":["Hyperbeam","Thunder Strike"],"picked":"Biased Cognition","floor":16.0},{"not_picked":["Steam","Coolheaded"],"picked":"Defragment+1","floor":18.0},{"not_picked":["Redo","Beam Cell"],"picked":"Go for the Eyes","floor":19.0},{"not_picked":["Force Field+1","Barrage"],"picked":"Seek","floor":20.0},{"not_picked":["Steam","Blizzard+1"],"picked":"Leap","floor":21.0},{"not_picked":["Reinforced Body","Genetic Algorithm"],"picked":"Coolheaded","floor":24.0},{"not_picked":["Redo+1","Static Discharge+1"],"picked":"Ball Lightning","floor":25.0},{"not_picked":["Melter","Rebound+1"],"picked":"Auto Shields","floor":28.0},{"not_picked":["Streamline+1","Cold Snap+1"],"picked":"Creative AI","floor":30.0},{"not_picked":["Core Surge","Creative AI"],"picked":"Reboot","floor":33.0},{"not_picked":["Redo","Force Field+1"],"picked":"Self Repair","floor":35.0},{"not_picked":["Streamline+1","Steam+1","Rebound"],"picked":"SKIP","floor":37.0},{"not_picked":["Sweeping Beam+1","Reinforced Body"],"picked":"Coolheaded","floor":38.0},{"not_picked":["Undo","Double Energy","Barrage"],"picked":"SKIP","floor":39.0},{"not_picked":["Redo","Scrape"],"picked":"Electrodynamics","floor":40.0},{"not_picked":["Chaos","Storm"],"picked":"Coolheaded+1","floor":42},{"not_picked":["Steam+1","BootSequence"],"picked":"Leap+1","floor":45},{"not_picked":["Cold Snap+1","Barrage+1"],"picked":"Defragment+1","floor":46},{"not_picked":["Leap","Darkness"],"picked":"Go for the Eyes+1","floor":47},{"not_picked":["Stack","Tempest+1","Melter+1"],"picked":"SKIP","floor":47},{"not_picked":["Reinforced Body","Chill"],"picked":"Conserve Battery+1","floor":48},{"not_picked":["Rip and Tear+1","Melter+1","Fusion"],"picked":"SKIP","floor":48}],"player_experience":316092,"relics_obtained":[{"floor":9.0,"key":"Letter Opener"},{"floor":11.0,"key":"Odd Mushroom"},{"floor":14.0,"key":"Strawberry"},{"floor":26.0,"key":"Happy Flower"},{"floor":40.0,"key":"Art of War"},{"floor":43,"key":"Molten Egg 2"},{"floor":46,"key":"Prayer Wheel"}],"event_choices":[{"event_name":"Scrap Ooze","player_choice":"success","floor":3.0,"damage_taken":3.0},{"event_name":"Mushrooms","player_choice":"Fought Mushrooms","floor":11.0,"damage_taken":0.0},{"event_name":"Vampires","player_choice":"Became a vampire","floor":22.0,"damage_taken":0.0},{"event_name":"Upgrade Shrine","player_choice":"Upgraded","floor":36.0,"damage_taken":0.0},{"event_name":"MindBloom","player_choice":"Fight","floor":46,"damage_taken":0}],"boss_relics":[{"not_picked":["Philosopher\u0027s Stone","Empty Cage"],"picked":"Cursed Key"},{"not_picked":["Calling Bell","Black Star"],"picked":"FrozenCore"}],"items_purged_floors":[2,31],"is_endless":false,"potions_floor_spawned":[4,5,10,11,16,18,20,25,28,35,37,39,45,46,48],"ascension_level":9}