{"gold_per_floor":[118,136,57,74,86,86,102,122,145,72,92,92,107,122,122,225,225,242,97,114,44,54,54],"floor_reached":23,"playtime":1829,"items_purged":["Strike_B"],"score":255,"play_id":"2b17ad47-98ef-4b80-bee2-eeebf0b908bb","local_time":"20180629225420","is_ascension_mode":true,"campfire_choices":[{"data":"Zap","floor":6.0,"key":"SMITH"},{"floor":15.0,"key":"REST"}],"neow_cost":"","seed_source_timestamp":0,"circlet_count":0,"master_deck":["Strike_B","Strike_B","Strike_B","Defend_B","Defend_B","Defend_B","Defend_B","Zap+1","Dualcast","Consume","Cold Snap","Self Repair","Heatsinks","Cold Snap","Ball Lightning","Coolheaded","Static Discharge","BootSequence","Core Surge","Capacitor","Echo Form","Double Energy","Heatsinks","Capacitor","Defragment+1"],"special_seed":0,"relics":["Cracked Core","NeowsBlessing","Oddly Smooth Stone","Cursed Key"],"potions_floor_usage":[20,22],"damage_taken":[{"damage":0.0,"enemies":"Cultist","floor":1.0,"turns":1.0},{"damage":0.0,"enemies":"Small Slimes","floor":2.0,"turns":1.0},{"damage":0.0,"enemies":"2 Louse","floor":4.0,"turns":1.0},{"damage":18.0,"enemies":"2 Fungi Beasts","floor":5.0,"turns":4.0},{"damage":12.0,"enemies":"Blue Slaver","floor":7.0,"turns":3.0},{"damage":10.0,"enemies":"Red Slaver","floor":8.0,"turns":4.0},{"damage":13.0,"enemies":"3 Louse","floor":11.0,"turns":3.0},{"damage":0.0,"enemies":"2 Fungi Beasts","floor":13.0,"turns":3.0},{"damage":12.0,"enemies":"Large Slime","floor":14.0,"turns":5.0},{"damage":38.0,"enemies":"Slime Boss","floor":16.0,"turns":12.0},{"damage":13,"enemies":"3 Byrds","floor":18,"turns":3},{"damage":13,"enemies":"Shell Parasite","floor":20,"turns":6},{"damage":13,"enemies":"Centurion and Healer","floor":22,"turns":9},{"damage":44,"enemies":"Snake Plant","floor":23,"turns":5}],"seed_played":"6403401487166768411","potions_obtained":[{"floor":4.0,"key":"GamblersBrew"},{"floor":5.0,"key":"AttackPotion"},{"floor":7.0,"key":"GamblersBrew"},{"floor":16.0,"key":"Energy Potion"},{"floor":20,"key":"Weak Potion"},{"floor":22,"key":"FearPotion"}],"is_trial":false,"path_per_floor":["M","M","$","M","M","R","M","M","T","$","M","?","M","M","R","B",null,"M","$","M","$","M"],"character_chosen":"DEFECT","items_purchased":["Self Repair","Static Discharge","Heatsinks","Capacitor"],"campfire_rested":1,"item_purchase_floors":[],"current_hp_per_floor":[68,68,68,68,57,57,52,49,49,49,43,43,50,45,67,36,65,52,52,46,46,40,0],"gold":54,"neow_bonus":"","is_prod":false,"is_daily":false,"chose_seed":false,"campfire_upgraded":1,"win_rate":0,"timestamp":1530327260,"path_taken":["M","M","$","?","?","R","M","M","T","$","?","?","M","M","R","BOSS","M","$","?","?","M","M"],"build_version":"2018-06-28","purchased_purges":1,"victory":false,"max_hp_per_floor":[75,75,75,75,75,75,75,75,75,75,75,75,75,75,75,75,75,75,75,75,75,75,75],"card_choices":[{"not_picked":["Sweeping Beam","Beam Cell"],"picked":"Consume","floor":1.0},{"not_picked":["Streamline","Go for the Eyes"],"picked":"Cold Snap","floor":2.0},{"not_picked":["Compile Driver","Loop"],"picked":"Heatsinks","floor":4.0},{"not_picked":["Skim","Seek"],"picked":"Cold Snap","floor":5.0},{"not_picked":["Conserve Battery","Lockon"],"picked":"Ball Lightning","floor":7.0},{"not_picked":["Tempest","Compile Driver"],"picked":"Coolheaded","floor":8.0},{"not_picked":["Aggregate","Gash"],"picked":"BootSequence","floor":11.0},{"not_picked":["Leap","Sweeping Beam"],"picked":"Core Surge","floor":13.0},{"not_picked":["Self Repair","Chaos"],"picked":"Capacitor","floor":14.0},{"not_picked":["Meteor Strike","Rainbow"],"picked":"Echo Form","floor":16.0},{"not_picked":["Beam Cell","Steam"],"picked":"Double Energy","floor":18},{"not_picked":["Steam","Turbo","Barrage"],"picked":"SKIP","floor":20},{"not_picked":["Stack+1","Recycle"],"picked":"Defragment+1","floor":22}],"player_experience":867286,"relics_obtained":[{"floor":9.0,"key":"Oddly Smooth Stone"}],"event_choices":[{"event_name":"Shining Light","player_choice":"Ignored","floor":12.0,"damage_taken":0.0}],"boss_relics":[{"not_picked":["Pandora\u0027s Box","Nuclear Battery"],"picked":"Cursed Key"}],"items_purged_floors":[19],"is_endless":false,"potions_floor_spawned":[4,5,7,14,16,18,20,22],"killed_by":"Snake Plant","ascension_level":7}