{"gold_per_floor":[111,123,142,156,174,174,199,199,225,225,252,268,268,279,279,279],"floor_reached":16,"playtime":738,"items_purged":[],"score":137,"play_id":"0e1c66e9-d1ae-479b-96df-bf07c36f5598","local_time":"20180629092438","is_ascension_mode":true,"campfire_choices":[{"floor":6,"key":"REST"},{"floor":8,"key":"REST"},{"data":"Spot Weakness","floor":15,"key":"SMITH"}],"neow_cost":"","seed_source_timestamp":395000923547432,"circlet_count":0,"master_deck":["Strike_R","Strike_R","Strike_R","Strike_R","Strike_R","Defend_R","Defend_R","Defend_R","Defend_R","Bash","Spot Weakness+1","Iron Wave","Carnage","Perfected Strike","Iron Wave","Rampage","Carnage"],"relics":["Burning Blood","Calipers","Singing Bowl","Potion Belt","Boot"],"potions_floor_usage":[7,7,12,16],"damage_taken":[{"damage":8,"enemies":"2 Louse","floor":1,"turns":3},{"damage":20,"enemies":"Small Slimes","floor":2,"turns":3},{"damage":1,"enemies":"Cultist","floor":3,"turns":3},{"damage":18,"enemies":"3 Louse","floor":4,"turns":4},{"damage":7,"enemies":"Large Slime","floor":5,"turns":6},{"damage":30,"enemies":"Lagavulin","floor":7,"turns":4},{"damage":26,"enemies":"3 Sentries","floor":11,"turns":7},{"damage":0,"enemies":"Lots of Slimes","floor":12,"turns":2},{"damage":7,"enemies":"3 Louse","floor":14,"turns":3},{"damage":66,"enemies":"Hexaghost","floor":16,"turns":8}],"seed_played":"1348513901552898152","potions_obtained":[{"floor":1,"key":"LiquidBronze"},{"floor":4,"key":"Fire Potion"},{"floor":5,"key":"Explosive Potion"},{"floor":11,"key":"Poison Potion"}],"is_trial":false,"path_per_floor":["M","M","M","M","M","R","E","R","T","$","E","M","?","M","R"],"character_chosen":"IRONCLAD","items_purchased":[],"campfire_rested":2,"item_purchase_floors":[],"current_hp_per_floor":[78,64,69,57,56,80,56,80,80,80,62,68,65,66,66,0],"gold":279,"neow_bonus":"","is_prod":false,"is_daily":false,"chose_seed":false,"campfire_upgraded":1,"win_rate":0,"timestamp":1530278678,"path_taken":["M","M","M","M","M","R","E","R","T","$","E","M","?","M","R","BOSS"],"build_version":"2018-06-28","purchased_purges":0,"victory":false,"max_hp_per_floor":[80,80,80,80,80,80,80,80,80,80,82,82,82,84,84,84],"card_choices":[{"not_picked":["Iron Wave","Clash"],"picked":"Spot Weakness","floor":1},{"not_picked":["Sever Soul","Shockwave"],"picked":"Iron Wave","floor":2},{"not_picked":["Armaments","Wild Strike"],"picked":"Carnage","floor":3},{"not_picked":["Searing Blow","Fire Breathing"],"picked":"Perfected Strike","floor":4},{"not_picked":["Body Slam","Disarm"],"picked":"Iron Wave","floor":5},{"not_picked":["Warcry","Impervious"],"picked":"Rampage","floor":7},{"not_picked":["Sword Boomerang","Cleave","Spot Weakness"],"picked":"Singing Bowl","floor":11},{"not_picked":["Second Wind","Evolve"],"picked":"Carnage","floor":12},{"not_picked":["Clothesline","True Grit","Heavy Blade"],"picked":"Singing Bowl","floor":14}],"player_experience":844469,"relics_obtained":[{"floor":7,"key":"Calipers"},{"floor":9,"key":"Singing Bowl"},{"floor":11,"key":"Potion Belt"}],"event_choices":[{"event_name":"Scrap Ooze","player_choice":"success","floor":13,"damage_taken":3}],"boss_relics":[],"items_purged_floors":[],"is_endless":false,"potions_floor_spawned":[1,4,5,7,11],"killed_by":"Hexaghost","ascension_level":4}