{"gold_per_floor":[110,120,295,295,295,323,337,354,354,193,205,205,205,223,223,326,326,344,344,344,344,358,358,138,138,164,183,183,183,203,228,228,328,328,339,356,274,287,287,287,313,313,360,360,360,373,373,50,50,50],"floor_reached":51,"playtime":1662,"items_purged":["Doubt"],"score":718,"play_id":"e27829d2-8f2c-4239-a842-e824e8fda8c3","local_time":"20180809220207","is_ascension_mode":false,"campfire_choices":[{"floor":12.0,"key":"REST"},{"data":"Infinite Blades","floor":15.0,"key":"SMITH"},{"data":"Neutralize","floor":23.0,"key":"SMITH"},{"data":"Skewer","floor":25.0,"key":"SMITH"},{"data":"Cloak And Dagger","floor":28.0,"key":"SMITH"},{"floor":32.0,"key":"REST"},{"data":"Finisher","floor":40,"key":"SMITH"},{"floor":42,"key":"REST"},{"floor":45,"key":"REST"},{"floor":49,"key":"REST"}],"neow_cost":"NONE","seed_source_timestamp":0,"circlet_count":0,"master_deck":["Defend_G+1","Defend_G+1","Defend_G+1","Defend_G+1","Defend_G+1","Strike_G+1","Strike_G+1","Survivor","Neutralize+1","Skewer+1","Leg Sweep","Flying Knee","Noxious Fumes","Endless Agony","Dagger Spray","Infinite Blades+1","Glass Knife","Quick Slash+1","Escape Plan","Cloak And Dagger+1","Dagger Spray+1","Blade Dance+1","Backstab","Finisher+1","Dramatic Entrance","Backstab+1","PiercingWail","Madness","Madness","Well Laid Plans","Cloak And Dagger"],"special_seed":0,"relics":["Ring of the Snake","NeowsBlessing","Bag of Preparation","Shuriken","Potion Belt","Empty Cage","Lantern","Snake Skull","Ancient Tea Set","Darkstone Periapt","WristBlade","Pen Nib","Art of War","Bottled Flame"],"potions_floor_usage":[50,50,50,50,50,50],"damage_taken":[{"damage":0.0,"enemies":"Jaw Worm","floor":1.0,"turns":1.0},{"damage":0.0,"enemies":"Small Slimes","floor":2.0,"turns":1.0},{"damage":0.0,"enemies":"Lagavulin","floor":6.0,"turns":1.0},{"damage":0.0,"enemies":"Cultist","floor":7.0,"turns":3.0},{"damage":6.0,"enemies":"Exordium Thugs","floor":8.0,"turns":6.0},{"damage":0.0,"enemies":"3 Louse","floor":11.0,"turns":2.0},{"damage":0.0,"enemies":"Red Slaver","floor":14.0,"turns":5.0},{"damage":14.0,"enemies":"The Guardian","floor":16.0,"turns":9.0},{"damage":0.0,"enemies":"Shell Parasite","floor":18.0,"turns":5.0},{"damage":0.0,"enemies":"Chosen","floor":22.0,"turns":4.0},{"damage":3.0,"enemies":"Snake Plant","floor":27.0,"turns":3.0},{"damage":9.0,"enemies":"Slaver and Parasite","floor":30.0,"turns":4.0},{"damage":22.0,"enemies":"Gremlin Leader","floor":31.0,"turns":7.0},{"damage":29.0,"enemies":"Champ","floor":33.0,"turns":10.0},{"damage":7,"enemies":"Orb Walker","floor":35,"turns":3},{"damage":1,"enemies":"Flame Bruiser 1 Orb","floor":36,"turns":4},{"damage":5,"enemies":"Sphere and 2 Shapes","floor":38,"turns":3},{"damage":22,"enemies":"Giant Head","floor":41,"turns":6},{"damage":0,"enemies":"Flame Bruiser 2 Orb","floor":46,"turns":1},{"damage":43,"enemies":"Awakened One","floor":50,"turns":7}],"seed_played":"1446052013445216815","potions_obtained":[{"floor":1.0,"key":"Strength Potion"},{"floor":6.0,"key":"Swift Potion"},{"floor":8.0,"key":"Block Potion"},{"floor":16.0,"key":"FearPotion"},{"floor":20.0,"key":"Poison Potion"},{"floor":20.0,"key":"PowerPotion"},{"floor":20.0,"key":"Energy Potion"},{"floor":22.0,"key":"EntropicBrew"},{"floor":31.0,"key":"Weak Potion"},{"floor":35,"key":"Strength Potion"},{"floor":41,"key":"EssenceOfSteel"}],"is_trial":false,"path_per_floor":["M","M","?","?","?","E","M","M","T","$","M","R","?","M","R","B",null,"M","?","?","T","M","R","$","R","T","M","R","?","M","E","R","B",null,"M","M","$","M","?","R","E","R","T","?","R","M","?","$","R","B"],"character_chosen":"THE_SILENT","items_purchased":["Endless Agony","Dagger Spray","Snake Skull","Escape Plan","Backstab","Well Laid Plans","Cloak And Dagger","Bottled Flame"],"campfire_rested":5,"item_purchase_floors":[10,10,24,24,37,48,48,48],"current_hp_per_floor":[70,70,70,45,31,31,31,25,25,25,25,46,46,46,46,32,70,70,70,70,70,70,70,70,70,70,67,67,67,58,36,57,28,70,63,62,62,57,57,57,35,56,56,56,70,70,61,61,70,27],"gold":50,"neow_bonus":"THREE_ENEMY_KILL","is_prod":false,"is_daily":false,"chose_seed":false,"campfire_upgraded":5,"win_rate":0,"timestamp":1533844927,"path_taken":["M","M","?","?","?","E","?","M","T","$","M","R","?","M","R","BOSS","M","?","?","?","M","R","$","R","T","M","R","?","M","E","R","BOSS","BOSS","M","M","$","M","?","R","E","R","T","?","R","M","?","$","R","BOSS"],"build_version":"2018-08-02","purchased_purges":1,"victory":true,"max_hp_per_floor":[70,70,70,70,70,70,70,70,70,70,70,70,70,70,70,70,70,70,70,70,70,70,70,70,70,70,70,70,70,70,70,70,70,70,70,70,70,70,70,70,70,70,70,70,70,70,70,70,70,70],"card_choices":[{"not_picked":["Well Laid Plans","Blade Dance"],"picked":"Skewer","floor":1.0},{"not_picked":["Blade Dance","Flying Knee"],"picked":"Leg Sweep","floor":2.0},{"not_picked":["Finisher","Choke"],"picked":"Flying Knee","floor":6.0},{"not_picked":["Dagger Throw","Poisoned Stab"],"picked":"Noxious Fumes","floor":7.0},{"not_picked":["Calculated Gamble","Deadly Poison","Outmaneuver"],"picked":"SKIP","floor":8.0},{"not_picked":["Crippling Poison","Quick Slash"],"picked":"Infinite Blades","floor":11.0},{"not_picked":["Underhanded Strike","Burst","Slice"],"picked":"SKIP","floor":14.0},{"not_picked":["Unload","Grand Finale"],"picked":"Glass Knife","floor":16.0},{"not_picked":["Bane","Riddle With Holes+1"],"picked":"Quick Slash+1","floor":18.0},{"not_picked":["Slice","Heel Hook","Flechettes"],"picked":"SKIP","floor":22.0},{"not_picked":["Dash","Bouncing Flask"],"picked":"Cloak And Dagger","floor":27.0},{"not_picked":["Dodge and Roll","Endless Agony","Masterful Stab+1"],"picked":"SKIP","floor":30.0},{"not_picked":["Reflex","Outmaneuver+1","Flying Knee"],"picked":"SKIP","floor":31.0},{"not_picked":["Accuracy","Dagger Throw+1"],"picked":"Dagger Spray+1","floor":35},{"not_picked":["All Out Attack","Flying Knee+1"],"picked":"Blade Dance+1","floor":36},{"not_picked":["Flechettes","Outmaneuver+1"],"picked":"Finisher","floor":38},{"not_picked":["Flash of Steel","Dark Shackles"],"picked":"Dramatic Entrance","floor":39},{"not_picked":["Choke","Flechettes+1"],"picked":"Backstab+1","floor":41},{"not_picked":["Dagger Spray+1","Catalyst+1"],"picked":"PiercingWail","floor":46}],"player_experience":1299086,"relics_obtained":[{"floor":6.0,"key":"Shuriken"},{"floor":9.0,"key":"Potion Belt"},{"floor":21.0,"key":"Lantern"},{"floor":26.0,"key":"Ancient Tea Set"},{"floor":31.0,"key":"Darkstone Periapt"},{"floor":41,"key":"Pen Nib"},{"floor":43,"key":"Art of War"}],"event_choices":[{"event_name":"Liars Game","player_choice":"agreed","floor":3.0,"damage_taken":0.0},{"event_name":"Scrap Ooze","player_choice":"success","floor":4.0,"damage_taken":25.0},{"event_name":"Shining Light","player_choice":"Entered Light","floor":5.0,"damage_taken":0.0},{"event_name":"Purifier","player_choice":"One Purge","floor":13.0,"damage_taken":0.0},{"event_name":"Drug Dealer","player_choice":"Ignored","floor":19.0,"damage_taken":0.0},{"event_name":"The Lab","player_choice":"Got Potions","floor":20.0,"damage_taken":0.0},{"event_name":"Back to Basics","player_choice":"Simplicity","floor":29.0,"damage_taken":0.0},{"event_name":"SensoryStone","player_choice":"Memory 1","floor":39,"damage_taken":0},{"event_name":"Tomb of Lord Red Mask","player_choice":"Ignored","floor":44,"damage_taken":0},{"event_name":"Winding Halls","player_choice":"Embrace Madness","floor":47,"damage_taken":0}],"is_beta":false,"boss_relics":[{"not_picked":["Ring of the Serpent","Coffee Dripper"],"picked":"Empty Cage"},{"not_picked":["Black Star","Orrery"],"picked":"WristBlade"}],"items_purged_floors":[10],"is_endless":false,"potions_floor_spawned":[1,6,8,16,22,31,35,41],"ascension_level":0}