{"gold_per_floor":[119,172,172,49,60,60,93,106,130,130,148,148,148,158,158,256,256,274,274,274,286,59,0,0],"floor_reached":24,"playtime":746,"items_purged":[],"score":194,"play_id":"2242b76e-2a3e-4d7e-9dc8-f43dd60479ba","local_time":"20180808105433","is_ascension_mode":false,"campfire_choices":[{"data":"Neutralize","floor":6,"key":"SMITH"},{"floor":13,"key":"REST"},{"data":"Slice","floor":15,"key":"SMITH"},{"data":"Blind","floor":24,"key":"SMITH"}],"neow_cost":"NONE","seed_source_timestamp":49049353244952,"circlet_count":0,"master_deck":["Defend_G","Defend_G","Defend_G","Defend_G+1","Defend_G","Strike_G","Strike_G","Strike_G","Strike_G","Strike_G","Survivor","Neutralize+1","Slice","Backflip+1","Slice+1","Quick Slash","Poisoned Stab","Acrobatics","Dagger Spray","Dagger Spray","Dagger Spray","RitualDagger","Acrobatics","Acrobatics","Cloak And Dagger","Poisoned Stab","Blind+1"],"relics":["Ring of the Snake","Omamori","Bag of Marbles","Tingsha","Vajra","Darkstone Periapt","Cursed Key"],"potions_floor_usage":[7,16,16,16],"damage_taken":[{"damage":0,"enemies":"Cultist","floor":1,"turns":4},{"damage":0,"enemies":"Small Slimes","floor":5,"turns":2},{"damage":11,"enemies":"3 Sentries","floor":7,"turns":6},{"damage":1,"enemies":"Jaw Worm","floor":8,"turns":2},{"damage":0,"enemies":"Exordium Wildlife","floor":11,"turns":2},{"damage":0,"enemies":"Gremlin Gang","floor":14,"turns":1},{"damage":1,"enemies":"Slime Boss","floor":16,"turns":7},{"damage":0,"enemies":"Shell Parasite","floor":18,"turns":2},{"damage":2,"enemies":"2 Thieves","floor":21,"turns":2}],"seed_played":"-2341334282163374937","potions_obtained":[{"floor":1,"key":"PowerPotion"},{"floor":3,"key":"SpeedPotion"},{"floor":3,"key":"LiquidBronze"},{"floor":3,"key":"AttackPotion"},{"floor":8,"key":"Explosive Potion"},{"floor":11,"key":"EssenceOfSteel"}],"is_trial":false,"path_per_floor":["M","T","?","$","M","R","E","M","T","?","M","?","R","M","R","B",null,"M","?","?","M","$","?"],"character_chosen":"THE_SILENT","items_purchased":["Backflip","Slice","Quick Slash","Acrobatics","Cloak And Dagger","Poisoned Stab","Blind"],"campfire_rested":1,"item_purchase_floors":[4,4,4,22,22,22,22],"current_hp_per_floor":[70,70,70,70,70,70,59,58,58,46,46,32,53,53,53,52,70,70,64,64,62,62,62,62],"gold":0,"neow_bonus":"RANDOM_COMMON_RELIC","is_prod":false,"is_daily":false,"chose_seed":false,"campfire_upgraded":3,"win_rate":0,"timestamp":1533691473,"path_taken":["M","?","?","?","?","R","E","?","T","?","M","?","R","M","R","BOSS","M","?","?","M","?","?","R"],"build_version":"2018-08-02","purchased_purges":0,"victory":false,"max_hp_per_floor":[70,70,70,70,70,70,70,70,70,70,70,70,70,70,70,70,70,70,70,70,70,70,70,70],"card_choices":[{"not_picked":["Choke","Bouncing Flask"],"picked":"Slice","floor":1},{"not_picked":["PiercingWail","Dodge and Roll"],"picked":"Poisoned Stab","floor":5},{"not_picked":["Outmaneuver","Poisoned Stab"],"picked":"Acrobatics","floor":7},{"not_picked":["Leg Sweep","Dodge and Roll"],"picked":"Dagger Spray","floor":8},{"not_picked":["Catalyst","Backstab","Crippling Poison"],"picked":"SKIP","floor":11},{"not_picked":["Dagger Throw","Escape Plan"],"picked":"Dagger Spray","floor":14},{"not_picked":["Outmaneuver","Caltrops"],"picked":"Dagger Spray","floor":18},{"not_picked":["Outmaneuver","Deadly Poison"],"picked":"Acrobatics","floor":21}],"player_experience":292119,"relics_obtained":[{"floor":2,"key":"Bag of Marbles"},{"floor":7,"key":"Tingsha"},{"floor":9,"key":"Vajra"}],"event_choices":[{"event_name":"The Lab","player_choice":"Got Potions","floor":3,"damage_taken":0},{"event_name":"Scrap Ooze","player_choice":"success","floor":10,"damage_taken":12},{"event_name":"Shining Light","player_choice":"Entered Light","floor":12,"damage_taken":0},{"event_name":"Nest","player_choice":"Joined the Cult","floor":19,"damage_taken":0},{"event_name":"Ghosts","player_choice":"Ignored","floor":20,"damage_taken":0},{"event_name":"Masked Bandits","player_choice":"Paid Bandits 59 gold","floor":23,"damage_taken":0}],"is_beta":false,"boss_relics":[{"not_picked":["White Beast Statue","Lizard Tail"],"picked":"Cursed Key"}],"items_purged_floors":[],"is_endless":false,"potions_floor_spawned":[1,8,11],"ascension_level":0}