{"gold_per_floor":[119,119,133,152,152,185,135,153,176,26,38,38,14,31,31,126,126,145,74,74,87,105,105,138,59,127,146,245,258,271,284,284,387,387,397,309,320,335,353,381,399,399,399,499,534,552,552],"floor_reached":47,"playtime":4425,"items_purged":[],"score":638,"play_id":"95227b5b-32d5-45b6-b90e-e9f8a51bd743","local_time":"20190104134551","is_ascension_mode":false,"campfire_choices":[{"floor":12.0,"key":"REST"},{"data":"Armaments","floor":15.0,"key":"SMITH"},{"data":"Dark Embrace","floor":23.0,"key":"SMITH"},{"floor":32.0,"key":"REST"},{"data":"Barricade","floor":42.0,"key":"SMITH"}],"neow_cost":"NONE","seed_source_timestamp":0,"circlet_count":0,"master_deck":["Strike_R","Strike_R","Defend_R","Defend_R","Defend_R","Defend_R","Bash","Berserk","Twin Strike","Impervious","Armaments","Burning Pact","Metallicize","Feel No Pain","Sword Boomerang","Shrug It Off","Cleave","Metallicize","Clothesline","Shockwave","Armaments+1","Shrug It Off","Dark Embrace+1","Havoc+1","Whirlwind","Pommel Strike+1","Second Wind+1","Disarm","Impervious","Corruption+1","Intimidate+1","Barricade+1","Feed","Pommel Strike+1","Havoc+1","Disarm","Armaments","Parasite","Warcry+1","Writhe","Inflame","Sentinel"],"special_seed":0,"relics":["Burning Blood","Dream Catcher","Ancient Tea Set","Sozu","Orichalcum","Ornamental Fan","Cursed Key","Self Forming Clay","Art of War","StoneCalendar","Juzu Bracelet"],"potions_floor_usage":[],"damage_taken":[{"damage":6.0,"enemies":"Small Slimes","floor":1.0,"turns":3.0},{"damage":1.0,"enemies":"Cultist","floor":3.0,"turns":3.0},{"damage":6.0,"enemies":"2 Louse","floor":4.0,"turns":2.0},{"damage":44.0,"enemies":"3 Sentries","floor":6.0,"turns":11.0},{"damage":26.0,"enemies":"Exordium Wildlife","floor":8.0,"turns":5.0},{"damage":1.0,"enemies":"Red Slaver","floor":11.0,"turns":4.0},{"damage":2.0,"enemies":"2 Fungi Beasts","floor":14.0,"turns":4.0},{"damage":11.0,"enemies":"The Guardian","floor":16.0,"turns":17.0},{"damage":13.0,"enemies":"Chosen","floor":18.0,"turns":6.0},{"damage":17.0,"enemies":"Spheric Guardian","floor":21.0,"turns":8.0},{"damage":6.0,"enemies":"Centurion and Healer","floor":22.0,"turns":10.0},{"damage":29.0,"enemies":"Gremlin Leader","floor":24.0,"turns":7.0},{"damage":6.0,"enemies":"Snake Plant","floor":27.0,"turns":6.0},{"damage":2.0,"enemies":"Shelled Parasite and Fungi","floor":29.0,"turns":6.0},{"damage":17.0,"enemies":"3 Cultists","floor":30.0,"turns":7.0},{"damage":15.0,"enemies":"Cultist and Chosen","floor":31.0,"turns":10.0},{"damage":0.0,"enemies":"Champ","floor":33.0,"turns":16.0},{"damage":0.0,"enemies":"3 Shapes","floor":35.0,"turns":5.0},{"damage":0.0,"enemies":"3 Darklings","floor":37.0,"turns":6.0},{"damage":39.0,"enemies":"Sphere and 2 Shapes","floor":38.0,"turns":7.0},{"damage":23.0,"enemies":"Transient","floor":39.0,"turns":5.0},{"damage":8.0,"enemies":"Nemesis","floor":40.0,"turns":7.0},{"damage":4.0,"enemies":"Writhing Mass","floor":41.0,"turns":8.0},{"damage":1.0,"enemies":"Mind Bloom Boss Battle","floor":44.0,"turns":9.0},{"damage":43.0,"enemies":"Reptomancer","floor":45.0,"turns":6.0},{"damage":8.0,"enemies":"Maw","floor":46.0,"turns":9.0},{"damage":24,"enemies":"Jaw Worm Horde","floor":47,"turns":2}],"seed_played":"1875690929402821918","potions_obtained":[{"floor":1.0,"key":"PowerPotion"},{"floor":6.0,"key":"Explosive Potion"},{"floor":8.0,"key":"Weak Potion"},{"floor":11.0,"key":"Weak Potion"}],"is_trial":false,"path_per_floor":["M","?","M","M","?","E","?","M","T","$","M","R","$","M","R","B",null,"M","$","?","M","M","R","E","$","T","M","?","M","M","M","R","B",null,"M","?","M","M","M","E","M","R","T","?","E","M","M"],"character_chosen":"IRONCLAD","items_purchased":["Shrug It Off","Cleave","Metallicize","Armaments","Whirlwind","Disarm"],"campfire_rested":2,"item_purchase_floors":[10,10,10,13,19,25],"current_hp_per_floor":[80,80,80,80,73,35,35,15,15,15,20,44,44,48,48,43,80,73,73,73,62,62,62,39,39,39,39,39,43,32,23,47,53,80,83,83,83,54,37,35,41,41,41,50,16,18,0],"gold":552,"neow_bonus":"ONE_RANDOM_RARE_CARD","is_prod":false,"is_daily":false,"chose_seed":false,"campfire_upgraded":3,"win_rate":0,"timestamp":1546627551,"path_taken":["M","?","M","?","?","E","?","?","T","?","M","R","$","M","R","BOSS","M","$","?","M","?","R","E","?","T","M","?","?","M","M","R","BOSS","M","?","M","?","M","E","M","R","T","?","E","M","M"],"build_version":"2019-01-03v3","purchased_purges":0,"victory":false,"max_hp_per_floor":[80,80,80,80,80,80,80,80,80,80,80,80,80,80,80,80,80,80,80,80,80,80,80,80,80,80,80,80,80,80,80,80,80,80,83,83,83,87,87,87,91,91,91,95,98,102,102],"card_choices":[{"not_picked":["Rupture","Sentinel"],"picked":"Twin Strike","floor":1.0},{"not_picked":["Ghostly Armor","Headbutt"],"picked":"Burning Pact","floor":3.0},{"not_picked":["Flame Barrier","Wild Strike"],"picked":"Metallicize","floor":4.0},{"not_picked":["Power Through","Armaments"],"picked":"Feel No Pain","floor":6.0},{"not_picked":["Shockwave","Power Through"],"picked":"Sword Boomerang","floor":8.0},{"not_picked":["Thunderclap","Heavy Blade"],"picked":"Clothesline","floor":11.0},{"not_picked":["Armaments","Cleave"],"picked":"Shockwave","floor":12.0},{"not_picked":["Sword Boomerang","Shockwave"],"picked":"Shrug It Off","floor":14.0},{"not_picked":["Immolate","Berserk"],"picked":"Dark Embrace","floor":16.0},{"not_picked":["Pummel","Shrug It Off"],"picked":"Havoc+1","floor":18.0},{"not_picked":["Iron Wave+1","Heavy Blade+1"],"picked":"Pommel Strike+1","floor":21.0},{"not_picked":["Whirlwind","Hemokinesis","Wild Strike+1"],"picked":"SKIP","floor":22.0},{"not_picked":["Pommel Strike","Heavy Blade+1"],"picked":"Second Wind+1","floor":24.0},{"not_picked":["Burning Pact","Thunderclap"],"picked":"Impervious","floor":27.0},{"not_picked":["Clothesline+1","True Grit"],"picked":"Corruption+1","floor":29.0},{"not_picked":["Hemokinesis","Clothesline+1"],"picked":"Intimidate+1","floor":30.0},{"not_picked":["Anger","Headbutt","Sword Boomerang+1"],"picked":"SKIP","floor":31.0},{"not_picked":["Entrench+1","True Grit"],"picked":"Barricade","floor":32.0},{"not_picked":["Juggernaut","Limit Break"],"picked":"Feed","floor":33.0},{"not_picked":["Sword Boomerang","Wild Strike+1"],"picked":"Pommel Strike+1","floor":35.0},{"not_picked":["Second Wind+1","Wild Strike+1"],"picked":"Havoc+1","floor":37.0},{"not_picked":["Intimidate+1","Hemokinesis+1"],"picked":"Disarm","floor":38.0},{"not_picked":["Heavy Blade","Reckless Charge+1","Pommel Strike"],"picked":"SKIP","floor":39.0},{"not_picked":["Combust+1","Sever Soul+1"],"picked":"Armaments","floor":40.0},{"not_picked":["Heavy Blade","Sentinel+1"],"picked":"Warcry+1","floor":41.0},{"not_picked":["Anger+1","Heavy Blade+1"],"picked":"Inflame","floor":44.0},{"not_picked":["Hemokinesis+1","Heavy Blade+1"],"picked":"Sentinel","floor":45.0},{"not_picked":["Uppercut","Anger+1","Headbutt+1"],"picked":"SKIP","floor":46.0}],"player_experience":2002712,"relics_obtained":[{"floor":6.0,"key":"Dream Catcher"},{"floor":9.0,"key":"Ancient Tea Set"},{"floor":24.0,"key":"Orichalcum"},{"floor":26.0,"key":"Ornamental Fan"},{"floor":40.0,"key":"Art of War"},{"floor":44.0,"key":"StoneCalendar"},{"floor":45.0,"key":"Juzu Bracelet"}],"event_choices":[{"damage_healed":0.0,"max_hp_gain":0.0,"max_hp_loss":0.0,"gold_gain":0.0,"event_name":"Match and Keep!","player_choice":"2 cards matched","floor":2.0,"gold_loss":0.0,"damage_taken":0.0,"cards_obtained":["Impervious","Armaments"]},{"cards_removed":["Strike_R"],"damage_healed":0.0,"max_hp_gain":0.0,"max_hp_loss":0.0,"gold_gain":0.0,"event_name":"Golden Wing","player_choice":"Card Removal","floor":5.0,"gold_loss":0.0,"damage_taken":7.0},{"cards_removed":["Strike_R"],"damage_healed":0.0,"max_hp_gain":0.0,"max_hp_loss":0.0,"gold_gain":0.0,"event_name":"The Cleric","player_choice":"Card Removal","floor":7.0,"gold_loss":50.0,"damage_taken":0.0},{"cards_removed":["Strike_R"],"damage_healed":0.0,"max_hp_gain":0.0,"max_hp_loss":0.0,"gold_gain":0.0,"event_name":"Purifier","player_choice":"Purged","floor":20.0,"gold_loss":0.0,"damage_taken":0.0},{"damage_healed":0.0,"max_hp_gain":0.0,"max_hp_loss":0.0,"gold_gain":99.0,"event_name":"Nest","player_choice":"Stole From Cult","floor":28.0,"gold_loss":0.0,"damage_taken":0.0},{"damage_healed":0.0,"max_hp_gain":0.0,"max_hp_loss":0.0,"gold_gain":0.0,"event_name":"WeMeetAgain","player_choice":"Paid Gold","floor":36.0,"gold_loss":88.0,"damage_taken":0.0,"relics_obtained":["Self Forming Clay"]},{"damage_healed":0.0,"max_hp_gain":0.0,"max_hp_loss":0.0,"gold_gain":0.0,"event_name":"MindBloom","player_choice":"Fight","floor":44.0,"gold_loss":0.0,"damage_taken":0.0}],"is_beta":false,"boss_relics":[{"not_picked":["Astrolabe","Runic Pyramid"],"picked":"Sozu"},{"not_picked":["Eternal Feather","Lizard Tail"],"picked":"Cursed Key"}],"items_purged_floors":[],"is_endless":false,"potions_floor_spawned":[1,6,8,11,18,31,40,41,45,46],"killed_by":"Jaw Worm Horde","ascension_level":0}