{"gold_per_floor":[112,127,127,146,163,163,196,196,196,196],"floor_reached":10,"playtime":419,"items_purged":[],"score":99,"play_id":"0a295768-3f94-44ed-a31f-40469afd15ea","local_time":"20180806082835","is_ascension_mode":true,"campfire_choices":[{"data":"Neutralize","floor":6,"key":"SMITH"}],"neow_cost":"NONE","seed_source_timestamp":1004269180581314,"circlet_count":0,"master_deck":["Defend_G","Defend_G","Defend_G","Defend_G","Defend_G","Strike_G","Strike_G","Strike_G","Strike_G","Survivor","Neutralize+1","Backflip","Die Die Die","Unload+1","Deadly Poison","Deadly Poison"],"relics":["Velvet Choker","Bag of Preparation","Dodecahedron"],"potions_floor_usage":[10,10],"damage_taken":[{"damage":4,"enemies":"Jaw Worm","floor":1,"turns":5},{"damage":0,"enemies":"Cultist","floor":2,"turns":4},{"damage":0,"enemies":"Small Slimes","floor":4,"turns":2},{"damage":5,"enemies":"Gremlin Gang","floor":5,"turns":4},{"damage":26,"enemies":"Gremlin Nob","floor":7,"turns":4},{"damage":28,"enemies":"Lagavulin","floor":10,"turns":3}],"seed_played":"-412459202478470192","potions_obtained":[{"floor":2,"key":"Dexterity Potion"},{"floor":7,"key":"AttackPotion"}],"is_trial":false,"path_per_floor":["M","M","?","M","M","R","E","?","T"],"character_chosen":"THE_SILENT","items_purchased":[],"campfire_rested":0,"item_purchase_floors":[],"current_hp_per_floor":[59,59,59,59,54,54,28,28,28,0],"gold":196,"neow_bonus":"BOSS_RELIC","is_prod":false,"is_daily":false,"chose_seed":false,"campfire_upgraded":1,"win_rate":0,"timestamp":1533558515,"path_taken":["M","M","?","M","M","R","E","?","T","E"],"build_version":"2018-08-02","purchased_purges":0,"victory":false,"max_hp_per_floor":[70,70,70,70,70,70,70,70,70,70],"card_choices":[{"not_picked":["Quick Slash","Deflect"],"picked":"Backflip","floor":1},{"not_picked":["Sucker Punch","Prepared"],"picked":"Die Die Die","floor":2},{"not_picked":["PiercingWail","Poisoned Stab"],"picked":"Deadly Poison","floor":4},{"not_picked":["Escape Plan","Cloak And Dagger"],"picked":"Deadly Poison","floor":5},{"not_picked":["Sucker Punch","Prepared","Bane"],"picked":"SKIP","floor":7}],"player_experience":1440244,"relics_obtained":[{"floor":7,"key":"Bag of Preparation"},{"floor":9,"key":"Dodecahedron"}],"event_choices":[{"event_name":"Transmorgrifier","player_choice":"Transform","floor":3,"damage_taken":0},{"event_name":"Upgrade Shrine","player_choice":"Upgraded","floor":8,"damage_taken":0}],"is_beta":false,"boss_relics":[],"items_purged_floors":[],"is_endless":false,"potions_floor_spawned":[2,5,7],"killed_by":"Lagavulin","ascension_level":9}