{"gold_per_floor":[119,119,119,28,28,28,48,68,68,12,12,46,60,73,73,169,169,187,277,64,82,82],"floor_reached":22,"playtime":849,"items_purged":[],"score":350,"play_id":"8451d3a6-e122-4c27-87ca-420b4f388635","local_time":"20181224081223","is_ascension_mode":true,"campfire_choices":[{"floor":6,"key":"REST"},{"data":"Storm","floor":11,"key":"SMITH"},{"floor":15,"key":"REST"}],"neow_cost":"NONE","seed_source_timestamp":362476516140043,"circlet_count":0,"master_deck":["AscendersBane","Strike_B","Strike_B","Strike_B","Strike_B","Defend_B","Defend_B","Defend_B","Defend_B","Zap","Dualcast","Melter","Storm+1","Steam","Conserve Battery","Streamline","Ball Lightning","Glacier","Echo Form","Self Repair","Creative AI","Cold Snap"],"relics":["Velvet Choker","Golden Idol","Mango","Orichalcum","Busted Crown","PrismaticShard"],"potions_floor_usage":[12,12,14,18],"damage_taken":[{"damage":0,"enemies":"2 Louse","floor":1,"turns":3},{"damage":1,"enemies":"Jaw Worm","floor":7,"turns":3},{"damage":4,"enemies":"Small Slimes","floor":8,"turns":4},{"damage":28,"enemies":"3 Sentries","floor":12,"turns":8},{"damage":7,"enemies":"Blue Slaver","floor":13,"turns":4},{"damage":0,"enemies":"Lots of Slimes","floor":14,"turns":2},{"damage":25,"enemies":"The Guardian","floor":16,"turns":10},{"damage":21,"enemies":"2 Thieves","floor":18,"turns":3},{"damage":5,"enemies":"3 Byrds","floor":21,"turns":4},{"damage":34,"enemies":"Snake Plant","floor":22,"turns":3}],"seed_played":"8508783637059437266","potions_obtained":[{"floor":1,"key":"Fire Potion"},{"floor":7,"key":"PowerPotion"},{"floor":12,"key":"Explosive Potion"},{"floor":16,"key":"Fire Potion"},{"floor":21,"key":"LiquidBronze"}],"is_trial":false,"path_per_floor":["M","?","?","$","?","R","M","M","T","$","R","E","M","M","R","B",null,"M","?","$","M","M"],"character_chosen":"DEFECT","items_purchased":["Storm","Steam","Ball Lightning","PrismaticShard"],"campfire_rested":2,"item_purchase_floors":[4,4,10,20],"current_hp_per_floor":[64,64,64,64,40,61,60,56,70,70,70,42,35,35,60,49,76,55,39,39,34,0],"gold":82,"neow_bonus":"BOSS_RELIC","is_prod":false,"is_daily":false,"chose_seed":false,"campfire_upgraded":1,"win_rate":0,"timestamp":1545657143,"path_taken":["M","?","?","$","?","R","M","M","T","?","R","E","?","M","R","BOSS","M","?","$","M","?"],"build_version":"2018-12-20","purchased_purges":0,"victory":false,"max_hp_per_floor":[71,71,71,71,71,71,71,71,85,85,85,85,85,85,85,85,85,85,85,85,85,85],"card_choices":[{"not_picked":["Loop","Redo"],"picked":"Melter","floor":1},{"not_picked":["Ball Lightning","Sweeping Beam"],"picked":"Conserve Battery","floor":7},{"not_picked":["Beam Cell","Melter"],"picked":"Streamline","floor":8},{"not_picked":["Auto Shields","Steam Power"],"picked":"Glacier","floor":12},{"not_picked":["Rip and Tear","Stack"],"picked":"Echo Form","floor":13},{"not_picked":["Conserve Battery","Stack"],"picked":"Self Repair","floor":14},{"not_picked":["Biased Cognition","Seek"],"picked":"Creative AI","floor":16},{"not_picked":[],"picked":"Cold Snap","floor":18},{"not_picked":["Prepared"],"picked":"SKIP","floor":21}],"player_experience":1949525,"relics_obtained":[{"floor":9,"key":"Mango"},{"floor":12,"key":"Orichalcum"}],"event_choices":[{"damage_healed":0,"gold_gain":0,"player_choice":"Ignored","damage_taken":0,"max_hp_gain":0,"max_hp_loss":0,"event_name":"Liars Game","floor":2,"gold_loss":0},{"damage_healed":0,"gold_gain":0,"player_choice":"Ignored","damage_taken":0,"max_hp_gain":0,"max_hp_loss":0,"event_name":"Shining Light","floor":3,"gold_loss":0},{"damage_healed":0,"gold_gain":0,"player_choice":"Take Damage","damage_taken":24,"relics_obtained":["Golden Idol"],"max_hp_gain":0,"max_hp_loss":0,"event_name":"Golden Idol","floor":5,"gold_loss":0},{"damage_healed":0,"gold_gain":90,"player_choice":"GOLD ","damage_taken":16,"max_hp_gain":0,"max_hp_loss":0,"event_name":"Knowing Skull","floor":19,"potions_obtained":[],"gold_loss":0,"cards_obtained":[]}],"is_beta":false,"boss_relics":[{"not_picked":["Snecko Eye","Coffee Dripper"],"picked":"Busted Crown"}],"items_purged_floors":[],"is_endless":false,"potions_floor_spawned":[1,7,12,16,21],"killed_by":"Snake Plant","ascension_level":18}