{"gold_per_floor":[111,111,127,174,30,30,57,67,119,137,62,62,62,12,12,117,117,134,134,89],"floor_reached":20,"playtime":663,"items_purged":["Strike_B"],"score":254,"play_id":"20de61b3-418f-473a-9b22-0558f0a130f1","local_time":"20180625171010","is_ascension_mode":true,"campfire_choices":[{"data":"Defragment","floor":6,"key":"SMITH"},{"data":"Blizzard","floor":13,"key":"SMITH"},{"floor":15,"key":"REST"}],"neow_cost":"NONE","seed_source_timestamp":77448485505965,"circlet_count":0,"master_deck":["Strike_B","Strike_B","Defend_B","Defend_B","Defend_B","Defend_B","Zap","Dualcast","Go for the Eyes","Coolheaded","Defragment+1","Doom and Gloom","Undo","Blizzard+1","Echo Form","Self Repair+1"],"relics":["Cracked Core","NeowsBlessing","Pen Nib","Vajra","Regal Pillow","Lizard Tail"],"potions_floor_usage":[10,16],"damage_taken":[{"damage":0,"enemies":"Small Slimes","floor":1,"turns":1},{"damage":0,"enemies":"Jaw Worm","floor":3,"turns":1},{"damage":0,"enemies":"Lagavulin","floor":7,"turns":1},{"damage":2,"enemies":"Cultist","floor":8,"turns":3},{"damage":39,"enemies":"Exordium Thugs","floor":10,"turns":3},{"damage":33,"enemies":"The Guardian","floor":16,"turns":10},{"damage":74,"enemies":"3 Byrds","floor":18,"turns":6},{"damage":30,"enemies":"2 Thieves","floor":20,"turns":2}],"seed_played":"-7060535395875779183","potions_obtained":[{"floor":3,"key":"Regen Potion"},{"floor":7,"key":"Poison Potion"},{"floor":10,"key":"Swift Potion"},{"floor":19,"key":"Fruit Juice"},{"floor":19,"key":"PowerPotion"},{"floor":19,"key":"Weak Potion"}],"is_trial":false,"path_per_floor":["M","?","M","T","$","R","E","M","T","M","$","?","R","?","R","B",null,"M","?"],"character_chosen":"DEFECT","items_purchased":["Defragment","Doom and Gloom"],"campfire_rested":1,"item_purchase_floors":[5,5],"current_hp_per_floor":[68,68,68,68,68,68,68,66,66,32,32,57,57,57,75,42,67,30,30,0],"gold":89,"neow_bonus":"THREE_ENEMY_KILL","is_prod":false,"is_daily":false,"chose_seed":false,"campfire_upgraded":2,"win_rate":0,"timestamp":1529961010,"path_taken":["M","?","?","?","$","R","E","M","T","M","$","?","R","?","R","BOSS","M","?","M"],"build_version":"2018-06-21v2","purchased_purges":1,"victory":false,"max_hp_per_floor":[75,75,75,75,75,75,75,75,75,75,75,75,75,75,75,75,75,75,75,75],"card_choices":[{"not_picked":["Rebound","Beam Cell"],"picked":"Go for the Eyes","floor":1},{"not_picked":["Multi-Cast","Ball Lightning"],"picked":"Coolheaded","floor":3},{"not_picked":["Aggregate","Scrape","Compile Driver"],"picked":"SKIP","floor":7},{"not_picked":["Turbo","Hologram"],"picked":"Undo","floor":8},{"not_picked":["Loop","Stack"],"picked":"Blizzard","floor":10},{"not_picked":["Biased Cognition","Meteor Strike"],"picked":"Echo Form","floor":16},{"not_picked":["Double Energy","Go for the Eyes"],"picked":"Self Repair+1","floor":18}],"player_experience":759138,"relics_obtained":[{"floor":4,"key":"Pen Nib"},{"floor":7,"key":"Vajra"},{"floor":9,"key":"Regal Pillow"}],"event_choices":[{"event_name":"Shining Light","player_choice":"Ignored","floor":2,"damage_taken":0},{"event_name":"Big Fish","player_choice":"Banana","floor":12,"damage_taken":0},{"event_name":"The Cleric","player_choice":"Card Removal","floor":14,"damage_taken":0},{"event_name":"The Lab","player_choice":"Got Potions","floor":19,"damage_taken":0}],"boss_relics":[{"not_picked":["Philosopher\u0027s Stone","Astrolabe"],"picked":"Lizard Tail"}],"items_purged_floors":[11],"is_endless":false,"potions_floor_spawned":[3,7,10],"killed_by":"2 Thieves","ascension_level":6}