{"gold_per_floor":[112,122,70,82,96,121,121,131,131,131,145,165,179,191,191,267,267,283,254,158,158,168,168,182,20,20,20],"floor_reached":27,"playtime":4266,"items_purged":[],"score":398,"play_id":"39ca7e3e-5789-435c-92c7-5d049c41b77d","local_time":"20180925145107","is_ascension_mode":true,"campfire_choices":[{"data":"Skewer","floor":7,"key":"SMITH"},{"floor":10,"key":"REST"},{"floor":15,"key":"REST"},{"data":"Noxious Fumes","floor":23,"key":"SMITH"}],"neow_cost":"NONE","seed_source_timestamp":101557027196444,"circlet_count":0,"master_deck":["Defend_G","Defend_G","Defend_G","Defend_G","Defend_G","Strike_G","Strike_G","Strike_G","Strike_G","Strike_G","Survivor","Neutralize+1","AscendersBane","Flechettes","Skewer+1","Blade Dance","Deadly Poison","Deflect","Cloak And Dagger","Blur","Cloak And Dagger","Dagger Throw","Noxious Fumes+1","Adrenaline","Backflip","Leg Sweep","Well Laid Plans","Dagger Spray","Eviscerate","Leg Sweep","Dash"],"relics":["Ring of the Snake","Blue Candle","Paper Crane","Sozu","Omamori"],"potions_floor_usage":[6,6,8,16],"damage_taken":[{"damage":0,"enemies":"Cultist","floor":1,"turns":4},{"damage":3,"enemies":"Jaw Worm","floor":2,"turns":6},{"damage":3,"enemies":"Small Slimes","floor":4,"turns":4},{"damage":8,"enemies":"Blue Slaver","floor":5,"turns":4},{"damage":14,"enemies":"Gremlin Nob","floor":6,"turns":5},{"damage":17,"enemies":"Gremlin Gang","floor":8,"turns":5},{"damage":7,"enemies":"Looter","floor":11,"turns":3},{"damage":0,"enemies":"Red Slaver","floor":12,"turns":3},{"damage":5,"enemies":"3 Louse","floor":13,"turns":5},{"damage":13,"enemies":"Gremlin Gang","floor":14,"turns":7},{"damage":16,"enemies":"The Guardian","floor":16,"turns":9},{"damage":0,"enemies":"Chosen","floor":18,"turns":4},{"damage":9,"enemies":"2 Thieves","floor":19,"turns":5},{"damage":9,"enemies":"Centurion and Healer","floor":22,"turns":8},{"damage":3,"enemies":"Snecko","floor":24,"turns":5},{"damage":37,"enemies":"Slavers","floor":27,"turns":3}],"seed_played":"-4355421889485533068","potions_obtained":[{"floor":1,"key":"EssenceOfSteel"},{"floor":5,"key":"EssenceOfSteel"},{"floor":6,"key":"Poison Potion"},{"floor":12,"key":"PowerPotion"}],"is_trial":false,"path_per_floor":["M","M","$","M","M","E","R","M","T","R","M","M","M","M","R","B",null,"M","M","$","?","M","R","M","$","T"],"character_chosen":"THE_SILENT","items_purchased":["Blade Dance","Well Laid Plans","Dagger Spray","Leg Sweep","Dash"],"campfire_rested":2,"item_purchase_floors":[3,20,20,25,25],"current_hp_per_floor":[59,56,56,53,45,31,31,14,14,33,26,26,21,8,27,11,52,52,43,43,43,34,34,31,31,31,0],"gold":20,"neow_bonus":"UPGRADE_CARD","is_prod":false,"is_daily":false,"chose_seed":false,"campfire_upgraded":2,"win_rate":0,"timestamp":1537879867,"path_taken":["M","?","$","M","M","E","R","M","T","R","M","M","?","?","R","BOSS","M","?","$","?","M","R","M","$","T","E"],"build_version":"2018-09-20","purchased_purges":0,"victory":false,"max_hp_per_floor":[66,66,66,66,66,66,66,66,66,66,66,66,66,66,66,66,66,66,66,66,66,66,66,66,66,66,66],"card_choices":[{"not_picked":["Crippling Poison","Blade Dance"],"picked":"Flechettes","floor":1},{"not_picked":["Acrobatics","Backflip"],"picked":"Skewer","floor":2},{"not_picked":["Acrobatics","Masterful Stab"],"picked":"Deadly Poison","floor":4},{"not_picked":["Bouncing Flask","Choke"],"picked":"Deflect","floor":5},{"not_picked":["Blade Dance","All Out Attack"],"picked":"Cloak And Dagger","floor":6},{"not_picked":["Riddle With Holes","Blade Dance"],"picked":"Blur","floor":8},{"not_picked":["Riddle With Holes","Deflect"],"picked":"Cloak And Dagger","floor":11},{"not_picked":["Flying Knee","Bane","Terror"],"picked":"SKIP","floor":12},{"not_picked":["Phantasmal Killer","Deflect"],"picked":"Dagger Throw","floor":13},{"not_picked":["Prepared","Choke"],"picked":"Noxious Fumes","floor":14},{"not_picked":["Bullet Time","Wraith Form v2"],"picked":"Adrenaline","floor":16},{"not_picked":["Poisoned Stab","Outmaneuver"],"picked":"Backflip","floor":18},{"not_picked":["PiercingWail","Backflip+1"],"picked":"Leg Sweep","floor":19},{"not_picked":["Terror","Bouncing Flask","Eviscerate+1"],"picked":"SKIP","floor":22},{"not_picked":["Eviscerate","Blade Dance","Outmaneuver"],"picked":"SKIP","floor":24},{"not_picked":["Blade Dance","Outmaneuver"],"picked":"Eviscerate","floor":24}],"player_experience":1479029,"relics_obtained":[{"floor":6,"key":"Blue Candle"},{"floor":9,"key":"Paper Crane"},{"floor":26,"key":"Omamori"}],"event_choices":[{"event_name":"Ghosts","player_choice":"Ignored","floor":21,"damage_taken":0}],"is_beta":false,"boss_relics":[{"not_picked":["White Beast Statue","Black Star"],"picked":"Sozu"}],"items_purged_floors":[],"is_endless":false,"potions_floor_spawned":[1,5,6,12,24],"killed_by":"Slavers","ascension_level":16}