{"gold_per_floor":[111,36,48,58,23,23,23,41,41,41,60,60,84,102,102,232,232,223,223,248,272,371,371,415,415,415,2,2,2,20,20,20,140,140,159,177,277,610,610,610,627,627,627,642,158,158,171,171,171,171],"floor_reached":50,"playtime":3242,"items_purged":["Defend_G","Strike_G","Strike_G"],"score":617,"play_id":"7518af47-0e41-4d76-a989-2983bb38593b","local_time":"20180625082756","is_ascension_mode":true,"campfire_choices":[{"floor":6,"key":"REST"},{"floor":15,"key":"REST"},{"floor":23,"key":"REST"},{"floor":25,"key":"REST"},{"floor":28,"key":"REST"},{"floor":32,"key":"REST"},{"data":"Infinite Blades","floor":40,"key":"SMITH"},{"data":"Noxious Fumes","floor":42,"key":"SMITH"},{"data":"Leg Sweep","floor":49,"key":"SMITH"}],"neow_cost":"NONE","seed_source_timestamp":43530836309533,"circlet_count":0,"master_deck":["Defend_G+1","Defend_G","Defend_G","Defend_G","Strike_G","Strike_G","Strike_G","Neutralize","Cloak And Dagger","Blur","Deadly Poison","Backstab","Blind+1","Wraith Form v2","Acrobatics","Footwork","Cloak And Dagger","PiercingWail","Backstab","Envenom","PiercingWail","Flash of Steel","PiercingWail+1","Leg Sweep+1","Accuracy","Noxious Fumes+1","Cloak And Dagger","Blur+1","Infinite Blades+1","Noxious Fumes+1","Noxious Fumes","Burst","Underhanded Strike+1","Crippling Poison","PiercingWail+1","Panache","Bouncing Flask","Backflip"],"relics":["Ring of the Snake","Boot","Dream Catcher","Smiling Mask","Lizard Tail","Juzu Bracelet","Molten Egg 2","Thread and Needle","Cursed Key","War Paint"],"potions_floor_usage":[14,20,21,21,50,50,50],"damage_taken":[{"damage":8,"enemies":"Cultist","floor":1,"turns":6},{"damage":7,"enemies":"2 Louse","floor":3,"turns":3},{"damage":2,"enemies":"Small Slimes","floor":4,"turns":5},{"damage":6,"enemies":"Looter","floor":8,"turns":3},{"damage":3,"enemies":"Red Slaver","floor":11,"turns":4},{"damage":0,"enemies":"2 Fungi Beasts","floor":13,"turns":4},{"damage":7,"enemies":"Large Slime","floor":14,"turns":7},{"damage":11,"enemies":"The Guardian","floor":16,"turns":16},{"damage":11,"enemies":"2 Thieves","floor":18,"turns":4},{"damage":13,"enemies":"Spheric Guardian","floor":20,"turns":10},{"damage":35,"enemies":"Slaver and Parasite","floor":21,"turns":14},{"damage":60,"enemies":"Gremlin Leader","floor":24,"turns":14},{"damage":0,"enemies":"Snake Plant","floor":30,"turns":6},{"damage":43,"enemies":"Automaton","floor":33,"turns":10},{"damage":0,"enemies":"Orb Walker","floor":35,"turns":5},{"damage":0,"enemies":"3 Shapes","floor":36,"turns":6},{"damage":4,"enemies":"3 Darklings","floor":41,"turns":6},{"damage":1,"enemies":"Sphere and 2 Shapes","floor":44,"turns":6},{"damage":0,"enemies":"4 Shapes","floor":47,"turns":9},{"damage":84,"enemies":"Awakened One","floor":50,"turns":5}],"seed_played":"-5705348760448931932","potions_obtained":[{"floor":4,"key":"EssenceOfSteel"},{"floor":8,"key":"GhostInAJar"},{"floor":13,"key":"Explosive Potion"},{"floor":20,"key":"PowerPotion"},{"floor":30,"key":"SpeedPotion"},{"floor":35,"key":"EssenceOfSteel"},{"floor":36,"key":"Weak Potion"}],"is_trial":false,"path_per_floor":["M","$","M","M","$","R","?","M","T","?","M","?","M","M","R","B",null,"M","?","M","M","?","R","E","R","T","$","R","?","M","$","R","B",null,"M","M","?","?","?","R","M","R","T","M","$","?","M","?","R"],"character_chosen":"THE_SILENT","items_purchased":["Backstab","Noxious Fumes","Thread and Needle","Cloak And Dagger","Panache","Dexterity Potion","War Paint","Bouncing Flask"],"campfire_rested":6,"item_purchase_floors":[5,27,27,27,45,45,45,45],"current_hp_per_floor":[62,62,55,53,53,70,70,64,64,31,28,28,28,21,40,29,65,54,54,41,6,6,25,9,28,28,28,47,47,47,47,65,22,65,65,65,65,65,65,65,61,61,61,60,60,60,60,75,75,0],"gold":171,"neow_bonus":"RANDOM_COMMON_RELIC","is_prod":false,"is_daily":false,"chose_seed":false,"campfire_upgraded":3,"win_rate":0,"timestamp":1529929676,"path_taken":["M","$","?","M","$","R","?","M","T","?","?","?","M","M","R","BOSS","M","?","?","M","?","R","E","R","T","$","R","?","M","$","R","BOSS","M","M","?","?","?","R","M","R","T","M","$","?","M","?","R","BOSS"],"build_version":"2018-06-21v2","purchased_purges":3,"victory":false,"max_hp_per_floor":[70,70,70,70,70,70,70,70,70,70,70,65,65,65,65,65,65,65,65,65,65,65,65,65,65,65,65,65,65,65,65,65,65,65,65,65,65,65,65,65,65,65,65,65,65,65,65,75,75,75],"card_choices":[{"not_picked":["Quick Slash","Concentrate"],"picked":"Cloak And Dagger","floor":1},{"not_picked":["All Out Attack","Setup"],"picked":"Blur","floor":3},{"not_picked":["Dagger Throw","Riddle With Holes"],"picked":"Deadly Poison","floor":4},{"not_picked":["Dodge and Roll","Dagger Throw"],"picked":"Footwork","floor":8},{"not_picked":["Prepared","Dodge and Roll"],"picked":"Cloak And Dagger","floor":11},{"not_picked":["Acrobatics","Dagger Spray"],"picked":"PiercingWail","floor":13},{"not_picked":["Outmaneuver","Acrobatics"],"picked":"Backstab","floor":14},{"not_picked":["Adrenaline","Die Die Die"],"picked":"Envenom","floor":16},{"not_picked":["Distraction","Dagger Spray"],"picked":"PiercingWail","floor":18},{"not_picked":["Heel Hook","Deflect+1"],"picked":"PiercingWail+1","floor":20},{"not_picked":["Prepared","Quick Slash","Setup"],"picked":"SKIP","floor":21},{"not_picked":["Dagger Throw","Riddle With Holes"],"picked":"Leg Sweep","floor":24},{"not_picked":["Dagger Throw","Catalyst"],"picked":"Accuracy","floor":25},{"not_picked":["Eviscerate+1","Quick Slash+1"],"picked":"Blur+1","floor":28},{"not_picked":["Burst","Concentrate+1"],"picked":"Noxious Fumes+1","floor":30},{"not_picked":["Flying Knee+1","Deadly Poison"],"picked":"Noxious Fumes","floor":32},{"not_picked":["Wraith Form v2","Venomology"],"picked":"Burst","floor":33},{"not_picked":["Acrobatics+1","Dodge and Roll"],"picked":"Underhanded Strike+1","floor":35},{"not_picked":["Endless Agony+1","Caltrops"],"picked":"Crippling Poison","floor":36},{"not_picked":["Escape Plan+1","Well Laid Plans"],"picked":"PiercingWail+1","floor":41},{"not_picked":["Dagger Throw+1","Deflect+1","Predator+1"],"picked":"SKIP","floor":44},{"not_picked":["Outmaneuver","Quick Slash+1"],"picked":"Backflip","floor":47}],"player_experience":726828,"relics_obtained":[{"floor":9,"key":"Dream Catcher"},{"floor":24,"key":"Juzu Bracelet"},{"floor":26,"key":"Molten Egg 2"}],"event_choices":[{"event_name":"Match and Keep!","player_choice":"3 cards matched","floor":7,"damage_taken":0},{"event_name":"Scrap Ooze","player_choice":"success","floor":10,"damage_taken":33},{"event_name":"Golden Idol","player_choice":"Lose Max HP","floor":12,"damage_taken":0},{"event_name":"Match and Keep!","player_choice":"2 cards matched","floor":19,"damage_taken":0},{"event_name":"Nest","player_choice":"Stole From Cult","floor":22,"damage_taken":0},{"event_name":"The Library","player_choice":"Read","floor":29,"damage_taken":0},{"event_name":"Golden Shrine","player_choice":"Pray","floor":37,"damage_taken":0},{"event_name":"The Moai Head","player_choice":"Gave Idol","floor":38,"damage_taken":0},{"event_name":"The Woman in Blue","player_choice":"Bought 0 Potions","floor":39,"damage_taken":0},{"event_name":"Falling","player_choice":"Removed Skill","floor":46,"damage_taken":0},{"event_name":"Bonfire Elementals","player_choice":"RARE","floor":48,"damage_taken":0}],"boss_relics":[{"not_picked":["Astrolabe","Fusion Hammer"],"picked":"Lizard Tail"},{"not_picked":["Empty Cage","White Beast Statue"],"picked":"Cursed Key"}],"items_purged_floors":[2,27,45],"is_endless":false,"potions_floor_spawned":[4,8,13,20,30,35,36],"killed_by":"Awakened One","ascension_level":4}