{"path_per_floor":["M","?","$","?","?","E","R","E","T","E","M","E","M","M","R","B",null,"M","M","?","$","?","R","E","R","T","E","?","R","M","$","R","B",null,"M","M","?","$","M","E","R","E","T","E","?","E","?","$","R","B"],"character_chosen":"THE_SILENT","items_purchased":["Hologram","Bag of Marbles","GhostInAJar","Dexterity Potion"],"gold_per_floor":[116,116,67,27,27,61,61,86,86,120,140,170,184,199,199,304,304,274,274,274,274,274,274,274,274,274,274,274,274,274,2,2,2,2,2,2,2,2,2,2,2,2,2,2,2,2,2,2,2,2],"floor_reached":51,"campfire_rested":3,"playtime":2849,"item_purchase_floors":[3,31,31,31],"current_hp_per_floor":[69,69,69,69,69,28,49,49,49,40,35,7,3,3,24,41,70,66,52,52,52,36,36,32,53,53,44,40,40,36,36,36,60,73,68,74,74,74,69,52,52,49,49,15,15,9,88,88,88,28],"items_purged":[],"gold":2,"score":975,"play_id":"59aa858d-817c-4f82-88d6-d94ac4e7823d","local_time":"20180618221138","daily_mods":["Diverse","Elite Swarm","Binary"],"is_prod":false,"is_daily":false,"chose_seed":true,"is_ascension_mode":false,"campfire_upgraded":5,"win_rate":0,"timestamp":1529352698,"campfire_choices":[{"floor":7,"key":"REST"},{"floor":15,"key":"REST"},{"data":"Barricade","floor":23,"key":"SMITH"},{"floor":25,"key":"REST"},{"data":"Offering","floor":29,"key":"SMITH"},{"data":"Reboot","floor":32,"key":"SMITH"},{"data":"Exhume","floor":41,"key":"SMITH"},{"data":"Immolate","floor":49,"key":"SMITH"}],"path_taken":["M","?","$","?","?","E","R","E","T","E","M","E","?","M","R","BOSS","M","M","?","$","?","R","E","R","T","E","?","R","M","$","R","BOSS","M","M","?","$","?","E","R","E","T","E","?","E","?","?","R","BOSS"],"build_version":"2018-06-14v2","seed_source_timestamp":3530974862719821,"purchased_purges":0,"victory":true,"master_deck":["Defend_G","Defend_G","Defend_G","Defend_G","Defend_G","Strike_G","Survivor","Neutralize+1","Gash","Auto Shields","Hologram","Barricade+1","Offering+1","Immolate+1","Reboot+1","Conserve Battery","Reboot","Rebound+1","Glass Knife","Feed","Offering","Reinforced Body+1","Undo+1","Rupture+1","Thinking Ahead","Rupture+1","Exhume+1","Burst","Doubt"],"max_hp_per_floor":[70,70,70,70,70,70,70,70,70,70,70,70,70,70,70,70,70,70,70,70,70,70,70,70,70,70,70,70,70,70,70,70,73,73,76,79,79,79,82,85,85,88,88,88,88,88,88,88,88,88],"special_seed":29952015251857,"relics":["Ring of the Snake","Potion Belt","Orichalcum","Pantograph","Frozen Egg 2","Vajra","Ectoplasm","Enchiridion","Turnip","Boot","Bottled Lightning","Red Mask","Bag of Marbles","Astrolabe","Blood Vial","Snake Skull","Toolbox","Bag of Preparation"],"card_choices":[{"not_picked":["True Grit"],"picked":"Gash","floor":1},{"not_picked":["Multi-Cast"],"picked":"Barricade","floor":6},{"not_picked":["Night Terror"],"picked":"Offering","floor":8},{"not_picked":["Die Die Die"],"picked":"Immolate","floor":10},{"not_picked":["Rebound","Bane"],"picked":"SKIP","floor":11},{"not_picked":["Immolate"],"picked":"Reboot","floor":12},{"not_picked":["White Noise"],"picked":"Conserve Battery","floor":13},{"not_picked":["Anger","Havoc"],"picked":"SKIP","floor":14},{"not_picked":["Thunder Strike"],"picked":"Reboot","floor":16},{"not_picked":["Clash+1","Heavy Blade"],"picked":"SKIP","floor":18},{"not_picked":["Capacitor+1"],"picked":"Rebound+1","floor":19},{"not_picked":["Core Surge"],"picked":"Glass Knife","floor":24},{"not_picked":["Fiend Fire"],"picked":"Feed","floor":27},{"not_picked":["PiercingWail","Clash"],"picked":"SKIP","floor":30},{"not_picked":["Barricade+1"],"picked":"Offering","floor":33},{"not_picked":["Streamline","Dagger Spray"],"picked":"SKIP","floor":35},{"not_picked":["Cleave","Warcry"],"picked":"SKIP","floor":36},{"not_picked":["Dark Shackles"],"picked":"Thinking Ahead","floor":37},{"not_picked":["Sweeping Beam"],"picked":"Rupture+1","floor":39},{"not_picked":["Thunder Strike"],"picked":"Exhume","floor":40},{"not_picked":["Fission"],"picked":"Burst","floor":42},{"not_picked":["Tools of the Trade+1","Venomology"],"picked":"SKIP","floor":46}],"player_experience":880834,"potions_floor_usage":[6,8,16,16,27,28,33,44,44,44,50,50,50],"damage_taken":[{"damage":1,"enemies":"Jaw Worm","floor":1,"turns":6},{"damage":41,"enemies":"Gremlin Nob","floor":6,"turns":6},{"damage":0,"enemies":"Lagavulin","floor":8,"turns":14},{"damage":9,"enemies":"3 Sentries","floor":10,"turns":13},{"damage":5,"enemies":"Cultist","floor":11,"turns":3},{"damage":49,"enemies":"Gremlin Nob","floor":12,"turns":6},{"damage":4,"enemies":"2 Louse","floor":13,"turns":1},{"damage":0,"enemies":"Blue Slaver","floor":14,"turns":4},{"damage":8,"enemies":"Slime Boss","floor":16,"turns":14},{"damage":4,"enemies":"2 Thieves","floor":18,"turns":2},{"damage":14,"enemies":"Spheric Guardian","floor":19,"turns":6},{"damage":4,"enemies":"Gremlin Leader","floor":24,"turns":4},{"damage":9,"enemies":"Book of Stabbing","floor":27,"turns":7},{"damage":4,"floor":28,"turns":3},{"damage":4,"enemies":"3 Cultists","floor":30,"turns":2},{"damage":4,"enemies":"Champ","floor":33,"turns":35},{"damage":8,"enemies":"Orb Walker","floor":35,"turns":2},{"damage":4,"enemies":"3 Darklings","floor":36,"turns":1},{"damage":8,"enemies":"Sphere and 2 Shapes","floor":39,"turns":5},{"damage":20,"enemies":"Nemesis","floor":40,"turns":8},{"damage":8,"enemies":"2 Orb Walkers","floor":42,"turns":2},{"damage":36,"enemies":"Giant Head","floor":44,"turns":12},{"damage":8,"enemies":"2 Orb Walkers","floor":46,"turns":1},{"damage":60,"enemies":"Donu and Deca","floor":50,"turns":20}],"relics_obtained":[{"floor":6,"key":"Potion Belt"},{"floor":8,"key":"Orichalcum"},{"floor":9,"key":"Pantograph"},{"floor":10,"key":"Frozen Egg 2"},{"floor":12,"key":"Vajra"},{"floor":22,"key":"Enchiridion"},{"floor":24,"key":"Turnip"},{"floor":26,"key":"Boot"},{"floor":27,"key":"Bottled Lightning"},{"floor":28,"key":"Red Mask"},{"floor":40,"key":"Blood Vial"},{"floor":42,"key":"Snake Skull"},{"floor":43,"key":"Toolbox"},{"floor":46,"key":"Bag of Preparation"}],"event_choices":[{"event_name":"Transmorgrifier","player_choice":"Transform","floor":2,"damage_taken":0},{"event_name":"The Woman in Blue","player_choice":"Bought 3 Potions","floor":4,"damage_taken":0},{"event_name":"Living Wall","player_choice":"Grow","floor":5,"damage_taken":0},{"event_name":"Ghosts","player_choice":"Ignored","floor":20,"damage_taken":0},{"event_name":"Cursed Tome","player_choice":"Obtained Book","floor":22,"damage_taken":0},{"event_name":"Masked Bandits","player_choice":"Fought over 274 gold","floor":28,"damage_taken":0},{"event_name":"SensoryStone","player_choice":"Memory 1","floor":37,"damage_taken":0},{"event_name":"The Lab","player_choice":"Got Potions","floor":45,"damage_taken":0},{"event_name":"MindBloom","player_choice":"Heal","floor":47,"damage_taken":0}],"boss_relics":[{"not_picked":["Lizard Tail","Fusion Hammer"],"picked":"Ectoplasm"},{"not_picked":["Black Star","Eternal Feather"],"picked":"Astrolabe"}],"items_purged_floors":[],"is_endless":false,"potions_floor_spawned":[6,10,13,14,16,18,19,24,35,39,40],"seed_played":"-1393743108071001381","ascension_level":0,"potions_obtained":[{"floor":4,"key":"FairyPotion"},{"floor":4,"key":"SmokeBomb"},{"floor":4,"key":"SteroidPotion"},{"floor":6,"key":"SpeedPotion"},{"floor":10,"key":"SpeedPotion"},{"floor":13,"key":"Fire Potion"},{"floor":14,"key":"SteroidPotion"},{"floor":16,"key":"GhostInAJar"},{"floor":18,"key":"Block Potion"},{"floor":19,"key":"FearPotion"},{"floor":24,"key":"SpeedPotion"},{"floor":35,"key":"Dexterity Potion"},{"floor":45,"key":"SneckoOil"},{"floor":45,"key":"SmokeBomb"},{"floor":45,"key":"AttackPotion"}],"is_trial":true}