{"gold_per_floor":[117,32,32,32,44,77,77,95,95,122,135,135,60,93,93,170,170,189,189,207,221,234,234,252,252,252,177,191,191,201,233,233,310,310,326,69,169,187,187,219,219,219,243,255,286,298,310,335,347,359,371],"floor_reached":52,"playtime":3097,"items_purged":["Strike_G"],"score":1815,"play_id":"84fedbf6-36c7-49fb-b4f5-d336b99ae9d7","local_time":"20190215152057","is_ascension_mode":true,"campfire_choices":[{"data":"Poisoned Stab","floor":7.0,"key":"SMITH"},{"data":"Noxious Fumes","floor":12.0,"key":"SMITH"},{"data":"Neutralize","floor":15.0,"key":"SMITH"},{"floor":23.0,"key":"REST"},{"data":"Envenom","floor":25.0,"key":"SMITH"},{"floor":29.0,"key":"REST"},{"data":"Leg Sweep","floor":32.0,"key":"SMITH"},{"data":"Noxious Fumes","floor":44.0,"key":"SMITH"},{"data":"Dodge and Roll","floor":46.0,"key":"SMITH"},{"data":"Survivor","floor":49.0,"key":"SMITH"}],"neow_cost":"NONE","seed_source_timestamp":874350175220952,"circlet_count":0,"master_deck":["AscendersBane","Defend_G","Defend_G","Defend_G","Defend_G","Defend_G","Strike_G+1","Survivor+1","Neutralize+1","Leg Sweep+1","Poisoned Stab+1","Dodge and Roll+1","Noxious Fumes+1","Deflect+1","Envenom+1","Dodge and Roll+1","Deadly Poison+1","Cloak And Dagger+1","Backflip+1","Storm of Steel+1","Burst+1","PiercingWail+1","Crippling Poison+1","Deadly Poison+1","Malaise+1","Noxious Fumes+1","Adrenaline+1","Acrobatics+1","Backflip+1","Madness+1"],"special_seed":0,"relics":["Ring of the Serpent","NeowsBlessing","Pear","Oddly Smooth Stone","Toxic Egg 2","Mummified Hand","Philosopher\u0027s Stone","Regal Pillow","Ancient Tea Set","Ice Cream","Orichalcum","MawBank","The Courier"],"potions_floor_usage":[51,51],"damage_taken":[{"damage":0.0,"enemies":"2 Louse","floor":1.0,"turns":1.0},{"damage":0.0,"enemies":"Jaw Worm","floor":5.0,"turns":1.0},{"damage":0.0,"enemies":"Lagavulin","floor":6.0,"turns":1.0},{"damage":0.0,"enemies":"Cultist","floor":8.0,"turns":3.0},{"damage":11.0,"enemies":"3 Sentries","floor":10.0,"turns":12.0},{"damage":0.0,"enemies":"2 Fungi Beasts","floor":11.0,"turns":3.0},{"damage":3.0,"enemies":"Lagavulin","floor":14.0,"turns":7.0},{"damage":25.0,"enemies":"Slime Boss","floor":16.0,"turns":13.0},{"damage":11.0,"enemies":"Chosen","floor":18.0,"turns":7.0},{"damage":12.0,"enemies":"Spheric Guardian","floor":20.0,"turns":6.0},{"damage":17.0,"enemies":"Snake Plant","floor":21.0,"turns":5.0},{"damage":8.0,"enemies":"Centurion and Healer","floor":22.0,"turns":8.0},{"damage":1.0,"enemies":"Snecko","floor":24.0,"turns":7.0},{"damage":9.0,"enemies":"Snake Plant","floor":28.0,"turns":6.0},{"damage":3.0,"enemies":"3 Cultists","floor":30.0,"turns":5.0},{"damage":7.0,"enemies":"Slavers","floor":31.0,"turns":4.0},{"damage":6.0,"enemies":"Automaton","floor":33.0,"turns":10.0},{"damage":0.0,"enemies":"3 Shapes","floor":35.0,"turns":4.0},{"damage":0.0,"enemies":"Mind Bloom Boss Battle","floor":37.0,"turns":7.0},{"damage":13.0,"enemies":"3 Darklings","floor":38.0,"turns":5.0},{"damage":14.0,"enemies":"Giant Head","floor":40.0,"turns":7.0},{"damage":1.0,"enemies":"4 Shapes","floor":45.0,"turns":3.0},{"damage":2.0,"enemies":"Writhing Mass","floor":48.0,"turns":6.0},{"damage":6.0,"enemies":"Donu and Deca","floor":50.0,"turns":11.0},{"damage":36,"enemies":"Time Eater","floor":51,"turns":14}],"seed_played":"-7337249166593320571","potions_obtained":[{"floor":8.0,"key":"SteroidPotion"},{"floor":10.0,"key":"AttackPotion"},{"floor":14.0,"key":"LiquidBronze"},{"floor":16.0,"key":"SkillPotion"},{"floor":18.0,"key":"Poison Potion"},{"floor":22.0,"key":"EssenceOfSteel"},{"floor":33.0,"key":"Dexterity Potion"},{"floor":35.0,"key":"LiquidBronze"},{"floor":40.0,"key":"LiquidBronze"}],"is_trial":false,"path_per_floor":["M","$","?","?","M","E","R","M","T","E","M","R","$","E","R","B",null,"M","?","M","M","M","R","M","R","T","?","M","R","M","E","R","B",null,"M","$","?","M","?","E","?","?","T","R","M","R","T","M","R","B","B",null],"character_chosen":"THE_SILENT","items_purchased":["Backstab","Noxious Fumes","Adrenaline+1"],"campfire_rested":2,"item_purchase_floors":[2,36,36],"current_hp_per_floor":[59,59,39,61,61,71,71,71,71,60,60,60,60,57,57,32,65,54,54,42,25,17,39,38,38,38,38,29,66,63,56,56,50,70,70,70,70,57,43,29,29,76,76,76,75,75,75,73,73,67,31],"gold":383,"neow_bonus":"THREE_ENEMY_KILL","is_prod":false,"is_daily":false,"chose_seed":false,"campfire_upgraded":8,"win_rate":0,"timestamp":1550262057,"path_taken":["M","$","?","?","?","E","R","M","T","E","M","R","?","E","R","BOSS","M","?","?","M","M","R","M","R","T","?","M","R","M","E","R","BOSS","M","$","?","M","?","E","?","?","T","R","?","R","?","M","R","BOSS","BOSS"],"build_version":"2019-01-23","purchased_purges":1,"victory":true,"max_hp_per_floor":[66,66,66,66,66,76,76,76,76,76,76,76,76,76,76,76,76,76,76,76,76,76,76,76,76,76,76,76,76,76,76,76,76,76,76,76,76,76,76,76,76,76,76,76,76,76,76,76,76,76,76],"card_choices":[{"not_picked":["Slice","Deflect"],"picked":"Leg Sweep","floor":1.0},{"not_picked":["Expertise","Backflip"],"picked":"Poisoned Stab","floor":5.0},{"not_picked":["Underhanded Strike","Prepared"],"picked":"Dodge and Roll","floor":6.0},{"not_picked":["Cloak And Dagger","Riddle With Holes","Blade Dance"],"picked":"SKIP","floor":8.0},{"not_picked":["Cloak And Dagger","Riddle With Holes","Blade Dance"],"picked":"SKIP","floor":8.0},{"not_picked":["Quick Slash","Accuracy"],"picked":"Noxious Fumes","floor":10.0},{"not_picked":["Slice","Outmaneuver+1"],"picked":"Deflect+1","floor":11.0},{"not_picked":["Slice","Heel Hook","Dagger Throw"],"picked":"SKIP","floor":14.0},{"not_picked":["Grand Finale","Bullet Time+1"],"picked":"Envenom","floor":16.0},{"not_picked":["Quick Slash","Infinite Blades","Underhanded Strike"],"picked":"SKIP","floor":18.0},{"not_picked":["Sucker Punch","Dagger Throw"],"picked":"Deadly Poison+1","floor":20.0},{"not_picked":["Dagger Throw","Choke"],"picked":"Cloak And Dagger+1","floor":21.0},{"not_picked":["Dagger Spray","Flying Knee+1"],"picked":"Backflip+1","floor":22.0},{"not_picked":["Sucker Punch+1","Blade Dance+1","Heel Hook"],"picked":"SKIP","floor":24.0},{"not_picked":["Cloak And Dagger+1","Skewer"],"picked":"PiercingWail+1","floor":28.0},{"not_picked":["Wraith Form v2","Deadly Poison+1"],"picked":"Crippling Poison+1","floor":30.0},{"not_picked":["Dodge and Roll+1","Cloak And Dagger+1"],"picked":"Deadly Poison+1","floor":31.0},{"not_picked":["Venomology+1","Die Die Die"],"picked":"Malaise+1","floor":33.0},{"not_picked":["Outmaneuver+1","Heel Hook","Dodge and Roll+1"],"picked":"SKIP","floor":35.0},{"not_picked":["Underhanded Strike+1","Blade Dance+1"],"picked":"Acrobatics+1","floor":37.0},{"not_picked":["Dagger Throw","Dodge and Roll+1"],"picked":"Backflip+1","floor":38.0},{"not_picked":["Tactician+1","Expertise+1","Escape Plan+1"],"picked":"SKIP","floor":40.0},{"not_picked":["Dodge and Roll+1","Flying Knee","Flechettes"],"picked":"SKIP","floor":45.0},{"not_picked":["Accuracy","Terror+1","Flying Knee"],"picked":"SKIP","floor":48.0}],"player_experience":644381,"relics_obtained":[{"floor":6.0,"key":"Pear"},{"floor":9.0,"key":"Oddly Smooth Stone"},{"floor":10.0,"key":"Toxic Egg 2"},{"floor":14.0,"key":"Mummified Hand"},{"floor":26.0,"key":"Regal Pillow"},{"floor":31.0,"key":"Ancient Tea Set"},{"floor":37.0,"key":"Ice Cream"},{"floor":40.0,"key":"Orichalcum"},{"floor":43.0,"key":"MawBank"},{"floor":47.0,"key":"The Courier"}],"event_choices":[{"damage_healed":0.0,"max_hp_gain":0.0,"max_hp_loss":0.0,"gold_gain":0.0,"event_name":"Shining Light","player_choice":"Entered Light","floor":3.0,"gold_loss":0.0,"damage_taken":20.0,"cards_upgraded":["Backstab","Strike_G"]},{"damage_healed":22.0,"max_hp_gain":0.0,"max_hp_loss":0.0,"gold_gain":0.0,"event_name":"Big Fish","player_choice":"Banana","floor":4.0,"gold_loss":0.0,"damage_taken":0.0},{"damage_healed":0.0,"max_hp_gain":0.0,"max_hp_loss":0.0,"gold_gain":0.0,"cards_transformed":["Strike_G"],"event_name":"Transmorgrifier","player_choice":"Transformed","floor":19.0,"gold_loss":0.0,"damage_taken":0.0,"cards_obtained":["Dodge and Roll"]},{"damage_healed":0.0,"max_hp_gain":0.0,"max_hp_loss":0.0,"gold_gain":0.0,"cards_transformed":["Strike_G","Strike_G"],"event_name":"Designer","player_choice":"Transformed Cards","floor":27.0,"gold_loss":75.0,"damage_taken":0.0,"cards_obtained":["Storm of Steel","Burst"]},{"damage_healed":0.0,"max_hp_gain":0.0,"max_hp_loss":0.0,"gold_gain":0.0,"event_name":"MindBloom","player_choice":"Fight","floor":37.0,"gold_loss":0.0,"damage_taken":0.0},{"damage_healed":0.0,"max_hp_gain":0.0,"max_hp_loss":0.0,"gold_gain":0.0,"event_name":"Winding Halls","player_choice":"Embrace Madness","floor":39.0,"gold_loss":0.0,"damage_taken":14.0,"cards_obtained":["Madness","Madness"]},{"cards_removed":["Backstab"],"damage_healed":0.0,"max_hp_gain":0.0,"max_hp_loss":0.0,"gold_gain":0.0,"event_name":"Falling","player_choice":"Removed Attack","floor":41.0,"gold_loss":0.0,"damage_taken":0.0},{"cards_removed":["Madness"],"damage_healed":47.0,"max_hp_gain":0.0,"max_hp_loss":0.0,"gold_gain":0.0,"event_name":"Bonfire Elementals","player_choice":"Offered Uncommon","floor":42.0,"gold_loss":0.0,"damage_taken":0.0}],"is_beta":false,"boss_relics":[{"not_picked":["HoveringKite","Pandora\u0027s Box"],"picked":"Philosopher\u0027s Stone"},{"not_picked":["Busted Crown","Coffee Dripper"],"picked":"Ring of the Serpent"}],"items_purged_floors":[13],"is_endless":false,"potions_floor_spawned":[8,10,14,16,18,21,22,33,35,40],"ascension_level":20}