{"gold_per_floor":[115,126,146,56,69,31,31,46,71,71,71,85,34,59,59,180,180,180,103,103,103,28,28],"floor_reached":23,"playtime":1219,"items_purged":["Strike_R"],"score":220,"play_id":"0bd5de76-aa0f-49a9-9d50-cbc719674e58","local_time":"20180629234821","is_ascension_mode":true,"campfire_choices":[{"data":"Infernal Blade","floor":7,"key":"SMITH"},{"data":"Metallicize","floor":11,"key":"SMITH"},{"floor":15,"key":"REST"}],"neow_cost":"NONE","seed_source_timestamp":446322145076050,"circlet_count":0,"master_deck":["Strike_R","Strike_R","Strike_R","Strike_R","Defend_R","Defend_R","Defend_R","Defend_R","Bash+1","Infernal Blade+1","Shrug It Off","Inflame","Shrug It Off","Ghostly Armor","Inflame","Metallicize+1","Disarm","Heavy Blade","Carnage","Demon Form","Heavy Blade+1","J.A.X.","Headbutt"],"relics":["Burning Blood","Happy Flower","Golden Idol","Ectoplasm"],"potions_floor_usage":[16,16,16,21],"damage_taken":[{"damage":6,"enemies":"Cultist","floor":1,"turns":3},{"damage":14,"enemies":"2 Louse","floor":2,"turns":3},{"damage":7,"enemies":"Small Slimes","floor":3,"turns":4},{"damage":2,"enemies":"Exordium Wildlife","floor":5,"turns":5},{"damage":8,"enemies":"Blue Slaver","floor":8,"turns":4},{"damage":0,"enemies":"Large Slime","floor":12,"turns":7},{"damage":28,"enemies":"Gremlin Gang","floor":14,"turns":5},{"damage":11,"enemies":"The Guardian","floor":16,"turns":8},{"damage":29,"enemies":"3 Byrds","floor":18,"turns":6},{"damage":7,"enemies":"Spheric Guardian","floor":21,"turns":3},{"damage":58,"enemies":"Gremlin Leader","floor":23,"turns":6}],"seed_played":"2926959917734699203","potions_obtained":[{"floor":2,"key":"SkillPotion"},{"floor":3,"key":"Energy Potion"},{"floor":8,"key":"Fire Potion"},{"floor":14,"key":"Energy Potion"},{"floor":18,"key":"AttackPotion"}],"is_trial":false,"path_per_floor":["M","M","M","$","M","$","R","M","T","?","R","M","$","M","R","B",null,"M","?","?","M","$"],"character_chosen":"IRONCLAD","items_purchased":["Inflame","Shrug It Off","Inflame","Heavy Blade"],"campfire_rested":1,"item_purchase_floors":[4,4,6,13],"current_hp_per_floor":[80,72,71,71,75,75,75,73,73,73,73,74,74,55,77,72,77,54,54,54,53,53,0],"gold":28,"neow_bonus":"UPGRADE_CARD","is_prod":false,"is_daily":false,"chose_seed":false,"campfire_upgraded":2,"win_rate":0,"timestamp":1530330501,"path_taken":["M","M","M","?","M","$","R","M","T","?","R","M","$","M","R","BOSS","M","?","?","?","$","E"],"build_version":"2018-06-28","purchased_purges":1,"victory":false,"max_hp_per_floor":[80,80,80,80,80,80,80,80,80,74,74,74,74,77,77,77,77,77,77,77,77,77,77],"card_choices":[{"not_picked":["Body Slam","Blood for Blood"],"picked":"Infernal Blade","floor":1},{"not_picked":["Thunderclap","Pommel Strike"],"picked":"Shrug It Off","floor":2},{"not_picked":["Second Wind","Rupture","Body Slam"],"picked":"SKIP","floor":3},{"not_picked":["Body Slam","Evolve"],"picked":"Ghostly Armor","floor":5},{"not_picked":["Fire Breathing","Clash"],"picked":"Metallicize","floor":8},{"not_picked":["Armaments","Iron Wave"],"picked":"Disarm","floor":12},{"not_picked":["Headbutt","Warcry"],"picked":"Carnage","floor":14},{"not_picked":["Immolate","Juggernaut"],"picked":"Demon Form","floor":16},{"not_picked":["Armaments","Perfected Strike"],"picked":"Heavy Blade+1","floor":18},{"not_picked":["Sword Boomerang","Anger"],"picked":"Headbutt","floor":21}],"player_experience":870896,"relics_obtained":[{"floor":9,"key":"Happy Flower"}],"event_choices":[{"event_name":"Golden Idol","player_choice":"Lose Max HP","floor":10,"damage_taken":0},{"event_name":"Drug Dealer","player_choice":"Got JAXXED","floor":19,"damage_taken":0},{"event_name":"Vampires","player_choice":"Ignored","floor":20,"damage_taken":0}],"boss_relics":[{"not_picked":["Velvet Choker","Runic Cube"],"picked":"Ectoplasm"}],"items_purged_floors":[22],"is_endless":false,"potions_floor_spawned":[2,3,8,14,18],"killed_by":"Gremlin Leader","ascension_level":4}