{"gold_per_floor":[115,135,135,148,163,163,163,163,163,163,180,194,214,226,226,321,321,340,340,325],"floor_reached":20,"playtime":891,"items_purged":[],"score":227,"play_id":"9869fefd-8537-4a84-80d6-0255aa660e85","local_time":"20180629144057","is_ascension_mode":true,"campfire_choices":[{"data":"Zap","floor":6,"key":"SMITH"},{"floor":8,"key":"REST"},{"data":"Dualcast","floor":10,"key":"SMITH"},{"floor":15,"key":"REST"}],"neow_cost":"","seed_source_timestamp":413821178214720,"circlet_count":0,"master_deck":["Strike_B","Strike_B","Strike_B","Strike_B","Defend_B","Defend_B","Defend_B","Defend_B+1","Zap+1","Dualcast+1","Storm+1","Self Repair","Double Energy","Force Field","Capacitor","Conserve Battery","Streamline","Creative AI"],"relics":["Cracked Core","Shuriken","Sozu"],"potions_floor_usage":[2,13,16,16],"damage_taken":[{"damage":8,"enemies":"Jaw Worm","floor":1,"turns":4},{"damage":8,"enemies":"Small Slimes","floor":2,"turns":3},{"damage":11,"enemies":"2 Louse","floor":4,"turns":3},{"damage":23,"enemies":"Exordium Wildlife","floor":5,"turns":5},{"damage":13,"enemies":"Lots of Slimes","floor":11,"turns":5},{"damage":14,"enemies":"Red Slaver","floor":12,"turns":3},{"damage":0,"enemies":"Large Slime","floor":13,"turns":4},{"damage":23,"enemies":"Exordium Thugs","floor":14,"turns":5},{"damage":9,"enemies":"Hexaghost","floor":16,"turns":9},{"damage":67,"enemies":"3 Byrds","floor":18,"turns":5},{"damage":11,"enemies":"2 Thieves","floor":20,"turns":1}],"seed_played":"-6803005682982180871","potions_obtained":[{"floor":1,"key":"SkillPotion"},{"floor":5,"key":"FocusPotion"},{"floor":11,"key":"Explosive Potion"},{"floor":13,"key":"SkillPotion"}],"is_trial":false,"path_per_floor":["M","M","?","M","M","R","?","R","T","R","M","M","M","M","R","B",null,"M","?"],"character_chosen":"DEFECT","items_purchased":[],"campfire_rested":2,"item_purchase_floors":[],"current_hp_per_floor":[60,52,75,71,55,55,40,62,62,62,56,49,56,40,62,60,71,11,11,0],"gold":325,"neow_bonus":"","is_prod":false,"is_daily":false,"chose_seed":false,"campfire_upgraded":2,"win_rate":0,"timestamp":1530297657,"path_taken":["M","M","?","M","M","R","?","R","T","R","M","M","?","M","R","BOSS","M","?","M"],"build_version":"2018-06-28","purchased_purges":0,"victory":false,"max_hp_per_floor":[75,75,75,75,75,75,75,75,75,75,75,75,75,75,75,75,75,75,75,75],"card_choices":[{"not_picked":["Beam Cell","Redo"],"picked":"Storm","floor":1},{"not_picked":["Heatsinks","Stack"],"picked":"Self Repair","floor":2},{"not_picked":["FTL","Stack"],"picked":"Double Energy","floor":4},{"not_picked":["Hologram","Gash"],"picked":"Force Field","floor":5},{"not_picked":["FTL","Streamline"],"picked":"Capacitor","floor":11},{"not_picked":["FTL","Skim"],"picked":"Conserve Battery","floor":12},{"not_picked":["Rebound","Streamline","All For One"],"picked":"SKIP","floor":13},{"not_picked":["Aggregate","Ball Lightning"],"picked":"Streamline","floor":14},{"not_picked":["Machine Learning","Buffer"],"picked":"Creative AI","floor":16},{"not_picked":["Ball Lightning+1","Gash+1","Scrape"],"picked":"SKIP","floor":18}],"player_experience":861716,"relics_obtained":[{"floor":9,"key":"Shuriken"}],"event_choices":[{"event_name":"Big Fish","player_choice":"Banana","floor":3,"damage_taken":0},{"event_name":"Shining Light","player_choice":"Entered Light","floor":7,"damage_taken":0},{"event_name":"The Lab","player_choice":"Got Potions","floor":19,"damage_taken":0}],"boss_relics":[{"not_picked":["Orrery","Calling Bell"],"picked":"Sozu"}],"items_purged_floors":[],"is_endless":false,"potions_floor_spawned":[1,5,11,13],"killed_by":"2 Thieves","ascension_level":7}