{"gold_per_floor":[217,217,142,142,217,217,230,261,261,10,10,25,53,63,63,161,161,171,171,11,39,14,33,53,82,94,106,118,155,180,291,303,410,422,451,563,927,956,981,993,1033,1045,1081,1093,744,744,966,977,977,977],"floor_reached":51,"playtime":4337,"items_purged":["Strike_B","Defend_B","Strike_B","Strike_B"],"score":819,"play_id":"20441ae2-1d89-421b-9df4-cdb2877f8217","local_time":"20190207163627","is_ascension_mode":false,"campfire_choices":[{"data":"Zap","floor":6.0,"key":"SMITH"},{"data":"Hologram","floor":11.0,"key":"SMITH"},{"data":"Go for the Eyes","floor":15.0,"key":"SMITH"},{"floor":27,"key":"REST"},{"floor":32,"key":"REST"},{"floor":40,"key":"REST"},{"floor":42,"key":"REST"},{"floor":44,"key":"REST"},{"floor":46,"key":"REST"},{"floor":49,"key":"REST"}],"neow_cost":"NONE","seed_source_timestamp":1180438107271787,"circlet_count":0,"master_deck":["Defend_B","Defend_B","Zap+1","Dualcast","Leap","Go for the Eyes+1","Hologram+1","Loop","Capacitor","Conserve Battery+1","Machine Learning","Loop+1","Coolheaded+1","Hologram+1","Conserve Battery+1","Chill+1","Sunder","Echo Form","Echo Form","Coolheaded+1","Defragment","Sunder+1","Conserve Battery+1","Defragment","Consume+1"],"special_seed":0,"relics":["Cracked Core","Omamori","Toxic Egg 2","Membership Card","Torii","Fusion Hammer","Art of War","Red Mask","MawBank","Anchor","DataDisk","Cursed Key","FossilizedHelix","Old Coin","Centennial Puzzle","Strawberry","Runic Capacitor","Blood Vial","Bag of Marbles"],"potions_floor_usage":[25,37,50],"damage_taken":[{"damage":4.0,"enemies":"Cultist","floor":1.0,"turns":4.0},{"damage":1.0,"enemies":"2 Louse","floor":7.0,"turns":2.0},{"damage":22.0,"enemies":"Gremlin Nob","floor":8.0,"turns":5.0},{"damage":2.0,"enemies":"Small Slimes","floor":12.0,"turns":2.0},{"damage":3.0,"enemies":"Lagavulin","floor":13.0,"turns":7.0},{"damage":0.0,"enemies":"Blue Slaver","floor":14.0,"turns":3.0},{"damage":8.0,"enemies":"The Guardian","floor":16.0,"turns":11.0},{"damage":0.0,"enemies":"Shell Parasite","floor":18.0,"turns":6.0},{"damage":25,"enemies":"Masked Bandits","floor":21,"turns":6},{"damage":0,"enemies":"Chosen","floor":23,"turns":6},{"damage":0,"enemies":"Snecko","floor":24,"turns":7},{"damage":2,"enemies":"Slavers","floor":25,"turns":6},{"damage":19,"enemies":"Gremlin Leader","floor":29,"turns":10},{"damage":0,"enemies":"Cultist and Chosen","floor":30,"turns":6},{"damage":0,"enemies":"Automaton","floor":33,"turns":10},{"damage":1,"enemies":"Orb Walker","floor":35,"turns":6},{"damage":0,"enemies":"Mind Bloom Boss Battle","floor":36,"turns":8},{"damage":17,"enemies":"2 Orb Walkers","floor":37,"turns":6},{"damage":0,"enemies":"3 Darklings","floor":38,"turns":6},{"damage":0,"enemies":"Sphere and 2 Shapes","floor":39,"turns":7},{"damage":0,"enemies":"Reptomancer","floor":41,"turns":8},{"damage":12,"enemies":"Spire Growth","floor":48,"turns":5},{"damage":0,"enemies":"Time Eater","floor":50,"turns":10}],"seed_played":"-5404178182706923982","potions_obtained":[{"floor":8.0,"key":"Poison Potion"},{"floor":12.0,"key":"Energy Potion"},{"floor":16.0,"key":"Fire Potion"},{"floor":24,"key":"FocusPotion"},{"floor":25,"key":"PowerPotion"},{"floor":37,"key":"LiquidBronze"}],"is_trial":false,"path_per_floor":["M","?","$","?","?","R","M","E","T","$","R","M","E","M","R","B",null,"M","?","$","?","$","M","M","E","T","R","$","E","M","?","R","B",null,"M","?","?","M","M","R","E","R","T","R","$","R","?","M","R","B",null],"character_chosen":"DEFECT","items_purchased":["Membership Card","Coolheaded+1","Art of War","Conserve Battery+1","Defragment","Runic Capacitor","Blood Vial","Bag of Marbles"],"campfire_rested":7,"item_purchase_floors":[10,20,20,22,45,45,45,45],"current_hp_per_floor":[71,64,64,64,53,53,52,30,30,30,30,28,25,25,25,17,75,75,75,75,50,50,50,50,48,48,70,70,51,51,51,73,73,75,74,74,57,57,57,75,75,75,82,82,82,82,82,70,82,82],"gold":977,"neow_bonus":"HUNDRED_GOLD","is_prod":false,"is_daily":false,"chose_seed":false,"campfire_upgraded":3,"win_rate":0,"timestamp":1549553787,"path_taken":["M","?","$","?","?","R","M","E","T","?","R","M","E","M","R","BOSS","M","?","?","?","$","M","M","E","T","R","$","E","?","?","R","BOSS","M","?","?","M","M","R","E","R","T","R","$","R","?","?","R","BOSS"],"build_version":"2019-02-06","purchased_purges":4,"victory":true,"max_hp_per_floor":[75,75,75,75,75,75,75,75,75,75,75,75,75,75,75,75,75,75,75,75,75,75,75,75,75,75,75,75,75,75,75,75,75,75,75,75,75,75,75,75,75,75,82,82,82,82,82,82,82,82],"card_choices":[{"not_picked":["Streamline","Sweeping Beam"],"picked":"Leap","floor":1.0},{"not_picked":["Leap","Scrape"],"picked":"Go for the Eyes","floor":7.0},{"not_picked":["Go for the Eyes","Scrape"],"picked":"Hologram","floor":8.0},{"not_picked":["Leap+1","Sweeping Beam"],"picked":"Loop","floor":12.0},{"not_picked":["Core Surge","Chaos+1"],"picked":"Capacitor","floor":13.0},{"not_picked":["Go for the Eyes","Stack+1"],"picked":"Conserve Battery+1","floor":14.0},{"not_picked":["Reboot+1","Biased Cognition"],"picked":"Machine Learning","floor":16.0},{"not_picked":["Reprogram+1","Barrage"],"picked":"Loop+1","floor":18.0},{"not_picked":["Leap+1","Ball Lightning"],"picked":"Hologram+1","floor":21},{"not_picked":["FTL","Beam Cell+1"],"picked":"Chill+1","floor":23},{"not_picked":["Redo+1","Beam Cell"],"picked":"Sunder","floor":24},{"not_picked":["Doom and Gloom","Turbo+1","Gash+1"],"picked":"SKIP","floor":25},{"not_picked":["Leap+1","Doom and Gloom"],"picked":"Echo Form","floor":29},{"not_picked":["Gash+1","Streamline+1","Redo+1"],"picked":"SKIP","floor":30},{"not_picked":["Meteor Strike","Machine Learning"],"picked":"Echo Form","floor":33},{"not_picked":["Redo+1","BootSequence+1"],"picked":"Coolheaded+1","floor":35},{"not_picked":["Static Discharge+1","Turbo+1"],"picked":"Defragment","floor":37},{"not_picked":["Compile Driver","Beam Cell"],"picked":"Sunder+1","floor":38},{"not_picked":["Static Discharge+1","Barrage"],"picked":"Conserve Battery+1","floor":39},{"not_picked":["Sunder","Steam+1","Barrage+1"],"picked":"SKIP","floor":41},{"not_picked":["Reprogram+1","Genetic Algorithm+1"],"picked":"Consume+1","floor":48}],"player_experience":431742,"relics_obtained":[{"floor":8.0,"key":"Omamori"},{"floor":9.0,"key":"Toxic Egg 2"},{"floor":13.0,"key":"Torii"},{"floor":21,"key":"Red Mask"},{"floor":25,"key":"MawBank"},{"floor":26,"key":"Anchor"},{"floor":29,"key":"DataDisk"},{"floor":36,"key":"FossilizedHelix"},{"floor":37,"key":"Old Coin"},{"floor":41,"key":"Centennial Puzzle"},{"floor":43,"key":"Strawberry"}],"event_choices":[{"cards_removed":["Strike_B"],"damage_healed":0.0,"max_hp_gain":0.0,"max_hp_loss":0.0,"gold_gain":0.0,"event_name":"Golden Wing","player_choice":"Card Removal","floor":2.0,"gold_loss":0.0,"damage_taken":7.0},{"cards_removed":["Defend_B"],"damage_healed":0.0,"max_hp_gain":0.0,"max_hp_loss":0.0,"gold_gain":0.0,"event_name":"Living Wall","player_choice":"Forget","floor":4.0,"gold_loss":0.0,"damage_taken":0.0},{"damage_healed":0.0,"max_hp_gain":0.0,"max_hp_loss":0.0,"gold_gain":75.0,"event_name":"World of Goop","player_choice":"Gather Gold","floor":5.0,"gold_loss":0.0,"damage_taken":11.0},{"damage_healed":0,"gold_gain":0,"player_choice":"Ignored","damage_taken":0,"max_hp_gain":0,"max_hp_loss":0,"event_name":"N\u0027loth","floor":19,"gold_loss":0},{"damage_healed":0,"gold_gain":0,"player_choice":"Fought Bandits","damage_taken":0,"max_hp_gain":0,"max_hp_loss":0,"event_name":"Masked Bandits","floor":21,"gold_loss":0},{"damage_healed":0,"gold_gain":99,"player_choice":"Stole From Cult","damage_taken":0,"max_hp_gain":0,"max_hp_loss":0,"event_name":"Nest","floor":31,"gold_loss":0},{"damage_healed":0,"gold_gain":0,"player_choice":"Fight","damage_taken":0,"max_hp_gain":0,"max_hp_loss":0,"event_name":"MindBloom","floor":36,"gold_loss":0},{"damage_healed":0,"gold_gain":0,"player_choice":"Fight","damage_taken":0,"max_hp_gain":0,"max_hp_loss":0,"event_name":"Mysterious Sphere","floor":37,"gold_loss":0},{"damage_healed":0,"gold_gain":222,"player_choice":"Wore Mask","damage_taken":0,"max_hp_gain":0,"max_hp_loss":0,"event_name":"Tomb of Lord Red Mask","floor":47,"gold_loss":0}],"is_beta":true,"boss_relics":[{"not_picked":["Eternal Feather","Lizard Tail"],"picked":"Fusion Hammer"},{"not_picked":["Astrolabe","Empty Cage"],"picked":"Cursed Key"}],"items_purged_floors":[3,10,20,45],"is_endless":false,"potions_floor_spawned":[8,12,16,24,25,30,33,37,41],"ascension_level":0}