{"gold_per_floor":[213,213,138,162,8,8,46,65,142,93,93,93,124,144,144,272,272,272,272,38,38,38,38,38,38,38,38,38,38,38,38,38,38],"floor_reached":33,"playtime":1542,"items_purged":["Strike_B","Defend_B","Defend_B"],"score":303,"play_id":"3fd62b19-a2cf-4e49-bd0c-be839d7724e7","local_time":"20190211182106","is_ascension_mode":true,"campfire_choices":[{"data":"Zap","floor":6,"key":"SMITH"},{"floor":12,"key":"REST"},{"data":"Coolheaded","floor":15,"key":"SMITH"},{"data":"Blizzard","floor":23,"key":"SMITH"},{"data":"White Noise","floor":29,"key":"SMITH"},{"floor":32,"key":"REST"}],"neow_cost":"NONE","seed_source_timestamp":3721641283898,"circlet_count":0,"master_deck":["Strike_B+1","Strike_B+1","Defend_B","Zap+1","Dualcast","Cold Snap","Glacier","Turbo","Sweeping Beam","Coolheaded+1","Blizzard+1","Genetic Algorithm","Melter","Biased Cognition","Hologram","White Noise+1","Beam Cell","Go for the Eyes+1"],"relics":["Cracked Core","Golden Idol","Ancient Tea Set","Tiny Chest","Kunai","Ectoplasm","Orichalcum","Whetstone"],"potions_floor_usage":[14,24,27,27,33],"damage_taken":[{"damage":0,"enemies":"Cultist","floor":1,"turns":3},{"damage":0,"enemies":"Small Slimes","floor":4,"turns":2},{"damage":39,"enemies":"Gremlin Nob","floor":7,"turns":5},{"damage":5,"enemies":"Jaw Worm","floor":8,"turns":2},{"damage":6,"enemies":"3 Sentries","floor":13,"turns":7},{"damage":4,"enemies":"Large Slime","floor":14,"turns":6},{"damage":36,"enemies":"The Guardian","floor":16,"turns":18},{"damage":6,"enemies":"Shell Parasite","floor":18,"turns":9},{"damage":2,"enemies":"3 Byrds","floor":19,"turns":6},{"damage":0,"enemies":"Snecko","floor":22,"turns":5},{"damage":8,"enemies":"Cultist and Chosen","floor":24,"turns":6},{"damage":24,"enemies":"Slavers","floor":27,"turns":5},{"damage":0,"enemies":"Centurion and Healer","floor":28,"turns":4},{"damage":6,"enemies":"Snecko","floor":31,"turns":4},{"damage":58,"enemies":"Champ","floor":33,"turns":10}],"seed_played":"8450522329273836739","potions_obtained":[{"floor":4,"key":"Ancient Potion"},{"floor":13,"key":"Fire Potion"},{"floor":18,"key":"Block Potion"},{"floor":22,"key":"SkillPotion"},{"floor":24,"key":"Swift Potion"},{"floor":28,"key":"SpeedPotion"},{"floor":31,"key":"PowerPotion"}],"is_trial":false,"path_per_floor":["M","?","$","M","$","R","E","M","T","$","?","R","E","M","R","B",null,"M","M","$","?","M","R","M","?","T","E","M","R","T","M","R","B"],"character_chosen":"DEFECT","items_purchased":["Turbo","Coolheaded","Blizzard","Genetic Algorithm"],"campfire_rested":2,"item_purchase_floors":[5,10,20,20],"current_hp_per_floor":[75,57,57,57,57,57,18,13,13,13,38,60,54,50,50,14,75,69,67,67,67,67,67,59,59,59,35,35,35,35,29,51,0],"gold":38,"neow_bonus":"HUNDRED_GOLD","is_prod":false,"is_daily":false,"chose_seed":false,"campfire_upgraded":4,"win_rate":0,"timestamp":1549905666,"path_taken":["M","?","$","M","$","R","E","M","T","$","?","R","E","M","R","BOSS","M","M","$","?","M","R","M","?","T","E","?","R","?","M","R","BOSS"],"build_version":"2019-01-23","purchased_purges":3,"victory":false,"max_hp_per_floor":[75,75,75,75,75,75,75,75,75,75,75,75,75,75,75,75,75,75,75,75,75,75,75,75,75,75,75,75,75,75,75,75,75],"card_choices":[{"not_picked":["Hologram","Turbo"],"picked":"Cold Snap","floor":1},{"not_picked":["Fusion","Chill"],"picked":"Glacier","floor":4},{"not_picked":["Leap","Heatsinks","Redo"],"picked":"SKIP","floor":7},{"not_picked":["Steam","Glacier"],"picked":"Sweeping Beam","floor":8},{"not_picked":["Stack","Chill","Streamline"],"picked":"SKIP","floor":13},{"not_picked":["Melter","Streamline","Fusion"],"picked":"SKIP","floor":14},{"not_picked":["Redo","Heatsinks","Double Energy"],"picked":"SKIP","floor":18},{"not_picked":["Self Repair","Scrape","Tempest"],"picked":"SKIP","floor":19},{"not_picked":["Genetic Algorithm","Redo+1"],"picked":"Hologram","floor":22},{"not_picked":["Tempest","Loop+1","Sunder+1"],"picked":"SKIP","floor":24},{"not_picked":["Beam Cell","Conserve Battery"],"picked":"White Noise","floor":27},{"not_picked":["Leap","Compile Driver+1"],"picked":"Beam Cell","floor":28},{"not_picked":["Compile Driver+1","Rebound"],"picked":"Go for the Eyes+1","floor":31}],"player_experience":56752,"relics_obtained":[{"floor":7,"key":"Ancient Tea Set"},{"floor":9,"key":"Tiny Chest"},{"floor":13,"key":"Kunai"},{"floor":27,"key":"Orichalcum"},{"floor":30,"key":"Whetstone"}],"event_choices":[{"damage_healed":0,"gold_gain":0,"player_choice":"Take Damage","damage_taken":18,"relics_obtained":["Golden Idol"],"max_hp_gain":0,"max_hp_loss":0,"event_name":"Golden Idol","floor":2,"gold_loss":0},{"damage_healed":25,"gold_gain":0,"player_choice":"Banana","damage_taken":0,"max_hp_gain":0,"max_hp_loss":0,"event_name":"Big Fish","floor":11,"gold_loss":0},{"damage_healed":0,"gold_gain":0,"cards_transformed":["Defend_B","Strike_B"],"player_choice":"Became Test Subject","damage_taken":0,"max_hp_gain":0,"max_hp_loss":0,"event_name":"Drug Dealer","floor":21,"gold_loss":0,"cards_obtained":["Melter","Biased Cognition"]},{"damage_healed":0,"gold_gain":100,"player_choice":"Pray","damage_taken":0,"max_hp_gain":0,"max_hp_loss":0,"event_name":"Golden Shrine","floor":25,"gold_loss":0}],"is_beta":false,"boss_relics":[{"not_picked":["Fusion Hammer","Calling Bell"],"picked":"Ectoplasm"}],"items_purged_floors":[3,5,20],"is_endless":false,"potions_floor_spawned":[4,13,18,22,24,28,31],"killed_by":"Champ","ascension_level":2}