{"gold_per_floor":[118,118,131,4,22,56,56,74,74,74,28,46,10,35,35,112,112,132,132],"floor_reached":19,"playtime":807,"items_purged":["Strike_R"],"score":301,"play_id":"e4e72c1e-27b8-4428-a40c-1cf001c99193","local_time":"20190203142459","is_ascension_mode":true,"campfire_choices":[{"data":"Bash","floor":7,"key":"SMITH"},{"floor":10,"key":"REST"},{"floor":15,"key":"REST"}],"neow_cost":"NONE","seed_source_timestamp":501377721679,"circlet_count":0,"master_deck":["AscendersBane","Strike_R","Strike_R","Strike_R","Defend_R","Defend_R","Defend_R","Defend_R","Bash+1","Thunderclap","Carnage","Headbutt","Disarm","Double Tap","Whirlwind","Shrug It Off","True Grit","Disarm","Thunderclap","Reaper","Inflame"],"relics":["Black Blood","NeowsBlessing","The Courier","Darkstone Periapt","Odd Mushroom"],"potions_floor_usage":[6,16,16],"damage_taken":[{"damage":0,"enemies":"Cultist","floor":1,"turns":1},{"damage":0,"enemies":"Jaw Worm","floor":3,"turns":1},{"damage":0,"enemies":"Small Slimes","floor":5,"turns":1},{"damage":31,"enemies":"Lagavulin","floor":6,"turns":6},{"damage":21,"enemies":"Blue Slaver","floor":8,"turns":3},{"damage":22,"enemies":"Large Slime","floor":12,"turns":4},{"damage":25,"enemies":"The Mushroom Lair","floor":14,"turns":5},{"damage":42,"enemies":"Slime Boss","floor":16,"turns":10},{"damage":44,"enemies":"Spheric Guardian","floor":18,"turns":5},{"damage":41,"enemies":"Chosen","floor":19,"turns":5}],"seed_played":"-6094416121836483747","potions_obtained":[{"floor":3,"key":"Strength Potion"},{"floor":5,"key":"Poison Potion"},{"floor":14,"key":"Ancient Potion"}],"is_trial":false,"path_per_floor":["M","?","M","$","M","E","R","M","T","R","$","M","$","?","R","B",null,"M","M"],"character_chosen":"IRONCLAD","items_purchased":["Headbutt","Shrug It Off","Disarm"],"campfire_rested":2,"item_purchase_floors":[4,11,13],"current_hp_per_floor":[74,74,75,75,75,50,50,35,35,57,57,41,41,22,44,8,58,24,0],"gold":132,"neow_bonus":"THREE_ENEMY_KILL","is_prod":false,"is_daily":false,"chose_seed":false,"campfire_upgraded":1,"win_rate":0,"timestamp":1549221899,"path_taken":["M","?","?","$","M","E","R","M","T","R","$","M","$","?","R","BOSS","M","M"],"build_version":"2019-01-23","purchased_purges":1,"victory":false,"max_hp_per_floor":[75,75,75,75,75,75,75,75,75,75,75,75,75,75,75,75,75,75,75],"card_choices":[{"not_picked":["Iron Wave","Warcry"],"picked":"Thunderclap","floor":1},{"not_picked":["Wild Strike","Clothesline"],"picked":"Carnage","floor":3},{"not_picked":["Thunderclap","Evolve"],"picked":"Disarm","floor":5},{"not_picked":["Heavy Blade","Sword Boomerang"],"picked":"Double Tap","floor":6},{"not_picked":["Sever Soul","Warcry"],"picked":"Whirlwind","floor":8},{"not_picked":["Combust","Ghostly Armor"],"picked":"True Grit","floor":12},{"not_picked":["Wild Strike","Flex"],"picked":"Thunderclap","floor":14},{"not_picked":["Offering","Double Tap"],"picked":"Reaper","floor":16},{"not_picked":["Heavy Blade","Clothesline"],"picked":"Inflame","floor":18}],"player_experience":2296579,"relics_obtained":[{"floor":6,"key":"The Courier"},{"floor":9,"key":"Darkstone Periapt"},{"floor":14,"key":"Odd Mushroom"}],"event_choices":[{"cards_removed":["Strike_R"],"damage_healed":0,"gold_gain":0,"player_choice":"Offered Basic","damage_taken":0,"max_hp_gain":0,"max_hp_loss":0,"event_name":"Bonfire Elementals","floor":2,"gold_loss":0},{"damage_healed":0,"gold_gain":0,"player_choice":"Fought Mushrooms","damage_taken":0,"max_hp_gain":0,"max_hp_loss":0,"event_name":"Mushrooms","floor":14,"gold_loss":0}],"is_beta":false,"boss_relics":[{"not_picked":["Eternal Feather","Velvet Choker"],"picked":"Black Blood"}],"items_purged_floors":[4],"is_endless":false,"potions_floor_spawned":[3,5,14],"killed_by":"Chosen","ascension_level":16}