{"gold_per_floor":[111,127,142,26,26,59,59,95,148,148,148,59,59,77,77,173,173,186,186],"floor_reached":19,"playtime":916,"items_purged":["Strike_B"],"score":314,"play_id":"53fa701c-850b-4385-9dc0-09f4bafb1201","local_time":"20190121194112","is_ascension_mode":true,"campfire_choices":[{"data":"Glacier","floor":11,"key":"SMITH"},{"floor":13,"key":"REST"},{"floor":15,"key":"REST"}],"neow_cost":"NONE","seed_source_timestamp":126830590878905,"circlet_count":0,"master_deck":["AscendersBane","Strike_B","Strike_B","Strike_B","Defend_B","Defend_B","Defend_B","Defend_B","Zap","Dualcast","Defragment","Sweeping Beam","Glacier+1","Heatsinks","Sweeping Beam","Darkness","Loop","Stack","Fission","Leap"],"relics":["Cracked Core","NeowsBlessing","Golden Idol","PreservedInsect","Odd Mushroom","Bag of Preparation","DataDisk","Black Star"],"potions_floor_usage":[8],"damage_taken":[{"damage":0,"enemies":"2 Louse","floor":1,"turns":1},{"damage":0,"enemies":"Small Slimes","floor":2,"turns":1},{"damage":0,"enemies":"Jaw Worm","floor":3,"turns":1},{"damage":24,"enemies":"3 Sentries","floor":6,"turns":14},{"damage":10,"enemies":"The Mushroom Lair","floor":8,"turns":3},{"damage":5,"enemies":"Large Slime","floor":14,"turns":3},{"damage":55,"enemies":"Slime Boss","floor":16,"turns":15},{"damage":23,"enemies":"Shell Parasite","floor":18,"turns":7},{"damage":27,"enemies":"3 Byrds","floor":19,"turns":3}],"seed_played":"1146687912584308740","potions_obtained":[{"floor":1,"key":"Ancient Potion"},{"floor":6,"key":"Explosive Potion"},{"floor":8,"key":"EssenceOfSteel"}],"is_trial":false,"path_per_floor":["M","M","M","$","?","E","?","?","T","?","R","$","R","M","R","B",null,"M","M"],"character_chosen":"DEFECT","items_purchased":["Heatsinks","Loop"],"campfire_rested":2,"item_purchase_floors":[4,12],"current_hp_per_floor":[64,64,64,64,64,40,40,30,30,30,30,30,49,44,63,8,50,27,0],"gold":186,"neow_bonus":"THREE_ENEMY_KILL","is_prod":false,"is_daily":false,"chose_seed":false,"campfire_upgraded":1,"win_rate":0,"timestamp":1548117672,"path_taken":["M","M","M","$","?","E","?","?","T","?","R","$","R","M","R","BOSS","M","M"],"build_version":"2019-01-17v2","purchased_purges":1,"victory":false,"max_hp_per_floor":[71,71,71,71,64,64,64,64,64,64,64,64,64,64,64,64,64,64,64],"card_choices":[{"not_picked":["Capacitor","Turbo"],"picked":"Defragment","floor":1},{"not_picked":["Stack","Fusion"],"picked":"Sweeping Beam","floor":2},{"not_picked":["Gash","Seek"],"picked":"Glacier","floor":3},{"not_picked":["Rebound","Barrage"],"picked":"Sweeping Beam","floor":6},{"not_picked":["Redo","Gash"],"picked":"Darkness","floor":8},{"not_picked":["Ball Lightning","Rebound"],"picked":"Stack","floor":14},{"not_picked":["Amplify","All For One"],"picked":"Fission","floor":16},{"not_picked":["Go for the Eyes","Rip and Tear"],"picked":"Leap","floor":18}],"player_experience":2193787,"relics_obtained":[{"floor":6,"key":"PreservedInsect"},{"floor":8,"key":"Odd Mushroom"},{"floor":9,"key":"Bag of Preparation"}],"event_choices":[{"damage_healed":0,"gold_gain":0,"player_choice":"Lose Max HP","damage_taken":0,"relics_obtained":["Golden Idol"],"max_hp_gain":0,"max_hp_loss":7,"event_name":"Golden Idol","floor":5,"gold_loss":0},{"damage_healed":0,"gold_gain":0,"player_choice":"Ignored","damage_taken":0,"max_hp_gain":0,"max_hp_loss":0,"event_name":"Shining Light","floor":7,"gold_loss":0},{"damage_healed":0,"gold_gain":0,"player_choice":"Fought Mushrooms","damage_taken":0,"max_hp_gain":0,"max_hp_loss":0,"event_name":"Mushrooms","floor":8,"gold_loss":0},{"damage_healed":0,"gold_gain":0,"player_choice":"Searched \u00271\u0027 times","damage_taken":0,"relics_obtained":["DataDisk"],"max_hp_gain":0,"max_hp_loss":0,"event_name":"Dead Adventurer","floor":10,"gold_loss":0}],"is_beta":false,"boss_relics":[{"not_picked":["Pandora\u0027s Box","Philosopher\u0027s Stone"],"picked":"Black Star"}],"items_purged_floors":[4],"is_endless":false,"potions_floor_spawned":[1,6,8,16],"killed_by":"3 Byrds","ascension_level":18}