{"path_per_floor":["M","?","M","?","?","R","M","R","T","R","$","M","?","M","R","B",null,"M","$","?","?","?","R","?","M","T","R","E","?","R","M","R","B",null,"M","?","?","M","T","R","M","M","T","M","?"],"character_chosen":"THE_SILENT","items_purchased":["Noxious Fumes","Bouncing Flask","Deadly Poison","Noxious Fumes","Adrenaline"],"gold_per_floor":[113,113,129,129,204,204,222,222,222,222,56,70,70,90,90,219,219,237,21,21,21,21,21,21,44,70,70,101,101,101,120,120,248,248,273,273,337,362,387,387,407,421,447,470,470,470],"floor_reached":46,"campfire_rested":5,"playtime":1985,"item_purchase_floors":[11,11,11,19,19],"current_hp_per_floor":[70,70,70,53,42,63,59,59,59,59,59,45,45,36,57,41,70,62,62,62,62,62,62,62,60,60,60,38,38,59,45,66,48,70,67,67,36,8,8,29,28,14,14,18,18,0],"items_purged":["Strike_G"],"gold":470,"score":566,"play_id":"7813333d-e5e0-4346-be6c-4ce361d73ceb","local_time":"20180618082309","is_prod":false,"is_daily":false,"chose_seed":false,"is_ascension_mode":true,"campfire_upgraded":4,"win_rate":0,"timestamp":1529324589,"campfire_choices":[{"floor":6,"key":"REST"},{"data":"Choke","floor":8,"key":"SMITH"},{"data":"Malaise","floor":10,"key":"SMITH"},{"floor":15,"key":"REST"},{"data":"Noxious Fumes","floor":23,"key":"SMITH"},{"data":"Noxious Fumes","floor":27,"key":"SMITH"},{"floor":30,"key":"REST"},{"floor":32,"key":"REST"},{"floor":40,"key":"REST"}],"path_taken":["M","?","?","?","?","R","M","R","T","R","$","?","?","?","R","BOSS","M","$","?","?","?","R","?","?","T","R","E","?","R","M","R","BOSS","M","?","?","M","?","R","M","M","T","M","?","E"],"build_version":"2018-06-14v2","seed_source_timestamp":361927803266412,"purchased_purges":1,"victory":false,"master_deck":["Defend_G","Defend_G","Defend_G","Defend_G","Defend_G","Strike_G","Strike_G","Survivor","Neutralize","Crippling Poison","Choke+1","Malaise+1","Noxious Fumes+1","Bouncing Flask","Deadly Poison","Caltrops","Catalyst+1","Burst","Deadly Poison","Noxious Fumes+1","Adrenaline","Dagger Spray+1","Doubt","Dodge and Roll","Catalyst","Adrenaline","Footwork","Deadly Poison+1","Injury","Backflip+1","Catalyst","Pain","PiercingWail+1"],"max_hp_per_floor":[70,70,70,70,70,70,70,70,70,70,70,70,70,70,70,70,70,70,70,70,70,70,70,70,70,70,70,70,70,70,70,70,70,70,70,70,70,70,70,70,70,70,70,70,70,70],"relics":["Ring of the Snake","Lantern","Golden Idol","Letter Opener","Bag of Marbles","Cursed Key","Potion Belt","Question Card","Lizard Tail","Tingsha","Singing Bowl","Juzu Bracelet"],"card_choices":[{"not_picked":["Dagger Throw","Acrobatics"],"picked":"Crippling Poison","floor":1},{"not_picked":["Flechettes","Dodge and Roll"],"picked":"Choke","floor":3},{"not_picked":["Masterful Stab","Sucker Punch"],"picked":"Malaise","floor":7},{"not_picked":["Well Laid Plans","Flying Knee"],"picked":"Caltrops","floor":12},{"not_picked":["Noxious Fumes","Setup"],"picked":"Catalyst","floor":14},{"not_picked":["Bullet Time","Phantasmal Killer"],"picked":"Burst","floor":16},{"not_picked":["Concentrate","Acrobatics"],"picked":"Deadly Poison","floor":18},{"not_picked":["Caltrops","Eviscerate+1"],"picked":"Dagger Spray+1","floor":25},{"not_picked":["Escape Plan","Expertise"],"picked":"Dodge and Roll","floor":28},{"not_picked":["Calculated Gamble","Endless Agony+1","Riddle With Holes+1"],"picked":"Catalyst","floor":31},{"not_picked":["Storm of Steel","Night Terror","Burst"],"picked":"Adrenaline","floor":33},{"not_picked":["Dagger Spray","Sucker Punch","Dodge and Roll"],"picked":"Footwork","floor":35},{"not_picked":["Backstab","Outmaneuver","Slice+1"],"picked":"Deadly Poison+1","floor":38},{"not_picked":["Predator","Bane","Dagger Throw+1"],"picked":"Backflip+1","floor":41},{"not_picked":["Calculated Gamble","Bane","Malaise+1"],"picked":"Catalyst","floor":42},{"not_picked":["Accuracy+1","Quick Slash","Deadly Poison+1"],"picked":"PiercingWail+1","floor":44}],"player_experience":622936,"potions_floor_usage":[16,33,33,42,42,44,46],"damage_taken":[{"damage":0,"enemies":"Small Slimes","floor":1,"turns":3},{"damage":0,"enemies":"2 Louse","floor":3,"turns":3},{"damage":4,"enemies":"Cultist","floor":7,"turns":3},{"damage":14,"enemies":"Exordium Thugs","floor":12,"turns":3},{"damage":9,"enemies":"Blue Slaver","floor":14,"turns":2},{"damage":16,"enemies":"The Guardian","floor":16,"turns":8},{"damage":8,"enemies":"Chosen","floor":18,"turns":5},{"damage":2,"enemies":"3 Byrds","floor":25,"turns":3},{"damage":22,"enemies":"Book of Stabbing","floor":28,"turns":4},{"damage":14,"enemies":"3 Cultists","floor":31,"turns":4},{"damage":18,"enemies":"Champ","floor":33,"turns":7},{"damage":3,"enemies":"Orb Walker","floor":35,"turns":2},{"damage":31,"floor":37,"turns":5},{"damage":28,"enemies":"3 Darklings","floor":38,"turns":4},{"damage":1,"enemies":"Sphere and 2 Shapes","floor":41,"turns":3},{"damage":14,"enemies":"Maw","floor":42,"turns":5},{"damage":34,"enemies":"3 Darklings","floor":44,"turns":4},{"damage":26,"enemies":"2 Orb Walkers","floor":46,"turns":2}],"relics_obtained":[{"floor":9,"key":"Letter Opener"},{"floor":26,"key":"Potion Belt"},{"floor":28,"key":"Question Card"},{"floor":37,"key":"Tingsha"},{"floor":39,"key":"Singing Bowl"},{"floor":43,"key":"Juzu Bracelet"}],"event_choices":[{"event_name":"Living Wall","player_choice":"Forget","floor":2,"damage_taken":0},{"event_name":"Golden Idol","player_choice":"Take Damage","floor":4,"damage_taken":0},{"event_name":"World of Goop","player_choice":"Gather Gold","floor":5,"damage_taken":0},{"event_name":"Dead Adventurer","player_choice":"Searched \u00271\u0027 times","floor":13,"damage_taken":0},{"event_name":"Ghosts","player_choice":"Ignored","floor":20,"damage_taken":0},{"event_name":"Transmorgrifier","player_choice":"Transform","floor":21,"damage_taken":0},{"event_name":"Vampires","player_choice":"Ignored","floor":22,"damage_taken":0},{"event_name":"N\u0027loth","player_choice":"Ignored","floor":24,"damage_taken":0},{"event_name":"Upgrade Shrine","player_choice":"Upgraded","floor":29,"damage_taken":0},{"event_name":"Falling","player_choice":"Removed Attack","floor":36,"damage_taken":0},{"event_name":"Mysterious Sphere","player_choice":"Fight","floor":37,"damage_taken":0},{"event_name":"Tomb of Lord Red Mask","player_choice":"Ignored","floor":45,"damage_taken":0}],"boss_relics":[{"not_picked":["Empty Cage","Runic Dome"],"picked":"Cursed Key"},{"not_picked":["Black Star","Busted Crown"],"picked":"Lizard Tail"}],"items_purged_floors":[19],"is_endless":false,"potions_floor_spawned":[3,16,18,25,28,33,37,41],"seed_played":"7558559940835678982","killed_by":"2 Orb Walkers","ascension_level":4,"potions_obtained":[{"floor":3,"key":"Dexterity Potion"},{"floor":16,"key":"Swift Potion"},{"floor":18,"key":"SpeedPotion"},{"floor":25,"key":"Dexterity Potion"},{"floor":28,"key":"GhostInAJar"},{"floor":33,"key":"Explosive Potion"},{"floor":37,"key":"SkillPotion"},{"floor":41,"key":"SkillPotion"}],"is_trial":false}