{"path_per_floor":["M","M","?","?","?","E","R","M","T","M","M","?","M","$","R","B",null,"M","?","M","?","M","R","M","$","T","?","M","M","E","M","R"],"character_chosen":"THE_SILENT","items_purchased":["Apotheosis","Slice","Flash of Steel","Noxious Fumes","Prepared"],"gold_per_floor":[113,133,133,133,133,162,162,178,178,197,216,216,235,0,0,105,105,119,119,133,133,152,152,170,2,26,26,42,62,93,110,110,110],"floor_reached":33,"campfire_rested":4,"playtime":3503,"item_purchase_floors":[14,14,25,25,25],"current_hp_per_floor":[65,65,70,70,37,20,57,55,55,45,34,34,20,20,57,38,75,65,65,49,49,22,59,38,38,38,38,26,10,4,28,66,0],"items_purged":[],"gold":110,"score":271,"play_id":"efd35b2d-b7b8-452e-a18c-238fe16adcea","local_time":"20180605224805","is_prod":false,"is_daily":false,"chose_seed":false,"is_ascension_mode":false,"campfire_upgraded":0,"win_rate":0,"timestamp":1528253285,"campfire_choices":[{"floor":7,"key":"REST"},{"floor":15,"key":"REST"},{"floor":23,"key":"REST"},{"floor":32,"key":"REST"}],"path_taken":["M","M","?","?","?","E","R","M","T","?","M","?","M","$","R","BOSS","M","?","M","?","M","R","M","$","T","?","M","?","E","M","R","BOSS"],"build_version":"2018-05-31","seed_source_timestamp":445867912650773,"purchased_purges":0,"victory":false,"master_deck":["Defend_G","Defend_G","Defend_G","Defend_G","Defend_G","Strike_G","Strike_G","Strike_G","Survivor","Neutralize","Caltrops","Dash","A Thousand Cuts","Skewer","Terror","Backflip","Choke","Apotheosis","Slice","Storm of Steel","Flying Knee","Blade Dance","Prepared","Malaise","Flash of Steel","Noxious Fumes","Prepared","Flash of Steel","Slice","Prepared","Blade Dance"],"max_hp_per_floor":[70,70,75,75,75,75,75,75,75,75,75,75,75,75,75,75,75,75,75,75,75,75,75,75,75,75,75,75,75,75,77,77,77],"relics":["Ring of the Snake","Potion Belt","Ornamental Fan","Regal Pillow","Bottled Tornado","Lizard Tail","Pen Nib","Singing Bowl"],"card_choices":[{"not_picked":["Skewer","Quick Slash"],"picked":"Caltrops","floor":1},{"not_picked":["Backstab","Deadly Poison"],"picked":"Dash","floor":2},{"not_picked":["Concentrate","Bouncing Flask","Poisoned Stab"],"picked":"SKIP","floor":6},{"not_picked":["Flechettes","Prepared"],"picked":"Skewer","floor":8},{"not_picked":["Dagger Throw","Masterful Stab"],"picked":"Terror","floor":10},{"not_picked":["Concentrate","Masterful Stab"],"picked":"Backflip","floor":11},{"not_picked":["Slice","Terror"],"picked":"Choke","floor":13},{"not_picked":["Corpse Explosion","Unload"],"picked":"Storm of Steel","floor":16},{"not_picked":["Outmaneuver","Dagger Spray"],"picked":"Flying Knee","floor":18},{"not_picked":["Deadly Poison","Dagger Spray+1"],"picked":"Blade Dance","floor":20},{"not_picked":["Poisoned Stab","Venomology"],"picked":"Prepared","floor":22},{"not_picked":["Poisoned Stab","Caltrops"],"picked":"Malaise","floor":24},{"not_picked":["Well Laid Plans","Bane+1"],"picked":"Slice","floor":28},{"not_picked":["Sucker Punch","Acrobatics"],"picked":"Prepared","floor":29},{"not_picked":["Prepared","Setup"],"picked":"Blade Dance","floor":30},{"not_picked":["Acrobatics+1","Underhanded Strike","Blade Dance"],"picked":"Singing Bowl","floor":31}],"player_experience":373623,"potions_floor_usage":[16,16,16,18,18,22,24,29,30,31],"damage_taken":[{"damage":5,"enemies":"2 Louse","floor":1,"turns":3},{"damage":0,"enemies":"Small Slimes","floor":2,"turns":3},{"damage":17,"enemies":"Gremlin Nob","floor":6,"turns":6},{"damage":2,"enemies":"Jaw Worm","floor":8,"turns":4},{"damage":10,"enemies":"Large Slime","floor":10,"turns":6},{"damage":11,"enemies":"Exordium Wildlife","floor":11,"turns":5},{"damage":14,"enemies":"3 Louse","floor":13,"turns":4},{"damage":19,"enemies":"Slime Boss","floor":16,"turns":9},{"damage":10,"enemies":"3 Byrds","floor":18,"turns":5},{"damage":16,"enemies":"Shell Parasite","floor":20,"turns":7},{"damage":27,"enemies":"Snake Plant","floor":22,"turns":5},{"damage":21,"enemies":"Sentry and Sphere","floor":24,"turns":6},{"damage":12,"enemies":"Centurion and Healer","floor":28,"turns":8},{"damage":16,"enemies":"Snecko","floor":29,"turns":5},{"damage":6,"enemies":"Gremlin Leader","floor":30,"turns":7},{"damage":22,"enemies":"Slaver and Parasite","floor":31,"turns":8},{"damage":69,"enemies":"Champ","floor":33,"turns":11}],"relics_obtained":[{"floor":6,"key":"Regal Pillow"},{"floor":9,"key":"Bottled Tornado"},{"floor":26,"key":"Pen Nib"},{"floor":30,"key":"Singing Bowl"}],"event_choices":[{"event_name":"Big Fish","player_choice":"Donut","floor":3,"damage_taken":0},{"event_name":"Living Wall","player_choice":"Change","floor":4,"damage_taken":0},{"event_name":"Scrap Ooze","player_choice":"success","floor":5,"damage_taken":33},{"event_name":"The Lab","player_choice":"Got Potions","floor":12,"damage_taken":0},{"event_name":"Purifier","player_choice":"One Purge","floor":19,"damage_taken":0},{"event_name":"Vampires","player_choice":"Ignored","floor":21,"damage_taken":0},{"event_name":"Duplicator","player_choice":"One dupe","floor":27,"damage_taken":0}],"boss_relics":[{"not_picked":["White Beast Statue","Cursed Key"],"picked":"Lizard Tail"}],"items_purged_floors":[],"potions_floor_spawned":[1,10,11,13,16,18,28,29,30],"seed_played":"755124046148137169","killed_by":"Champ","ascension_level":0,"potions_obtained":[{"floor":1,"key":"Dexterity Potion"},{"floor":10,"key":"Weak Potion"},{"floor":11,"key":"AttackPotion"},{"floor":12,"key":"Block Potion"},{"floor":12,"key":"SteroidPotion"},{"floor":13,"key":"Poison Potion"},{"floor":16,"key":"Strength Potion"},{"floor":18,"key":"Explosive Potion"},{"floor":28,"key":"AttackPotion"},{"floor":29,"key":"AttackPotion"},{"floor":30,"key":"Explosive Potion"}],"is_trial":false}