{"gold_per_floor":[119,135,135,147,147,147,70,70,70,70,90,107,107,10,10,115,115,129,129,54,74,74,74,87,105,105,105,124,154,154,154,154,253,253,264,264,264,264,277,277,297,3,3,18,18,18,33,53,53,53],"floor_reached":51,"playtime":2722,"items_purged":["Strike_B","Strike_B"],"score":1084,"play_id":"31a50d6f-e2dc-41ea-a081-b7b08ac79809","local_time":"20180713115602","is_ascension_mode":false,"campfire_choices":[{"data":"Zap","floor":6,"key":"SMITH"},{"data":"Dualcast","floor":8,"key":"SMITH"},{"floor":15,"key":"REST"},{"data":"Hologram","floor":23,"key":"SMITH"},{"data":"Redo","floor":27,"key":"SMITH"},{"data":"Fusion","floor":30,"key":"SMITH"},{"floor":32,"key":"REST"},{"floor":40,"key":"DIG"},{"floor":45,"key":"DIG"},{"data":"Madness","floor":49,"key":"SMITH"}],"neow_cost":"","seed_source_timestamp":0,"circlet_count":0,"master_deck":["Strike_B","Strike_B","Defend_B","Defend_B","Defend_B","Zap+1","Dualcast+1","Streamline","Hologram+1","BootSequence","FTL","Redo+1","Gash","Flash of Steel","All For One","Steam+1","Gash","Reprogram","Fusion+1","Hologram","Go for the Eyes","Gash","Machine Learning","Go for the Eyes+1","Gash","Beam Cell+1","Gash+1","Madness+1","Madness","Go for the Eyes"],"relics":["Unceasing Top","Ancient Tea Set","Question Card","Mercury Hourglass","Cursed Key","Omamori","Nuclear Battery","Shovel","Juzu Bracelet","HandDrill","Shuriken"],"potions_floor_usage":[16,29,29,33,36,38,44],"damage_taken":[{"damage":5,"enemies":"Small Slimes","floor":1,"turns":3},{"damage":3,"enemies":"2 Louse","floor":2,"turns":2},{"damage":15,"enemies":"Cultist","floor":4,"turns":4},{"damage":7,"enemies":"Blue Slaver","floor":11,"turns":3},{"damage":5,"enemies":"Lots of Slimes","floor":12,"turns":3},{"damage":38,"enemies":"The Guardian","floor":16,"turns":12},{"damage":0,"enemies":"Chosen","floor":18,"turns":3},{"damage":10,"enemies":"3 Byrds","floor":21,"turns":3},{"damage":0,"enemies":"3 Cultists","floor":24,"turns":4},{"damage":0,"enemies":"Centurion and Healer","floor":25,"turns":4},{"damage":8,"enemies":"Sentry and Sphere","floor":28,"turns":4},{"damage":15,"enemies":"Gremlin Leader","floor":29,"turns":4},{"damage":0,"enemies":"Champ","floor":33,"turns":4},{"damage":0,"enemies":"Flame Bruiser 1 Orb","floor":35,"turns":2},{"damage":0,"floor":36,"turns":3},{"damage":0,"enemies":"3 Darklings","floor":38,"turns":1},{"damage":0,"enemies":"Flame Bruiser 2 Orb","floor":39,"turns":2},{"damage":0,"enemies":"Sphere and 2 Shapes","floor":41,"turns":2},{"damage":4,"enemies":"4 Shapes","floor":44,"turns":2},{"damage":0,"enemies":"3 Darklings","floor":47,"turns":1},{"damage":0,"enemies":"Transient","floor":48,"turns":3},{"damage":0,"enemies":"Awakened One","floor":50,"turns":2}],"seed_played":"-6663310885491446417","potions_obtained":[{"floor":1,"key":"EssenceOfSteel"},{"floor":11,"key":"SmokeBomb"},{"floor":18,"key":"SteroidPotion"},{"floor":25,"key":"Ancient Potion"},{"floor":29,"key":"Energy Potion"},{"floor":35,"key":"Swift Potion"},{"floor":39,"key":"LiquidBronze"},{"floor":44,"key":"Explosive Potion"},{"floor":48,"key":"PowerPotion"}],"is_trial":true,"path_per_floor":["M","M","?","M","?","R","$","R","T","$","M","M","?","$","R","B",null,"M","?","$","M","?","R","M","M","T","R","M","E","R","?","R","B",null,"M","?","?","M","M","R","M","$","T","M","R","?","M","M","R","B"],"character_chosen":"DEFECT","items_purchased":["FTL","Flash of Steel","HandDrill"],"campfire_rested":2,"item_purchase_floors":[7,14,42],"current_hp_per_floor":[70,67,55,40,40,40,40,40,40,40,33,28,28,28,50,12,75,75,75,75,65,65,65,65,65,65,65,57,42,42,42,64,64,75,75,75,75,75,75,75,75,75,75,71,71,62,62,62,62,62],"gold":53,"neow_bonus":"","is_prod":false,"is_daily":false,"chose_seed":false,"campfire_upgraded":6,"win_rate":0,"timestamp":1531497362,"path_taken":["M","M","?","M","?","R","$","R","T","$","?","M","?","?","R","BOSS","M","?","$","?","?","R","M","?","T","R","M","E","R","?","R","BOSS","M","?","?","M","?","R","M","$","T","M","R","?","M","M","R","BOSS"],"build_version":"2018-07-12","purchased_purges":2,"victory":true,"max_hp_per_floor":[75,75,75,75,75,75,75,75,75,75,75,75,75,75,75,75,75,75,75,75,75,75,75,75,75,75,75,75,75,75,75,75,75,75,75,75,75,75,75,75,75,75,75,75,75,75,75,75,75,75],"card_choices":[{"not_picked":["Consume","Rebound"],"picked":"Streamline","floor":1},{"not_picked":["Barrage","Turbo"],"picked":"Hologram","floor":2},{"not_picked":["Darkness","Steam Power"],"picked":"BootSequence","floor":4},{"not_picked":["Coolheaded","Cold Snap","Ball Lightning"],"picked":"Redo","floor":11},{"not_picked":["Chill","Beam Cell","Ball Lightning"],"picked":"Gash","floor":12},{"not_picked":["Machine Learning","Thunder Strike","Multi-Cast"],"picked":"All For One","floor":16},{"not_picked":["Compile Driver+1","Streamline","Auto Shields"],"picked":"Steam+1","floor":18},{"not_picked":["Coolheaded","Turbo+1","Hello World"],"picked":"Reprogram","floor":21},{"not_picked":["Conserve Battery","Storm","Sweeping Beam"],"picked":"Fusion","floor":24},{"not_picked":["Stack","Undo","Coolheaded"],"picked":"Hologram","floor":25},{"not_picked":["Electrodynamics","Ball Lightning","Leap"],"picked":"Go for the Eyes","floor":28},{"not_picked":["Reprogram","Multi-Cast","Cold Snap"],"picked":"Gash","floor":29},{"not_picked":["Rainbow","Hyperbeam","Amplify"],"picked":"Machine Learning","floor":33},{"not_picked":["Barrage","Leap","Undo+1"],"picked":"Go for the Eyes+1","floor":35},{"not_picked":["Double Energy+1","Storm","Sunder+1"],"picked":"Gash","floor":36},{"not_picked":["Static Discharge+1","Compile Driver+1","Stack"],"picked":"Beam Cell+1","floor":39},{"not_picked":["Self Repair+1","Turbo","Loop+1","Ball Lightning+1"],"picked":"SKIP","floor":41},{"not_picked":["Cold Snap+1","Sweeping Beam+1","Beam Cell+1"],"picked":"Gash+1","floor":44},{"not_picked":["Core Surge","Barrage","Streamline+1"],"picked":"Go for the Eyes","floor":47},{"not_picked":["Ball Lightning+1","Electrodynamics","Capacitor","Streamline+1"],"picked":"SKIP","floor":48}],"player_experience":1069234,"relics_obtained":[{"floor":9,"key":"Question Card"},{"floor":29,"key":"Omamori"},{"floor":36,"key":"Shovel"},{"floor":40,"key":"Juzu Bracelet"},{"floor":45,"key":"Shuriken"}],"event_choices":[{"event_name":"Scrap Ooze","player_choice":"success","floor":3,"damage_taken":12},{"event_name":"The Woman in Blue","player_choice":"Bought 0 Potions","floor":5,"damage_taken":0},{"event_name":"Dead Adventurer","player_choice":"Searched \u00271\u0027 times","floor":13,"damage_taken":0},{"event_name":"Duplicator","player_choice":"One dupe","floor":19,"damage_taken":0},{"event_name":"Cursed Tome","player_choice":"Ignored","floor":22,"damage_taken":0},{"event_name":"Vampires","player_choice":"Ignored","floor":31,"damage_taken":0},{"event_name":"MindBloom","player_choice":"Fight","floor":36,"damage_taken":0},{"event_name":"Falling","player_choice":"Removed Skill","floor":37,"damage_taken":0},{"event_name":"Winding Halls","player_choice":"Embrace Madness","floor":46,"damage_taken":0}],"boss_relics":[{"not_picked":["Philosopher\u0027s Stone","Ectoplasm"],"picked":"Cursed Key"},{"not_picked":["Sozu","Lizard Tail"],"picked":"Nuclear Battery"}],"items_purged_floors":[20,42],"is_endless":false,"potions_floor_spawned":[1,11,18,25,28,29,35,39,44,48],"ascension_level":0}