{"path_per_floor":["M","?","M","M","M","?","R","M","T","R","M","R","M","M","R","B",null,"M","?","?"],"character_chosen":"DEFECT","items_purchased":[],"gold_per_floor":[117,67,79,99,112,75,75,94,94,94,114,114,125,145,145,241,241,258,258,258,258],"floor_reached":21,"campfire_rested":3,"playtime":976,"item_purchase_floors":[],"current_hp_per_floor":[68,68,68,68,40,40,62,57,57,57,35,57,49,49,71,34,65,14,14,14,0],"items_purged":[],"gold":258,"score":225,"play_id":"aa511bdf-f6ce-490c-92d8-54e5c208d3f6","local_time":"20180622140848","is_prod":false,"is_daily":false,"chose_seed":false,"is_ascension_mode":true,"campfire_upgraded":1,"win_rate":0,"timestamp":1529690928,"campfire_choices":[{"floor":7,"key":"REST"},{"data":"Zap","floor":10,"key":"SMITH"},{"floor":12,"key":"REST"},{"floor":15,"key":"REST"}],"path_taken":["M","?","?","M","M","?","R","M","T","R","M","R","?","M","R","BOSS","M","?","?","M"],"build_version":"2018-06-21","seed_source_timestamp":729235298020948,"purchased_purges":0,"circlet_count":0,"victory":false,"master_deck":["Strike_B","Strike_B","Strike_B","Defend_B","Defend_B","Defend_B","Defend_B","Zap+1","Dualcast","Coolheaded","Coolheaded","Ball Lightning","Self Repair","Cold Snap","Leap","Leap","Fission","Darkness"],"max_hp_per_floor":[75,75,75,75,75,75,75,75,75,75,75,75,75,75,75,75,75,75,75,75,75],"relics":["Cracked Core","Vajra","Inserter","Nloth\u0027s Gift"],"card_choices":[{"not_picked":["Recycle","Loop"],"picked":"Coolheaded","floor":1},{"not_picked":["Sunder","Chaos"],"picked":"Coolheaded","floor":3},{"not_picked":["Double Energy","Force Field"],"picked":"Ball Lightning","floor":4},{"not_picked":["Lockon","Go for the Eyes","Compile Driver"],"picked":"SKIP","floor":5},{"not_picked":["Conserve Battery","Ball Lightning"],"picked":"Self Repair","floor":8},{"not_picked":["Turbo","Storm"],"picked":"Cold Snap","floor":11},{"not_picked":["Steam","Conserve Battery"],"picked":"Leap","floor":13},{"not_picked":["Streamline","Turbo"],"picked":"Leap","floor":14},{"not_picked":["Reboot","Hyperbeam"],"picked":"Fission","floor":16},{"not_picked":["Cold Snap","Go for the Eyes"],"picked":"Darkness","floor":18}],"player_experience":716884,"potions_floor_usage":[5,16,16,18],"damage_taken":[{"damage":0,"enemies":"2 Louse","floor":1,"turns":1},{"damage":0,"enemies":"Small Slimes","floor":3,"turns":1},{"damage":0,"enemies":"Cultist","floor":4,"turns":1},{"damage":28,"enemies":"Exordium Thugs","floor":5,"turns":5},{"damage":5,"enemies":"2 Fungi Beasts","floor":8,"turns":3},{"damage":29,"enemies":"Gremlin Gang","floor":11,"turns":4},{"damage":15,"enemies":"Blue Slaver","floor":13,"turns":3},{"damage":7,"enemies":"Red Slaver","floor":14,"turns":4},{"damage":44,"enemies":"The Guardian","floor":16,"turns":17},{"damage":58,"enemies":"3 Byrds","floor":18,"turns":8},{"damage":18,"enemies":"Shell Parasite","floor":21,"turns":2}],"relics_obtained":[{"floor":9,"key":"Vajra"}],"event_choices":[{"event_name":"The Cleric","player_choice":"Card Removal","floor":2,"damage_taken":0},{"event_name":"World of Goop","player_choice":"Left","floor":6,"damage_taken":0},{"event_name":"N\u0027loth","player_choice":"Traded a NeowsBlessing","floor":19,"damage_taken":0},{"event_name":"Drug Dealer","player_choice":"Ignored","floor":20,"damage_taken":0}],"boss_relics":[{"not_picked":["Pandora\u0027s Box","Ectoplasm"],"picked":"Inserter"}],"items_purged_floors":[],"is_endless":false,"potions_floor_spawned":[1,4,13,14],"seed_played":"-6720687804844842388","killed_by":"Shell Parasite","ascension_level":6,"potions_obtained":[{"floor":1,"key":"Energy Potion"},{"floor":4,"key":"Energy Potion"},{"floor":13,"key":"Dexterity Potion"},{"floor":14,"key":"SkillPotion"}],"is_trial":false}