{"gold_per_floor":[112,126,137,147,147,147,167,167,167,167,180,180,190,217,217,294,294,309,326,326,337,337,337,351,351,401,416,195,212,212,137,137,210,210,220,220,237,137,147,147,167,167,167,183,211,224,224,258,258,258],"floor_reached":51,"playtime":3399,"items_purged":["Strike_R","Strike_R"],"score":1254,"play_id":"1365e4ec-62e8-4f00-8fc7-82df838ffb7d","local_time":"20190206231139","is_ascension_mode":true,"campfire_choices":[{"data":"Armaments","floor":6.0,"key":"SMITH"},{"data":"True Grit","floor":8.0,"key":"SMITH"},{"data":"Uppercut","floor":10.0,"key":"SMITH"},{"floor":15.0,"key":"REST"},{"data":"Reaper","floor":23.0,"key":"SMITH"},{"data":"Carnage","floor":25.0,"key":"SMITH"},{"data":"Heavy Blade","floor":30.0,"key":"SMITH"},{"data":"Iron Wave","floor":32.0,"key":"SMITH"},{"data":"Juggernaut","floor":40.0,"key":"SMITH"},{"data":"Demon Form","floor":47,"key":"SMITH"},{"floor":49,"key":"REST"}],"neow_cost":"NONE","seed_source_timestamp":0,"circlet_count":0,"master_deck":["AscendersBane","Strike_R","Defend_R","Defend_R","Defend_R","Defend_R","Bash","Carnage+1","Clothesline","True Grit+1","Armaments+1","Uppercut+1","Iron Wave+1","Reaper+1","Havoc+1","Iron Wave","Battle Trance","True Grit+1","Heavy Blade+1","Juggernaut+1","Madness","Madness","Heavy Blade+1","Heavy Blade+1","Demon Form+1","Ghostly Armor"],"special_seed":0,"relics":["Burning Blood","Du-Vu Doll","Bottled Flame","Ice Cream","Sozu","MutagenicStrength","Anchor","Red Skull","Philosopher\u0027s Stone","Darkstone Periapt","Mango","Paper Frog"],"potions_floor_usage":[46],"damage_taken":[{"damage":9.0,"enemies":"Small Slimes","floor":1.0,"turns":4.0},{"damage":0.0,"enemies":"Cultist","floor":2.0,"turns":2.0},{"damage":3.0,"enemies":"2 Louse","floor":3.0,"turns":3.0},{"damage":13.0,"enemies":"2 Fungi Beasts","floor":4.0,"turns":4.0},{"damage":19.0,"enemies":"Lots of Slimes","floor":7.0,"turns":7.0},{"damage":11.0,"enemies":"3 Louse","floor":11.0,"turns":3.0},{"damage":16.0,"enemies":"Large Slime","floor":13.0,"turns":4.0},{"damage":28.0,"enemies":"Lagavulin","floor":14.0,"turns":6.0},{"damage":32.0,"enemies":"Hexaghost","floor":16.0,"turns":13.0},{"damage":0.0,"enemies":"Shell Parasite","floor":18.0,"turns":5.0},{"damage":3.0,"enemies":"Chosen","floor":19.0,"turns":4.0},{"damage":4.0,"enemies":"Snake Plant","floor":21.0,"turns":2.0},{"damage":18.0,"enemies":"Sentry and Sphere","floor":24.0,"turns":5.0},{"damage":42.0,"enemies":"Centurion and Healer","floor":27.0,"turns":5.0},{"damage":9.0,"enemies":"Cultist and Chosen","floor":29.0,"turns":5.0},{"damage":68.0,"enemies":"Automaton","floor":33.0,"turns":12.0},{"damage":19.0,"enemies":"3 Shapes","floor":35.0,"turns":3.0},{"damage":10.0,"enemies":"Orb Walker","floor":37.0,"turns":3.0},{"damage":3.0,"enemies":"Transient","floor":39.0,"turns":5.0},{"damage":28.0,"enemies":"3 Darklings","floor":41.0,"turns":4.0},{"damage":0.0,"enemies":"4 Shapes","floor":44.0,"turns":5.0},{"damage":34.0,"enemies":"Nemesis","floor":45.0,"turns":9.0},{"damage":2,"enemies":"Jaw Worm Horde","floor":46,"turns":4},{"damage":45,"enemies":"Reptomancer","floor":48,"turns":6},{"damage":99,"enemies":"Time Eater","floor":50,"turns":8}],"seed_played":"9082125617123884769","potions_obtained":[{"floor":2.0,"key":"SteroidPotion"},{"floor":11.0,"key":"SpeedPotion"},{"floor":13.0,"key":"Dexterity Potion"}],"is_trial":false,"path_per_floor":["M","M","M","M","?","R","M","R","T","R","M","T","M","E","R","B",null,"M","M","?","M","?","R","M","R","T","M","$","M","R","?","R","B",null,"M","?","M","$","M","R","M","?","T","M","E","M","R","E","R","B",null],"character_chosen":"IRONCLAD","items_purchased":["Red Skull"],"campfire_rested":2,"item_purchase_floors":[28],"current_hp_per_floor":[72,78,81,74,74,74,61,61,61,61,56,56,46,24,48,22,67,73,76,76,78,78,78,73,73,73,46,46,56,56,56,56,12,65,69,54,59,59,71,71,60,60,60,82,69,96,96,68,96,45],"gold":258,"neow_bonus":"TEN_PERCENT_HP_BONUS","is_prod":false,"is_daily":false,"chose_seed":false,"campfire_upgraded":9,"win_rate":0,"timestamp":1549491099,"path_taken":["M","M","M","M","?","R","M","R","T","R","?","?","M","E","R","BOSS","M","M","?","M","?","R","?","R","T","M","$","M","R","?","R","BOSS","M","?","M","$","M","R","M","?","T","?","E","M","R","E","R","BOSS"],"build_version":"2019-01-23","purchased_purges":2,"victory":true,"max_hp_per_floor":[82,82,82,82,82,82,82,82,82,82,82,82,82,82,82,82,82,82,82,82,82,82,82,82,82,82,82,82,82,82,82,82,82,82,82,82,82,82,82,82,82,82,82,82,96,96,96,96,96,96],"card_choices":[{"not_picked":["Flex","Heavy Blade"],"picked":"Carnage","floor":1.0},{"not_picked":["Clash","Infernal Blade"],"picked":"Clothesline","floor":2.0},{"not_picked":["Pommel Strike","Bloodletting"],"picked":"True Grit","floor":3.0},{"not_picked":["Infernal Blade","Clash"],"picked":"Armaments","floor":4.0},{"not_picked":["Thunderclap","Disarm"],"picked":"Uppercut","floor":7.0},{"not_picked":["Rupture","Double Tap"],"picked":"Iron Wave","floor":11.0},{"not_picked":["Searing Blow","Clothesline","Perfected Strike"],"picked":"SKIP","floor":13.0},{"not_picked":["Burning Pact","Entrench","Dual Wield"],"picked":"SKIP","floor":14.0},{"not_picked":["Barricade","Impervious"],"picked":"Reaper","floor":16.0},{"not_picked":["Rage","Twin Strike"],"picked":"Havoc+1","floor":18.0},{"not_picked":["Warcry","Pummel"],"picked":"Iron Wave","floor":19.0},{"not_picked":["Wild Strike","Sword Boomerang"],"picked":"Battle Trance","floor":21.0},{"not_picked":["Sword Boomerang","Wild Strike","Armaments"],"picked":"SKIP","floor":24.0},{"not_picked":["Armaments","Uppercut","Sword Boomerang"],"picked":"SKIP","floor":27.0},{"not_picked":["Warcry","Thunderclap+1"],"picked":"Heavy Blade","floor":29.0},{"not_picked":["Brutality","Berserk"],"picked":"Juggernaut","floor":33.0},{"not_picked":["Anger","Armaments","Cleave"],"picked":"SKIP","floor":35.0},{"not_picked":["Sentinel","Headbutt+1"],"picked":"Heavy Blade+1","floor":37.0},{"not_picked":["Iron Wave","Sword Boomerang"],"picked":"Heavy Blade+1","floor":39.0},{"not_picked":["Pummel+1","Second Wind","Combust"],"picked":"SKIP","floor":41.0},{"not_picked":["Sword Boomerang","Seeing Red+1","Anger+1"],"picked":"SKIP","floor":44.0},{"not_picked":["Armaments","Searing Blow","Blood for Blood"],"picked":"SKIP","floor":45.0},{"not_picked":["Clothesline","Rupture","Power Through"],"picked":"SKIP","floor":46},{"not_picked":["Seeing Red","Thunderclap","Evolve"],"picked":"SKIP","floor":48}],"player_experience":421005,"relics_obtained":[{"floor":9.0,"key":"Du-Vu Doll"},{"floor":12.0,"key":"Bottled Flame"},{"floor":14.0,"key":"Ice Cream"},{"floor":26.0,"key":"Anchor"},{"floor":43.0,"key":"Darkstone Periapt"},{"floor":45.0,"key":"Mango"},{"floor":48,"key":"Paper Frog"}],"event_choices":[{"cards_removed":["Strike_R"],"damage_healed":0.0,"max_hp_gain":0.0,"max_hp_loss":0.0,"gold_gain":0.0,"event_name":"Purifier","player_choice":"Purged","floor":5.0,"gold_loss":0.0,"damage_taken":0.0},{"damage_healed":0.0,"max_hp_gain":0.0,"max_hp_loss":0.0,"gold_gain":0.0,"event_name":"Drug Dealer","player_choice":"Inject Mutagens","floor":20.0,"gold_loss":0.0,"damage_taken":0.0,"relics_obtained":["MutagenicStrength"]},{"damage_healed":0.0,"max_hp_gain":0.0,"max_hp_loss":0.0,"gold_gain":0.0,"event_name":"Duplicator","player_choice":"Copied","floor":22.0,"gold_loss":0.0,"damage_taken":0.0,"cards_obtained":["True Grit"]},{"cards_removed":["Strike_R"],"damage_healed":0.0,"max_hp_gain":0.0,"max_hp_loss":0.0,"gold_gain":0.0,"event_name":"Beggar","player_choice":"Gave Gold","floor":31.0,"gold_loss":75.0,"damage_taken":0.0},{"damage_healed":0.0,"max_hp_gain":0.0,"max_hp_loss":0.0,"gold_gain":0.0,"event_name":"Winding Halls","player_choice":"Embrace Madness","floor":36.0,"gold_loss":0.0,"damage_taken":15.0,"cards_obtained":["Madness","Madness"]},{"damage_healed":0.0,"max_hp_gain":0.0,"max_hp_loss":0.0,"gold_gain":0.0,"event_name":"Match and Keep!","player_choice":"2 cards matched","floor":42.0,"gold_loss":0.0,"damage_taken":0.0,"cards_obtained":["Demon Form","Ghostly Armor"]}],"is_beta":true,"boss_relics":[{"not_picked":["Runic Dome","Lizard Tail"],"picked":"Sozu"},{"not_picked":["Runic Cube","Orrery"],"picked":"Philosopher\u0027s Stone"}],"items_purged_floors":[28,38],"is_endless":false,"potions_floor_spawned":[2,11,13,18,24,27,33,41,45],"ascension_level":15}