{"gold_per_floor":[110,35,54,71,88,116,116,136,136,155,166,196,196,196,196,296,296,308,233,76,76,9,9,20,20,43,62,35,51,61,79,79,178,178,198,215,18,38,53,53,66,66,66,80,97,116,116,128,128,128],"floor_reached":51,"playtime":3731,"items_purged":["Strike_B"],"score":984,"play_id":"048b459e-a556-4baa-a5cc-e590347ea4c7","local_time":"20180713134638","is_ascension_mode":true,"campfire_choices":[{"data":"Chill","floor":7,"key":"SMITH"},{"data":"Capacitor","floor":13,"key":"SMITH"},{"floor":15,"key":"REST"},{"data":"Defragment","floor":23,"key":"SMITH"},{"floor":32,"key":"REST"},{"data":"Apotheosis","floor":40,"key":"SMITH"},{"data":"Blizzard","floor":42,"key":"SMITH"},{"data":"Echo Form","floor":49,"key":"SMITH"}],"neow_cost":"","seed_source_timestamp":206647528740744,"circlet_count":0,"master_deck":["Defend_B","Defend_B","Defend_B","Defend_B","Zap","Dualcast","AscendersBane","Chill+1","Glacier","Reinforced Body","Blizzard","Glacier","Self Repair","Genetic Algorithm","Capacitor+1","Machine Learning","Leap","Defragment+1","Blizzard+1","Capacitor","Coolheaded","Coolheaded","Coolheaded","Coolheaded","Blizzard","Chill+1","Echo Form+1","Capacitor+1","Apotheosis+1","Loop+1","Chill+1","Coolheaded","BootSequence+1"],"relics":["Cracked Core","Dead Branch","Bottled Flame","Lantern","Nuclear Battery","Mango","Happy Flower","Sozu","Question Card","GremlinMask"],"potions_floor_usage":[6,16,16,27,27],"damage_taken":[{"damage":9,"enemies":"Jaw Worm","floor":1,"turns":3},{"damage":2,"enemies":"2 Louse","floor":3,"turns":3},{"damage":8,"enemies":"Small Slimes","floor":4,"turns":4},{"damage":1,"enemies":"2 Fungi Beasts","floor":5,"turns":6},{"damage":4,"enemies":"3 Sentries","floor":6,"turns":7},{"damage":0,"enemies":"Blue Slaver","floor":8,"turns":4},{"damage":0,"enemies":"Exordium Wildlife","floor":10,"turns":5},{"damage":2,"enemies":"2 Fungi Beasts","floor":11,"turns":4},{"damage":20,"enemies":"Lagavulin","floor":12,"turns":10},{"damage":21,"enemies":"Slime Boss","floor":16,"turns":11},{"damage":24,"enemies":"Chosen","floor":18,"turns":7},{"damage":9,"enemies":"Spheric Guardian","floor":24,"turns":6},{"damage":8,"enemies":"Snake Plant","floor":27,"turns":5},{"damage":4,"enemies":"Snecko","floor":29,"turns":8},{"damage":16,"enemies":"Chosen and Byrds","floor":30,"turns":11},{"damage":11,"enemies":"Snake Plant","floor":31,"turns":7},{"damage":39,"enemies":"Collector","floor":33,"turns":12},{"damage":5,"enemies":"Orb Walker","floor":35,"turns":5},{"damage":10,"enemies":"3 Shapes","floor":36,"turns":5},{"damage":2,"enemies":"Sphere and 2 Shapes","floor":38,"turns":6},{"damage":0,"enemies":"4 Shapes","floor":39,"turns":3},{"damage":0,"enemies":"Maw","floor":41,"turns":8},{"damage":19,"enemies":"Spire Growth","floor":44,"turns":7},{"damage":4,"enemies":"3 Darklings","floor":45,"turns":3},{"damage":1,"enemies":"4 Shapes","floor":46,"turns":2},{"damage":9,"enemies":"Maw","floor":48,"turns":8},{"damage":38,"enemies":"Time Eater","floor":50,"turns":10}],"seed_played":"375035204957696185","potions_obtained":[{"floor":1,"key":"FearPotion"},{"floor":4,"key":"Explosive Potion"},{"floor":12,"key":"LiquidBronze"},{"floor":16,"key":"Energy Potion"},{"floor":18,"key":"LiquidBronze"},{"floor":31,"key":"Swift Potion"}],"is_trial":false,"path_per_floor":["M","$","M","M","M","E","R","M","T","M","M","E","R","?","R","B",null,"M","?","$","?","$","R","M","?","T","M","$","M","M","M","R","B",null,"M","M","$","M","M","R","M","R","T","M","M","M","?","M","R","B"],"character_chosen":"DEFECT","items_purchased":["Defragment","Blizzard","Capacitor","Coolheaded","Apotheosis"],"campfire_rested":2,"item_purchase_floors":[20,20,22,28,37],"current_hp_per_floor":[59,59,57,49,48,44,44,44,44,44,56,43,43,43,65,51,69,52,52,52,66,66,66,64,64,64,63,63,66,71,67,89,64,83,85,89,89,89,89,89,89,89,89,77,89,88,88,86,86,68],"gold":128,"neow_bonus":"","is_prod":false,"is_daily":false,"chose_seed":false,"campfire_upgraded":6,"win_rate":0,"timestamp":1531503998,"path_taken":["M","$","M","M","M","E","R","M","T","M","M","E","R","?","R","BOSS","M","?","$","?","$","R","M","?","T","M","?","M","M","M","R","BOSS","M","M","$","M","M","R","M","R","T","M","M","M","?","M","R","BOSS"],"build_version":"2018-07-12","purchased_purges":1,"victory":true,"max_hp_per_floor":[75,75,75,75,75,75,75,75,75,75,75,75,75,75,75,75,75,75,75,75,89,89,89,89,89,89,89,89,89,89,89,89,89,89,89,89,89,89,89,89,89,89,89,89,89,89,89,89,89,89],"card_choices":[{"not_picked":["Scrape","Conserve Battery"],"picked":"Chill","floor":1},{"not_picked":["Streamline","Leap"],"picked":"Glacier","floor":3},{"not_picked":["Rebound","Reprogram"],"picked":"Reinforced Body","floor":4},{"not_picked":["FTL","Lockon"],"picked":"Blizzard","floor":5},{"not_picked":["Genetic Algorithm","Lockon"],"picked":"Glacier","floor":6},{"not_picked":["Consume","Gash","Conserve Battery"],"picked":"SKIP","floor":8},{"not_picked":["Gash","Scrape"],"picked":"Self Repair","floor":10},{"not_picked":["Stack","Go for the Eyes"],"picked":"Genetic Algorithm","floor":11},{"not_picked":["Cold Snap","Self Repair"],"picked":"Capacitor","floor":12},{"not_picked":["Creative AI","Rainbow"],"picked":"Machine Learning","floor":16},{"not_picked":["Beam Cell","Double Energy"],"picked":"Leap","floor":18},{"not_picked":["Skim+1","Compile Driver"],"picked":"Coolheaded","floor":24},{"not_picked":["Conserve Battery","Darkness"],"picked":"Coolheaded","floor":27},{"not_picked":["Conserve Battery","Tempest+1"],"picked":"Coolheaded","floor":29},{"not_picked":["Compile Driver","Gash"],"picked":"Blizzard","floor":30},{"not_picked":["Streamline","Stack"],"picked":"Chill+1","floor":31},{"not_picked":["Hyperbeam","Core Surge"],"picked":"Echo Form","floor":33},{"not_picked":["Rebound+1","Melter+1","Lockon"],"picked":"SKIP","floor":35},{"not_picked":["Leap","Barrage"],"picked":"Capacitor+1","floor":36},{"not_picked":["Undo","Go for the Eyes","Leap"],"picked":"SKIP","floor":38},{"not_picked":["Steam","Compile Driver","Barrage+1"],"picked":"SKIP","floor":39},{"not_picked":["Hologram","Reinforced Body"],"picked":"Loop+1","floor":41},{"not_picked":["Leap","Steam+1","Conserve Battery"],"picked":"Chill+1","floor":44},{"not_picked":["Meteor Strike","Cold Snap+1","Darkness","Barrage+1"],"picked":"SKIP","floor":45},{"not_picked":["Fusion","Hologram","Sunder+1"],"picked":"Coolheaded","floor":46},{"not_picked":["Gash","Stack+1","Double Energy+1"],"picked":"BootSequence+1","floor":48}],"player_experience":1074124,"relics_obtained":[{"floor":6,"key":"Dead Branch"},{"floor":9,"key":"Bottled Flame"},{"floor":12,"key":"Lantern"},{"floor":26,"key":"Happy Flower"},{"floor":43,"key":"Question Card"}],"event_choices":[{"event_name":"Living Wall","player_choice":"Forget","floor":14,"damage_taken":0},{"event_name":"Beggar","player_choice":"Gave Gold","floor":19,"damage_taken":0},{"event_name":"The Mausoleum","player_choice":"Yes","floor":21,"damage_taken":0},{"event_name":"Bonfire Elementals","player_choice":"BASIC","floor":25,"damage_taken":0},{"event_name":"FaceTrader","player_choice":"Trade","floor":47,"damage_taken":0}],"boss_relics":[{"not_picked":["Empty Cage","Fusion Hammer"],"picked":"Nuclear Battery"},{"not_picked":["Snecko Eye","Eternal Feather"],"picked":"Sozu"}],"items_purged_floors":[2],"is_endless":false,"potions_floor_spawned":[1,4,12,16,18,31,35,41,46,48],"ascension_level":11}