{"path_per_floor":["M","M","$","M","M","E","M","R","T","?","M","R","M","T","R","B",null,"M","?","$","M","?","R","M","M","T","M"],"character_chosen":"THE_SILENT","items_purchased":["Happy Flower","Dagger Spray","Dash","Infinite Blades","Good Instincts"],"gold_per_floor":[218,229,46,63,83,111,131,131,131,131,148,148,166,191,191,288,288,298,298,18,31,31,31,42,53,79,92,92],"floor_reached":28,"campfire_rested":4,"playtime":2578,"item_purchase_floors":[3,3,20,20,20],"current_hp_per_floor":[58,54,54,54,53,21,13,34,34,34,34,55,54,54,72,42,72,38,22,22,15,15,36,33,25,25,7,0],"items_purged":["Strike_G"],"gold":92,"score":224,"play_id":"60529f8a-d445-4e30-8965-2b644c304486","local_time":"20180525100535","is_prod":false,"is_daily":false,"chose_seed":false,"is_ascension_mode":false,"campfire_upgraded":0,"win_rate":0.0,"timestamp":1527257135,"campfire_choices":[{"floor":8,"key":"REST"},{"floor":12,"key":"REST"},{"floor":15,"key":"REST"},{"floor":23,"key":"REST"}],"path_taken":["M","M","$","M","M","E","M","R","T","?","M","R","M","?","R","BOSS","M","?","$","M","?","R","M","M","T","M","E"],"build_version":"2018-05-24","seed_source_timestamp":367436403560976,"purchased_purges":1,"victory":false,"master_deck":["Defend_G","Defend_G","Defend_G","Defend_G","Defend_G","Strike_G","Strike_G","Strike_G","Strike_G","Survivor","Neutralize","Blade Dance","Acrobatics","Dagger Spray","Cloak And Dagger","Glass Knife+1","All Out Attack","Poisoned Stab","Finisher","Bullet Time","Choke","Dagger Throw","Caltrops","Acrobatics","Terror","Flying Knee","Dash","Infinite Blades","Good Instincts","Backstab","Writhe","Slice+1","Dagger Throw","Accuracy"],"max_hp_per_floor":[70,70,70,70,70,70,72,72,72,72,72,72,72,72,72,72,72,72,72,72,72,72,72,72,72,72,72,72],"relics":["Ring of the Snake","Happy Flower","Singing Bowl","Kunai","Art of War","Orrery","Enchiridion","Tingsha","Bag of Marbles"],"card_choices":[{"not_picked":["Sucker Punch","Underhanded Strike"],"picked":"Blade Dance","floor":1},{"not_picked":["Calculated Gamble","Bane"],"picked":"Acrobatics","floor":2},{"not_picked":["Quick Slash","Deadly Poison"],"picked":"Cloak And Dagger","floor":4},{"not_picked":["Deadly Poison","Blade Dance"],"picked":"Glass Knife","floor":5},{"not_picked":["Malaise","Finisher"],"picked":"All Out Attack","floor":6},{"not_picked":["Deadly Poison","Catalyst","Outmaneuver"],"picked":"Singing Bowl","floor":7},{"not_picked":["Well Laid Plans","Catalyst"],"picked":"Poisoned Stab","floor":11},{"not_picked":["Skewer","Bane"],"picked":"Finisher","floor":13},{"not_picked":["Corpse Explosion","Glass Knife"],"picked":"Bullet Time","floor":16},{"not_picked":["Backflip","Slice"],"picked":"Choke","floor":17},{"not_picked":["Flechettes","Underhanded Strike"],"picked":"Dagger Throw","floor":17},{"not_picked":["Deadly Poison","Flying Knee"],"picked":"Caltrops","floor":17},{"not_picked":["Deadly Poison","Deflect"],"picked":"Acrobatics","floor":17},{"not_picked":["Outmaneuver","Night Terror"],"picked":"Terror","floor":17},{"not_picked":["Dagger Spray","Bane"],"picked":"Flying Knee","floor":18},{"not_picked":["Dodge and Roll","Underhanded Strike+1"],"picked":"Backstab","floor":21},{"not_picked":["Reflex","Skewer+1"],"picked":"Slice+1","floor":24},{"not_picked":["Noxious Fumes","Heel Hook"],"picked":"Dagger Throw","floor":25},{"not_picked":["Dagger Spray","Noxious Fumes+1"],"picked":"Accuracy","floor":27}],"player_experience":130074,"potions_floor_usage":[16,16,18,24,24,27],"damage_taken":[{"damage":12,"enemies":"Small Slimes","floor":1,"turns":4},{"damage":4,"enemies":"Jaw Worm","floor":2,"turns":4},{"damage":0,"enemies":"Cultist","floor":4,"turns":3},{"damage":1,"enemies":"Looter","floor":5,"turns":4},{"damage":32,"enemies":"Gremlin Nob","floor":6,"turns":4},{"damage":10,"enemies":"Large Slime","floor":7,"turns":4},{"damage":0,"enemies":"2 Fungi Beasts","floor":11,"turns":2},{"damage":1,"enemies":"3 Louse","floor":13,"turns":2},{"damage":30,"enemies":"The Guardian","floor":16,"turns":13},{"damage":34,"enemies":"Spheric Guardian","floor":18,"turns":6},{"damage":7,"enemies":"Chosen","floor":21,"turns":5},{"damage":3,"enemies":"Snecko","floor":24,"turns":4},{"damage":8,"enemies":"Centurion and Healer","floor":25,"turns":3},{"damage":18,"enemies":"Sentry and Sphere","floor":27,"turns":5},{"damage":17,"enemies":"Slavers","floor":28,"turns":1}],"relics_obtained":[{"floor":6,"key":"Singing Bowl"},{"floor":9,"key":"Kunai"},{"floor":14,"key":"Art of War"},{"floor":19,"key":"Enchiridion"},{"floor":26,"key":"Bag of Marbles"}],"event_choices":[{"event_name":"Living Wall","player_choice":"Grow","floor":10,"damage_taken":0},{"event_name":"Cursed Tome","player_choice":"Obtained Book","floor":19,"damage_taken":0},{"event_name":"The Mausoleum","player_choice":"Yes","floor":22,"damage_taken":0}],"boss_relics":[{"not_picked":["Snecko Eye","Velvet Choker"],"picked":"Orrery"}],"items_purged_floors":[20],"potions_floor_spawned":[2,6,7,16,21,24],"seed_played":"6940066685480043531","killed_by":"Slavers","ascension_level":0,"potions_obtained":[{"floor":2,"key":"Ancient Potion"},{"floor":6,"key":"Dexterity Potion"},{"floor":7,"key":"AttackPotion"},{"floor":16,"key":"Weak Potion"},{"floor":21,"key":"Poison Potion"},{"floor":24,"key":"PowerPotion"}],"is_trial":false}