{"gold_per_floor":[110,126,145,145,65,65,94,106,130,141,141,160,82,93,93,195,195,214,277,277,277],"floor_reached":21,"playtime":2549,"items_purged":[],"score":185,"play_id":"c0852481-a104-4c4b-8703-77cce98d9c5f","local_time":"20190201235121","is_ascension_mode":false,"campfire_choices":[{"data":"Dodge and Roll","floor":6,"key":"SMITH"},{"data":"Acrobatics","floor":11,"key":"SMITH"},{"data":"Dodge and Roll","floor":15,"key":"SMITH"}],"neow_cost":"NONE","seed_source_timestamp":293077874203056,"circlet_count":0,"master_deck":["Defend_G","Defend_G","Defend_G","Defend_G","Defend_G","Strike_G","Strike_G","Strike_G","Strike_G","Strike_G","Survivor","Neutralize","Flying Knee","Blade Dance","Dodge and Roll+1","Well Laid Plans","Outmaneuver","Blade Dance","Acrobatics+1","Leg Sweep","Dodge and Roll+1","Bullet Time","Accuracy","Prepared+1"],"relics":["Ring of the Snake","NeowsBlessing","SsserpentHead","Regal Pillow","Blood Vial","Black Star"],"potions_floor_usage":[7,7,16,16,19,20],"damage_taken":[{"damage":0,"enemies":"Cultist","floor":1,"turns":1},{"damage":0,"enemies":"2 Louse","floor":2,"turns":1},{"damage":0,"enemies":"Jaw Worm","floor":3,"turns":1},{"damage":4,"enemies":"3 Sentries","floor":7,"turns":10},{"damage":4,"enemies":"3 Louse","floor":8,"turns":6},{"damage":0,"enemies":"Exordium Thugs","floor":10,"turns":7},{"damage":0,"enemies":"Blue Slaver","floor":12,"turns":4},{"damage":0,"enemies":"3 Louse","floor":14,"turns":6},{"damage":15,"enemies":"Slime Boss","floor":16,"turns":16},{"damage":39,"enemies":"Spheric Guardian","floor":18,"turns":14},{"damage":14,"enemies":"Chosen","floor":19,"turns":7},{"damage":0,"enemies":"3 Cultists","floor":20,"turns":2},{"damage":29,"enemies":"Sentry and Sphere","floor":21,"turns":5}],"seed_played":"-492786005727493161","potions_obtained":[{"floor":2,"key":"Explosive Potion"},{"floor":3,"key":"Energy Potion"},{"floor":7,"key":"PowerPotion"},{"floor":14,"key":"Block Potion"},{"floor":16,"key":"SmokeBomb"},{"floor":18,"key":"AttackPotion"}],"is_trial":false,"path_per_floor":["M","M","M","?","$","R","E","M","T","M","R","M","$","M","R","B",null,"M","M","M","M"],"character_chosen":"THE_SILENT","items_purchased":["Well Laid Plans","Leg Sweep"],"campfire_rested":0,"item_purchase_floors":[5,13],"current_hp_per_floor":[70,70,70,70,70,70,66,62,62,64,64,66,66,68,68,55,70,31,19,21,0],"gold":277,"neow_bonus":"THREE_ENEMY_KILL","is_prod":false,"is_daily":false,"chose_seed":false,"campfire_upgraded":3,"win_rate":0.0,"timestamp":1549093881,"path_taken":["M","M","?","?","$","R","E","M","T","M","R","M","$","M","R","BOSS","M","?","M","M"],"build_version":"2019-01-23","purchased_purges":0,"victory":false,"max_hp_per_floor":[70,70,70,70,70,70,70,70,70,70,70,70,70,70,70,70,70,70,70,70,70],"card_choices":[{"not_picked":["Poisoned Stab","Sucker Punch"],"picked":"Flying Knee","floor":1},{"not_picked":["Deflect","PiercingWail"],"picked":"Blade Dance","floor":2},{"not_picked":["Dash","Crippling Poison"],"picked":"Dodge and Roll","floor":3},{"not_picked":["Blur","Dash"],"picked":"Outmaneuver","floor":7},{"not_picked":["Reflex","Choke"],"picked":"Blade Dance","floor":8},{"not_picked":["Masterful Stab","Backflip"],"picked":"Acrobatics","floor":10},{"not_picked":["Heel Hook","Predator","Malaise"],"picked":"SKIP","floor":12},{"not_picked":["Flying Knee","Blade Dance"],"picked":"Dodge and Roll","floor":14},{"not_picked":["Grand Finale","Night Terror"],"picked":"Bullet Time","floor":16},{"not_picked":["Infinite Blades","Finisher"],"picked":"Accuracy","floor":18},{"not_picked":["Sucker Punch","Bouncing Flask"],"picked":"Prepared+1","floor":19}],"player_experience":190422,"relics_obtained":[{"floor":7,"key":"Regal Pillow"},{"floor":9,"key":"Blood Vial"}],"event_choices":[{"damage_healed":0,"gold_gain":0,"player_choice":"Trade","damage_taken":0,"relics_obtained":["SsserpentHead"],"max_hp_gain":0,"max_hp_loss":0,"event_name":"FaceTrader","floor":4,"gold_loss":0}],"is_beta":false,"boss_relics":[{"not_picked":["Lizard Tail","Runic Dome"],"picked":"Black Star"}],"items_purged_floors":[],"is_endless":false,"potions_floor_spawned":[2,3,7,14,16,18],"killed_by":"Sentry and Sphere","ascension_level":0}