{"gold_per_floor":[110,123,138,138,153,153,170,184,184,217,217,228,246,246,246,246],"floor_reached":16,"playtime":1030,"items_purged":[],"score":122,"play_id":"5c58637d-110c-4093-8f90-4f037946b6dd","local_time":"20180705001751","is_ascension_mode":true,"campfire_choices":[{"data":"Zap","floor":6.0,"key":"SMITH"},{"floor":11.0,"key":"REST"},{"floor":15,"key":"REST"}],"neow_cost":"","seed_source_timestamp":0,"circlet_count":0,"master_deck":["Strike_B","Strike_B","Strike_B","Defend_B","Defend_B","Defend_B","Zap+1","Dualcast","BootSequence","Reinforced Body","Redo","Darkness","Barrage","Conserve Battery"],"special_seed":0,"relics":["Cracked Core","Matryoshka","Lantern"],"potions_floor_usage":[16,16],"damage_taken":[{"damage":0.0,"enemies":"Small Slimes","floor":1.0,"turns":2.0},{"damage":0.0,"enemies":"Cultist","floor":2.0,"turns":4.0},{"damage":8.0,"enemies":"2 Louse","floor":3.0,"turns":3.0},{"damage":0.0,"enemies":"Looter","floor":5.0,"turns":3.0},{"damage":38.0,"enemies":"Gremlin Gang","floor":7.0,"turns":5.0},{"damage":13.0,"enemies":"Exordium Thugs","floor":8.0,"turns":5.0},{"damage":16.0,"enemies":"3 Sentries","floor":10.0,"turns":7.0},{"damage":0.0,"enemies":"Blue Slaver","floor":12.0,"turns":3.0},{"damage":0,"enemies":"Red Slaver","floor":13,"turns":2},{"damage":45,"enemies":"Hexaghost","floor":16,"turns":11}],"seed_played":"-4365722015980698541","potions_obtained":[{"floor":3.0,"key":"FairyPotion"},{"floor":7.0,"key":"Block Potion"},{"floor":10.0,"key":"AttackPotion"},{"floor":13,"key":"AttackPotion"}],"is_trial":false,"path_per_floor":["M","M","M","?","M","R","M","M","T","E","R","M","M","?","R"],"character_chosen":"DEFECT","items_purchased":[],"campfire_rested":2,"item_purchase_floors":[],"current_hp_per_floor":[75,75,67,67,67,67,29,16,16,7,29,29,29,22,44,0],"gold":246,"neow_bonus":"","is_prod":false,"is_daily":false,"chose_seed":false,"campfire_upgraded":1,"win_rate":0,"timestamp":1530767871,"path_taken":["M","M","M","?","M","R","M","?","T","E","R","M","M","?","R","BOSS"],"build_version":"2018-07-03","purchased_purges":0,"victory":false,"max_hp_per_floor":[75,75,75,75,75,75,75,75,75,75,75,75,75,75,75,75],"card_choices":[{"not_picked":["Coolheaded","Skim"],"picked":"BootSequence","floor":1.0},{"not_picked":["Go for the Eyes","Defragment","Melter"],"picked":"SKIP","floor":2.0},{"not_picked":["Turbo","Steam"],"picked":"Reinforced Body","floor":3.0},{"not_picked":["Beam Cell","Barrage","Skim"],"picked":"SKIP","floor":5.0},{"not_picked":["Go for the Eyes","Skim","Streamline"],"picked":"SKIP","floor":7.0},{"not_picked":["Recycle","Undo"],"picked":"Redo","floor":8.0},{"not_picked":["White Noise","Go for the Eyes"],"picked":"Darkness","floor":10.0},{"not_picked":["White Noise","Scrape"],"picked":"Barrage","floor":12},{"not_picked":["Go for the Eyes","Buffer"],"picked":"Conserve Battery","floor":13}],"player_experience":255641,"relics_obtained":[{"floor":9.0,"key":"Matryoshka"},{"floor":10.0,"key":"Lantern"}],"event_choices":[{"event_name":"Living Wall","player_choice":"Forget","floor":4.0,"damage_taken":0.0},{"event_name":"Golden Wing","player_choice":"Card Removal","floor":14,"damage_taken":0}],"boss_relics":[],"items_purged_floors":[],"is_endless":false,"potions_floor_spawned":[3,7,10,13],"killed_by":"Hexaghost","ascension_level":3}