{"path_per_floor":["M","?","?","?","?","R","M","R","T","M","R","$","?","M","R","B",null,"M","M","?","?","?","R","M","R","T","?","$","M","R","M","R","B",null,"M","M","?","$","?","R","M"],"character_chosen":"IRONCLAD","items_purchased":["Boot","Armaments","Immolate","Infernal Blade","Juzu Bracelet"],"gold_per_floor":[111,111,111,211,211,211,225,225,250,265,265,38,38,63,63,189,189,213,234,234,234,324,324,345,345,345,345,111,130,130,143,143,273,273,293,317,317,64,124,124,145,145],"floor_reached":42,"campfire_rested":3,"playtime":1755,"item_purchase_floors":[12,28,28,28,38],"current_hp_per_floor":[74,74,74,74,74,74,74,74,74,74,74,74,74,74,74,53,74,74,55,55,55,39,61,54,54,54,54,54,48,70,73,73,17,79,61,62,52,52,49,72,52,0],"items_purged":["Strike_R","Strike_R+1"],"gold":145,"score":495,"play_id":"1c495a27-8ae0-4126-bdcb-67c0fd37a7eb","local_time":"20180611082200","is_prod":false,"is_daily":false,"chose_seed":false,"is_ascension_mode":true,"campfire_upgraded":6,"win_rate":0,"timestamp":1528719720,"campfire_choices":[{"data":"Bash","floor":6,"key":"SMITH"},{"data":"Shrug It Off","floor":8,"key":"SMITH"},{"data":"Shockwave","floor":11,"key":"SMITH"},{"data":"Inflame","floor":15,"key":"SMITH"},{"floor":23,"key":"REST"},{"data":"Heavy Blade","floor":25,"key":"SMITH"},{"floor":30,"key":"REST"},{"data":"Whirlwind","floor":32,"key":"SMITH"},{"floor":40,"key":"REST"}],"path_taken":["M","?","?","?","?","R","M","R","T","?","R","$","?","?","R","BOSS","M","M","?","?","?","R","M","R","T","?","$","M","R","?","R","BOSS","M","?","?","$","?","R","M","M"],"build_version":"2018-06-07v3","seed_source_timestamp":392303846581084,"purchased_purges":2,"victory":false,"master_deck":["Strike_R+1","Strike_R+1","Strike_R+1","Defend_R+1","Defend_R+1","Defend_R+1","Bash+1","Sentinel","Battle Trance","Shrug It Off+1","Shockwave+1","Inflame+1","Offering","Thunderclap","Heavy Blade+1","Inflame+1","Armaments","Immolate","Infernal Blade","Flex","Whirlwind+1","Impervious","Rampage","Armaments","Madness","Madness","Carnage+1"],"max_hp_per_floor":[80,80,74,74,74,74,74,74,74,74,74,74,74,74,74,74,74,74,74,74,74,74,74,74,74,74,74,74,74,74,74,74,79,79,79,79,79,79,79,79,79,79],"relics":["Black Blood","Golden Idol","Orichalcum","Boot","Vajra","Dead Branch","Lizard Tail","Juzu Bracelet","Gambling Chip"],"card_choices":[{"not_picked":["Clothesline","Power Through"],"picked":"Battle Trance","floor":1},{"not_picked":["Disarm","Twin Strike"],"picked":"Shrug It Off","floor":7},{"not_picked":["Burning Pact","Wild Strike"],"picked":"Shockwave","floor":10},{"not_picked":["Thunderclap","Dark Embrace"],"picked":"Inflame","floor":14},{"not_picked":["Feed","Berserk"],"picked":"Offering","floor":16},{"not_picked":["Body Slam","Sword Boomerang"],"picked":"Thunderclap","floor":18},{"not_picked":["Twin Strike","Cleave"],"picked":"Heavy Blade","floor":19},{"not_picked":["Iron Wave","Clothesline+1","Clash+1"],"picked":"SKIP","floor":24},{"not_picked":["Reckless Charge","Bloodletting"],"picked":"Flex","floor":29},{"not_picked":["Rampage+1","Body Slam"],"picked":"Whirlwind","floor":31},{"not_picked":["Immolate","Offering"],"picked":"Impervious","floor":33},{"not_picked":["Carnage","Entrench+1"],"picked":"Rampage","floor":35},{"not_picked":["Sword Boomerang+1","Body Slam"],"picked":"Armaments","floor":36},{"not_picked":["True Grit+1","Havoc+1"],"picked":"Carnage+1","floor":39},{"not_picked":["Burning Pact+1","Spot Weakness","Clothesline"],"picked":"SKIP","floor":41}],"player_experience":472863,"potions_floor_usage":[16,16,33,33],"damage_taken":[{"damage":12,"enemies":"Jaw Worm","floor":1,"turns":2},{"damage":6,"enemies":"Cultist","floor":7,"turns":3},{"damage":5,"enemies":"Small Slimes","floor":10,"turns":4},{"damage":4,"enemies":"Looter","floor":14,"turns":3},{"damage":27,"enemies":"Hexaghost","floor":16,"turns":8},{"damage":10,"enemies":"Chosen","floor":18,"turns":4},{"damage":29,"enemies":"Spheric Guardian","floor":19,"turns":6},{"damage":17,"enemies":"Cultist and Chosen","floor":24,"turns":6},{"damage":16,"enemies":"Snake Plant","floor":29,"turns":3},{"damage":7,"enemies":"Centurion and Healer","floor":31,"turns":3},{"damage":71,"enemies":"Champ","floor":33,"turns":9},{"damage":28,"enemies":"Orb Walker","floor":35,"turns":4},{"damage":9,"enemies":"3 Shapes","floor":36,"turns":2},{"damage":76,"floor":39,"turns":8},{"damage":30,"enemies":"3 Darklings","floor":41,"turns":5},{"damage":62,"enemies":"4 Shapes","floor":42,"turns":3}],"relics_obtained":[{"floor":9,"key":"Orichalcum"},{"floor":26,"key":"Dead Branch"},{"floor":39,"key":"Gambling Chip"}],"event_choices":[{"event_name":"The Lab","player_choice":"Got Potions","floor":2,"damage_taken":0},{"event_name":"Golden Idol","player_choice":"Lose Max HP","floor":3,"damage_taken":0},{"event_name":"Golden Shrine","player_choice":"Pray","floor":4,"damage_taken":0},{"event_name":"Shining Light","player_choice":"Ignored","floor":5,"damage_taken":0},{"event_name":"Dead Adventurer","player_choice":"Searched \u00271\u0027 times","floor":13,"damage_taken":0},{"event_name":"Duplicator","player_choice":"One dupe","floor":20,"damage_taken":0},{"event_name":"Accursed Blacksmith","player_choice":"Ignore","floor":21,"damage_taken":0},{"event_name":"Knowing Skull","player_choice":"GOLD ","floor":22,"damage_taken":0},{"event_name":"Back to Basics","player_choice":"Simplicity","floor":27,"damage_taken":0},{"event_name":"Winding Halls","player_choice":"Embrace Madness","floor":37,"damage_taken":0},{"event_name":"Mysterious Sphere","player_choice":"Fight","floor":39,"damage_taken":0}],"boss_relics":[{"not_picked":["Calling Bell","Black Star"],"picked":"Black Blood"},{"not_picked":["Astrolabe","Busted Crown"],"picked":"Lizard Tail"}],"items_purged_floors":[12,38],"potions_floor_spawned":[7,10,19,24,31,35],"seed_played":"3470555165478095447","killed_by":"4 Shapes","ascension_level":3,"potions_obtained":[{"floor":2,"key":"LiquidBronze"},{"floor":2,"key":"SteroidPotion"},{"floor":2,"key":"FairyPotion"},{"floor":7,"key":"Poison Potion"},{"floor":10,"key":"Energy Potion"},{"floor":19,"key":"Energy Potion"},{"floor":24,"key":"Weak Potion"},{"floor":31,"key":"Fruit Juice"},{"floor":35,"key":"SkillPotion"}],"is_trial":false}