{"gold_per_floor":[99,99,99,99,99,99,99,99,99,99,99,99,73,38,38,38,38,38,0,0,0,0,0],"floor_reached":23,"playtime":1808,"items_purged":[],"score":315,"play_id":"3c8e1280-3276-42b4-96d8-521ab34f0a71","local_time":"20181024223013","is_ascension_mode":true,"campfire_choices":[{"floor":12,"key":"REST"},{"floor":15,"key":"REST"}],"neow_cost":"NONE","seed_source_timestamp":1276755157096628,"circlet_count":0,"master_deck":["Defend_G","Defend_G","Defend_G","Defend_G","Defend_G","Strike_G","Strike_G","Strike_G","Strike_G","Strike_G","Survivor","Neutralize+1","AscendersBane","Backflip","PiercingWail","Leg Sweep","Dagger Spray","Dagger Throw","Blur+1","Cloak And Dagger+1","Adrenaline+1","Escape Plan+1","Dodge and Roll+1","Decay","RitualDagger"],"relics":["Ectoplasm","Mercury Hourglass","Turnip","Bottled Flame","Toxic Egg 2","Eternal Feather"],"potions_floor_usage":[8,8,11,23],"damage_taken":[{"damage":0,"enemies":"Cultist","floor":1,"turns":4},{"damage":6,"enemies":"Jaw Worm","floor":2,"turns":4},{"damage":2,"enemies":"Small Slimes","floor":6,"turns":4},{"damage":24,"enemies":"Gremlin Nob","floor":8,"turns":5},{"damage":0,"enemies":"2 Fungi Beasts","floor":10,"turns":3},{"damage":10,"enemies":"3 Sentries","floor":11,"turns":5},{"damage":20,"enemies":"The Guardian","floor":16,"turns":18},{"damage":0,"enemies":"3 Byrds","floor":18,"turns":6},{"damage":6,"enemies":"2 Thieves","floor":19,"turns":5},{"damage":55,"enemies":"Gremlin Leader","floor":23,"turns":11}],"seed_played":"8750989537766679691","potions_obtained":[{"floor":1,"key":"PowerPotion"},{"floor":6,"key":"GamblersBrew"},{"floor":8,"key":"Strength Potion"},{"floor":16,"key":"Swift Potion"}],"is_trial":false,"path_per_floor":["M","M","?","?","?","M","?","E","T","M","E","R","$","?","R","B",null,"M","M","$","?","?"],"character_chosen":"THE_SILENT","items_purchased":["Cloak And Dagger+1"],"campfire_rested":2,"item_purchase_floors":[13],"current_hp_per_floor":[63,57,57,45,45,43,43,19,19,19,9,30,30,47,68,48,65,65,59,59,59,53,0],"gold":0,"neow_bonus":"BOSS_RELIC","is_prod":false,"is_daily":false,"chose_seed":false,"campfire_upgraded":0,"win_rate":0,"timestamp":1540434613,"path_taken":["M","M","?","?","?","M","?","E","T","M","E","R","$","?","R","BOSS","M","M","$","?","?","E"],"build_version":"2018-10-18","purchased_purges":0,"victory":false,"max_hp_per_floor":[70,70,70,70,70,70,70,70,70,70,70,70,70,70,70,70,70,70,70,70,70,70,70],"card_choices":[{"not_picked":["All Out Attack","Tactician"],"picked":"Backflip","floor":1},{"not_picked":["Eviscerate","Flechettes"],"picked":"PiercingWail","floor":2},{"not_picked":["Concentrate","Outmaneuver"],"picked":"Leg Sweep","floor":6},{"not_picked":["Flying Knee","Grand Finale"],"picked":"Dagger Spray","floor":8},{"not_picked":["Dagger Spray","Skewer"],"picked":"Dagger Throw","floor":10},{"not_picked":["Poisoned Stab","Tactician"],"picked":"Blur","floor":11},{"not_picked":["Wraith Form v2","Venomology+1"],"picked":"Adrenaline+1","floor":16},{"not_picked":["Outmaneuver+1","Dagger Throw"],"picked":"Escape Plan+1","floor":18},{"not_picked":["Setup+1","Expertise+1"],"picked":"Dodge and Roll+1","floor":19}],"player_experience":1574675,"relics_obtained":[{"floor":8,"key":"Turnip"},{"floor":9,"key":"Bottled Flame"},{"floor":11,"key":"Toxic Egg 2"}],"event_choices":[{"damage_healed":0,"gold_gain":0,"player_choice":"Ignored","damage_taken":0,"max_hp_gain":0,"max_hp_loss":0,"event_name":"Liars Game","floor":3,"gold_loss":0},{"damage_healed":0,"gold_gain":0,"player_choice":"Success","damage_taken":12,"relics_obtained":["Mercury Hourglass"],"max_hp_gain":0,"max_hp_loss":0,"event_name":"Scrap Ooze","floor":4,"gold_loss":0},{"damage_healed":0,"gold_gain":0,"player_choice":"Ignored","damage_taken":0,"max_hp_gain":0,"max_hp_loss":0,"event_name":"Shining Light","floor":5,"gold_loss":0},{"damage_healed":0,"gold_gain":0,"player_choice":"Forge","damage_taken":0,"max_hp_gain":0,"max_hp_loss":0,"event_name":"Accursed Blacksmith","floor":7,"gold_loss":0,"cards_upgraded":["Neutralize"]},{"damage_healed":17,"gold_gain":0,"player_choice":"Healed","damage_taken":0,"max_hp_gain":0,"max_hp_loss":0,"event_name":"The Cleric","floor":14,"gold_loss":35},{"damage_healed":0,"gold_gain":0,"player_choice":"Smashed Altar","damage_taken":0,"max_hp_gain":0,"max_hp_loss":0,"event_name":"Forgotten Altar","floor":21,"gold_loss":0,"cards_obtained":["Decay"]},{"damage_healed":0,"gold_gain":0,"player_choice":"Joined the Cult","damage_taken":6,"max_hp_gain":0,"max_hp_loss":0,"event_name":"Nest","floor":22,"gold_loss":0,"cards_obtained":["RitualDagger"]}],"is_beta":false,"boss_relics":[{"not_picked":["Cursed Key","Velvet Choker"],"picked":"Eternal Feather"}],"items_purged_floors":[],"is_endless":false,"potions_floor_spawned":[1,6,8,16],"killed_by":"Gremlin Leader","ascension_level":12}