{"path_per_floor":["M","M","M","M","M","R","M","R","T","$","M","?","E","M","R","B",null,"M","M","M","M","$"],"character_chosen":"THE_SILENT","items_purchased":["Predator","Bandage Up","Backflip","Infinite Blades","Jack Of All Trades"],"gold_per_floor":[114,132,145,161,181,181,200,200,200,2,22,22,52,64,64,167,167,186,200,211,225,22,22],"floor_reached":23,"campfire_rested":2,"playtime":2289,"current_hp_per_floor":[70,64,64,48,48,69,65,65,65,65,58,58,54,49,70,50,70,66,59,37,27,27,0],"items_purged":["Masterful Stab"],"gold":22,"score":199,"play_id":"fafe5791-3bab-4fee-9610-5d4d14bcd6c1","local_time":"20180523171552","is_prod":false,"is_daily":false,"chose_seed":false,"is_ascension_mode":false,"campfire_upgraded":1,"timestamp":1527110152,"campfire_choices":[{"floor":6,"key":"REST"},{"data":"Endless Agony","floor":8,"key":"SMITH"},{"floor":15,"key":"REST"}],"path_taken":["M","?","M","M","M","R","M","R","T","$","M","?","E","M","R","BOSS","M","M","M","M","$","E"],"build_version":"2018-05-17","seed_source_timestamp":220755143423970,"purchased_purges":1,"victory":false,"master_deck":["Defend_G","Defend_G","Defend_G","Defend_G","Defend_G","Strike_G","Strike_G","Strike_G","Strike_G","Strike_G","Survivor","Neutralize","Cloak And Dagger","Endless Agony+1","Dash","Predator+1","Bandage Up+1","Backflip","Slice+1","Flying Knee+1","Dodge and Roll+1","Storm of Steel+1","Cloak And Dagger+1","Doppelganger+1","Choke+1","Backstab+1","Endless Agony+1","Underhanded Strike+1","Infinite Blades","Jack Of All Trades+1"],"max_hp_per_floor":[70,70,70,70,70,70,70,70,70,70,70,70,70,70,70,70,70,70,70,70,70,70,70],"relics":["Ring of the Snake","Molten Egg 2","Toxic Egg 2","Astrolabe"],"card_choices":[{"not_picked":["Deflect","Dagger Throw"],"picked":"Predator","floor":1},{"not_picked":["Dagger Throw","Blur"],"picked":"Cloak And Dagger","floor":2},{"not_picked":["Underhanded Strike","Outmaneuver"],"picked":"Endless Agony","floor":3},{"not_picked":["Quick Slash","Night Terror"],"picked":"Endless Agony","floor":4},{"not_picked":["Backflip","Bane"],"picked":"Sucker Punch","floor":5},{"not_picked":["Deflect","Dodge and Roll"],"picked":"Dash","floor":7},{"not_picked":["Footwork","Escape Plan"],"picked":"Slice+1","floor":11},{"not_picked":["Deadly Poison","Dodge and Roll"],"picked":"Flying Knee+1","floor":13},{"not_picked":["Bouncing Flask+1","Poisoned Stab+1"],"picked":"Dodge and Roll+1","floor":14},{"not_picked":["Doppelganger+1","Bullet Time+1"],"picked":"Storm of Steel+1","floor":16},{"not_picked":["Dodge and Roll+1","Predator+1"],"picked":"Choke+1","floor":18},{"not_picked":["Backflip+1","Cloak And Dagger+1"],"picked":"Backstab+1","floor":19},{"not_picked":["Sucker Punch+1","Noxious Fumes"],"picked":"Endless Agony+1","floor":20},{"not_picked":["Calculated Gamble+1","PiercingWail+1"],"picked":"Underhanded Strike+1","floor":21}],"player_experience":93089,"potions_floor_usage":[16,16,21,23],"damage_taken":[{"damage":0,"enemies":"Cultist","floor":1,"turns":4},{"damage":6,"enemies":"Jaw Worm","floor":2,"turns":3},{"damage":0,"enemies":"2 Louse","floor":3,"turns":2},{"damage":16,"enemies":"Large Slime","floor":4,"turns":6},{"damage":0,"enemies":"Exordium Wildlife","floor":5,"turns":2},{"damage":4,"enemies":"Looter","floor":7,"turns":2},{"damage":7,"enemies":"Red Slaver","floor":11,"turns":2},{"damage":10,"enemies":"3 Sentries","floor":13,"turns":5},{"damage":5,"enemies":"Blue Slaver","floor":14,"turns":3},{"damage":26,"enemies":"Slime Boss","floor":16,"turns":11},{"damage":4,"enemies":"Spheric Guardian","floor":18,"turns":3},{"damage":11,"enemies":"Chosen","floor":19,"turns":5},{"damage":28,"enemies":"Snake Plant","floor":20,"turns":5},{"damage":10,"enemies":"Centurion and Healer","floor":21,"turns":3},{"damage":35,"enemies":"Book of Stabbing","floor":23,"turns":4}],"relics_obtained":[{"floor":9,"key":"Molten Egg 2"},{"floor":13,"key":"Toxic Egg 2"}],"event_choices":[{"event_name":"Accursed Blacksmith","player_choice":"Forge","floor":12,"damage_taken":0}],"boss_relics":[{"not_picked":["Black Star","Calling Bell"],"picked":"Astrolabe"}],"potions_floor_spawned":[4,7,14,20,21],"seed_played":"-7119446298760683001","killed_by":"Book of Stabbing","ascension_level":0,"potions_obtained":[{"floor":4,"key":"Energy Potion"},{"floor":7,"key":"Swift Potion"},{"floor":14,"key":"GamblersBrew"},{"floor":20,"key":"Strength Potion"},{"floor":21,"key":"Swift Potion"}],"is_trial":false}