{"gold_per_floor":[112,112,125,148,169,169,194,194,194,194,215,215,256,279,279,408,408,421,421,435,63,63,63,97,97,97,116,116,157,177,197,197,327,327,346,371,13,26,51,95,115,115,115,115,149,149,188,31,31,31],"floor_reached":51,"playtime":3580,"items_purged":["Strike_G","Strike_G+1"],"score":1231,"play_id":"cb341cbd-eae2-4abb-9c00-9dc76e36d83d","local_time":"20180803024453","is_ascension_mode":true,"campfire_choices":[{"data":"Noxious Fumes","floor":6,"key":"SMITH"},{"data":"Cloak And Dagger","floor":10,"key":"SMITH"},{"floor":12,"key":"REST"},{"data":"Noxious Fumes","floor":15,"key":"SMITH"},{"floor":23,"key":"REST"},{"floor":25,"key":"REST"},{"floor":28,"key":"REST"},{"floor":32,"key":"REST"},{"floor":44,"key":"REST"},{"floor":49,"key":"REST"}],"neow_cost":"NONE","seed_source_timestamp":213194771530734,"circlet_count":0,"master_deck":["Defend_G+1","Defend_G+1","Defend_G+1","Defend_G+1","Defend_G+1","Strike_G+1","Strike_G+1","Survivor","Neutralize","AscendersBane","Noxious Fumes+1","Cloak And Dagger+1","Sucker Punch+1","Backflip","Acrobatics","Caltrops","Noxious Fumes+1","Adrenaline","Tools of the Trade","Leg Sweep","Necronomicurse","Noxious Fumes+1","PiercingWail","Corpse Explosion","Cloak And Dagger","After Image","Cloak And Dagger","PiercingWail+1","Expertise","Footwork+1","Footwork","Blur","PiercingWail+1","Dash+1","Bouncing Flask+1"],"special_seed":0,"relics":["Ring of the Snake","Golden Idol","Potion Belt","Strawberry","Fusion Hammer","Necronomicon","Nunchaku","Gremlin Horn","Bottled Tornado","Oddly Smooth Stone","Sozu","Pear","Mummified Hand","Turnip","Unceasing Top","Mango","Tingsha","Happy Flower"],"potions_floor_usage":[3,7,18,27,33,40,50],"damage_taken":[{"damage":5.0,"enemies":"Jaw Worm","floor":1.0,"turns":6.0},{"damage":0,"enemies":"Small Slimes","floor":3,"turns":3},{"damage":0,"enemies":"2 Louse","floor":4,"turns":2},{"damage":1,"enemies":"Blue Slaver","floor":5,"turns":6},{"damage":0,"enemies":"Looter","floor":7,"turns":4},{"damage":4,"enemies":"Exordium Thugs","floor":11,"turns":6},{"damage":10,"enemies":"3 Sentries","floor":13,"turns":7},{"damage":5,"enemies":"2 Fungi Beasts","floor":14,"turns":4},{"damage":14,"enemies":"Slime Boss","floor":16,"turns":10},{"damage":0,"enemies":"Shell Parasite","floor":18,"turns":6},{"damage":5,"enemies":"Spheric Guardian","floor":20,"turns":6},{"damage":36,"enemies":"Slavers","floor":24,"turns":5},{"damage":11,"enemies":"Snake Plant","floor":27,"turns":5},{"damage":13,"enemies":"Gremlin Leader","floor":29,"turns":6},{"damage":0,"enemies":"Cultist and Chosen","floor":30,"turns":6},{"damage":13,"enemies":"Snecko","floor":31,"turns":5},{"damage":24,"enemies":"Champ","floor":33,"turns":13},{"damage":7,"enemies":"3 Darklings","floor":35,"turns":5},{"damage":10,"enemies":"Orb Walker","floor":36,"turns":5},{"damage":0,"enemies":"4 Shapes","floor":38,"turns":4},{"damage":3,"enemies":"Spire Growth","floor":39,"turns":6},{"damage":26,"enemies":"Giant Head","floor":40,"turns":10},{"damage":20,"enemies":"3 Darklings","floor":41,"turns":3},{"damage":3,"enemies":"2 Orb Walkers","floor":45,"turns":5},{"damage":0,"floor":46,"turns":7},{"damage":0,"enemies":"Giant Head","floor":47,"turns":11},{"damage":13,"enemies":"Time Eater","floor":50,"turns":13}],"seed_played":"-7971321736023973582","potions_obtained":[{"floor":1.0,"key":"AttackPotion"},{"floor":5,"key":"SteroidPotion"},{"floor":16,"key":"AttackPotion"},{"floor":20,"key":"Regen Potion"},{"floor":24,"key":"SkillPotion"},{"floor":31,"key":"AttackPotion"},{"floor":33,"key":"Explosive Potion"}],"is_trial":false,"path_per_floor":["M","?","M","M","M","R","M","?","T","R","M","R","E","M","R","B",null,"M","?","M","$","?","R","E","R","T","M","R","E","M","M","R","B",null,"M","M","$","M","M","E","M","?","T","R","E","?","E","$","R","B"],"character_chosen":"THE_SILENT","items_purchased":["Nunchaku","Pear","Happy Flower"],"campfire_rested":7,"item_purchase_floors":[21,37,48],"current_hp_per_floor":[58,41,41,41,40,40,40,26,26,26,22,43,40,35,35,21,63,63,47,42,42,42,65,29,52,52,41,64,51,51,38,61,37,67,60,50,60,60,57,46,26,87,87,87,84,98,98,98,101,88],"gold":31,"neow_bonus":"TRANSFORM_CARD","is_prod":false,"is_daily":false,"chose_seed":false,"campfire_upgraded":3,"win_rate":0,"timestamp":1533257093,"path_taken":["M","?","M","M","M","R","M","?","T","R","M","R","E","M","R","BOSS","M","?","M","$","?","R","E","R","T","?","R","E","M","M","R","BOSS","M","M","$","M","M","E","M","?","T","R","E","?","E","$","R","BOSS"],"build_version":"2018-08-01","purchased_purges":2,"victory":true,"max_hp_per_floor":[70,70,70,70,70,70,70,70,70,70,70,70,77,77,77,77,77,77,77,77,77,77,77,77,77,77,77,77,77,77,77,77,77,77,77,77,87,87,87,87,87,87,87,87,87,101,101,101,101,101],"card_choices":[{"not_picked":["Skewer","Underhanded Strike"],"picked":"Cloak And Dagger","floor":1.0},{"not_picked":["Quick Slash","Blade Dance"],"picked":"Sucker Punch","floor":3},{"not_picked":["Predator","Underhanded Strike"],"picked":"Backflip","floor":4},{"not_picked":["Reflex","Deadly Poison"],"picked":"Acrobatics","floor":5},{"not_picked":["Dagger Spray","Deadly Poison","Endless Agony"],"picked":"SKIP","floor":7},{"not_picked":["Poisoned Stab","Setup"],"picked":"Caltrops","floor":11},{"not_picked":["Well Laid Plans","Concentrate"],"picked":"Noxious Fumes","floor":13},{"not_picked":["Bane","Dagger Throw"],"picked":"Adrenaline","floor":14},{"not_picked":["Burst","Corpse Explosion"],"picked":"Tools of the Trade","floor":16},{"not_picked":["Slice","Poisoned Stab"],"picked":"Leg Sweep","floor":18},{"not_picked":["Terror+1","Outmaneuver"],"picked":"Noxious Fumes+1","floor":20},{"not_picked":["Riddle With Holes","Tactician+1"],"picked":"PiercingWail","floor":24},{"not_picked":["Bane","PiercingWail"],"picked":"Corpse Explosion","floor":27},{"not_picked":["Deflect","Flying Knee","All Out Attack+1"],"picked":"SKIP","floor":29},{"not_picked":["Flying Knee","Dagger Throw"],"picked":"Cloak And Dagger","floor":30},{"not_picked":["Outmaneuver+1","Deflect","Slice"],"picked":"SKIP","floor":31},{"not_picked":["Tools of the Trade","Bullet Time"],"picked":"After Image","floor":33},{"not_picked":["Deflect","Quick Slash+1"],"picked":"Cloak And Dagger","floor":35},{"not_picked":["Poisoned Stab+1","Prepared"],"picked":"PiercingWail+1","floor":36},{"not_picked":["Deflect","Setup"],"picked":"Expertise","floor":38},{"not_picked":["Predator+1","Deflect"],"picked":"Footwork+1","floor":39},{"not_picked":["Distraction","PiercingWail"],"picked":"Footwork","floor":40},{"not_picked":["Caltrops","Slice+1"],"picked":"Blur","floor":41},{"not_picked":["Riddle With Holes+1","Prepared+1"],"picked":"PiercingWail+1","floor":45},{"not_picked":["Tactician","Leg Sweep"],"picked":"Dash+1","floor":46},{"not_picked":["Reflex+1","Setup+1"],"picked":"Bouncing Flask+1","floor":47}],"player_experience":381542,"relics_obtained":[{"floor":9,"key":"Potion Belt"},{"floor":13,"key":"Strawberry"},{"floor":19,"key":"Necronomicon"},{"floor":24,"key":"Gremlin Horn"},{"floor":26,"key":"Bottled Tornado"},{"floor":29,"key":"Oddly Smooth Stone"},{"floor":40,"key":"Mummified Hand"},{"floor":43,"key":"Turnip"},{"floor":45,"key":"Unceasing Top"},{"floor":46,"key":"Mango"},{"floor":47,"key":"Tingsha"}],"event_choices":[{"event_name":"Golden Idol","player_choice":"Take Damage","floor":2.0,"damage_taken":0.0},{"event_name":"Shining Light","player_choice":"Entered Light","floor":8,"damage_taken":0},{"event_name":"Cursed Tome","player_choice":"Obtained Book","floor":19,"damage_taken":0},{"event_name":"Back to Basics","player_choice":"Simplicity","floor":22,"damage_taken":0},{"event_name":"Wheel of Change","player_choice":"Full Heal","floor":42,"damage_taken":0},{"event_name":"MindBloom","player_choice":"Fight","floor":46,"damage_taken":0}],"is_beta":true,"boss_relics":[{"not_picked":["Empty Cage","Lizard Tail"],"picked":"Fusion Hammer"},{"not_picked":["Ring of the Serpent","Runic Dome"],"picked":"Sozu"}],"items_purged_floors":[21,37],"is_endless":false,"potions_floor_spawned":[1,5,16,20,24,31,33,40,41,45,47],"ascension_level":10}