{"gold_per_floor":[116,130,150,150,160,189,189,221,221,221,296,6,6,6,6,103,103,123,26,26,40,40,52,52],"floor_reached":24,"playtime":1156,"items_purged":[],"score":224,"play_id":"a11840d1-2dd2-483f-8c22-641c1d9e4c07","local_time":"20181021180524","is_ascension_mode":true,"campfire_choices":[{"floor":7,"key":"REST"},{"data":"Shrug It Off","floor":10,"key":"SMITH"},{"floor":13,"key":"REST"},{"data":"Bash","floor":15,"key":"SMITH"}],"neow_cost":"NONE","seed_source_timestamp":96243914716050,"circlet_count":0,"master_deck":["Bash+1","Cleave","Reckless Charge","Twin Strike","Reaper","Barricade+1","Shrug It Off+1","Demon Form+1","Pommel Strike","Headbutt","Flex","Reckless Charge","Battle Trance","Havoc","Searing Blow","Body Slam","Twin Strike+1","Feel No Pain+1","Sword Boomerang","Shrug It Off+1","Flame Barrier"],"relics":["Burning Blood","Boot","Frozen Egg 2","Art of War","Blue Candle","War Paint","Ginger","Pandora\u0027s Box"],"potions_floor_usage":[5,8,16,24],"damage_taken":[{"damage":0,"enemies":"2 Louse","floor":1,"turns":3},{"damage":7,"enemies":"Small Slimes","floor":2,"turns":4},{"damage":1,"enemies":"Cultist","floor":3,"turns":3},{"damage":7,"enemies":"3 Louse","floor":5,"turns":3},{"damage":45,"enemies":"Lagavulin","floor":6,"turns":8},{"damage":23,"enemies":"Gremlin Nob","floor":8,"turns":5},{"damage":78,"enemies":"Slime Boss","floor":16,"turns":17},{"damage":21,"enemies":"3 Byrds","floor":18,"turns":5},{"damage":32,"enemies":"2 Thieves","floor":21,"turns":4},{"damage":36,"enemies":"Centurion and Healer","floor":23,"turns":6},{"damage":23,"enemies":"Snake Plant","floor":24,"turns":4}],"seed_played":"-4296422377868489967","potions_obtained":[{"floor":3,"key":"Block Potion"},{"floor":6,"key":"Weak Potion"},{"floor":8,"key":"BloodPotion"},{"floor":23,"key":"Block Potion"}],"is_trial":false,"path_per_floor":["M","M","M","?","M","E","R","E","T","R","?","$","R","?","R","B",null,"M","$","?","M","$","M"],"character_chosen":"IRONCLAD","items_purchased":["Ginger","Feel No Pain+1","Sword Boomerang"],"campfire_rested":2,"item_purchase_floors":[12,19,19],"current_hp_per_floor":[80,79,80,68,67,34,58,41,41,41,30,30,54,80,80,24,80,69,69,69,43,43,19,0],"gold":52,"neow_bonus":"RANDOM_COMMON_RELIC","is_prod":false,"is_daily":false,"chose_seed":false,"campfire_upgraded":2,"win_rate":0,"timestamp":1540163124,"path_taken":["M","M","M","?","M","E","R","E","T","R","?","$","R","?","R","BOSS","M","$","?","M","$","M","M"],"build_version":"2018-10-19","purchased_purges":0,"victory":false,"max_hp_per_floor":[80,80,80,80,80,80,80,80,80,80,80,80,80,80,80,80,80,80,80,80,80,80,80,80],"card_choices":[{"not_picked":["Body Slam","Dual Wield"],"picked":"Cleave","floor":1},{"not_picked":["Warcry","Blood for Blood"],"picked":"Reckless Charge","floor":2},{"not_picked":["Iron Wave","Thunderclap"],"picked":"Twin Strike","floor":3},{"not_picked":["Body Slam","Combust+1"],"picked":"Reaper","floor":5},{"not_picked":["Clash","Body Slam"],"picked":"Barricade+1","floor":6},{"not_picked":["Twin Strike","Exhume"],"picked":"Shrug It Off","floor":8},{"not_picked":["Berserk+1","Dark Embrace+1"],"picked":"Demon Form+1","floor":16},{"not_picked":["Clash+1","Warcry"],"picked":"Twin Strike+1","floor":18},{"not_picked":["Double Tap","Twin Strike"],"picked":"Shrug It Off+1","floor":21},{"not_picked":["Anger","Evolve+1"],"picked":"Flame Barrier","floor":23}],"player_experience":439597,"relics_obtained":[{"floor":6,"key":"Art of War"},{"floor":8,"key":"Blue Candle"},{"floor":9,"key":"War Paint"}],"event_choices":[{"damage_healed":0,"gold_gain":0,"player_choice":"Success","damage_taken":12,"relics_obtained":["Frozen Egg 2"],"max_hp_gain":0,"max_hp_loss":0,"event_name":"Scrap Ooze","floor":4,"gold_loss":0},{"damage_healed":0,"gold_gain":75,"player_choice":"Gather Gold","damage_taken":11,"max_hp_gain":0,"max_hp_loss":0,"event_name":"World of Goop","floor":11,"gold_loss":0},{"damage_healed":26,"gold_gain":0,"player_choice":"Banana","damage_taken":0,"max_hp_gain":0,"max_hp_loss":0,"event_name":"Big Fish","floor":14,"gold_loss":0},{"cards_removed":["Headbutt"],"damage_healed":0,"gold_gain":0,"player_choice":"Elegance","damage_taken":0,"max_hp_gain":0,"max_hp_loss":0,"event_name":"Back to Basics","floor":20,"gold_loss":0}],"is_beta":true,"boss_relics":[{"not_picked":["Empty Cage","Eternal Feather"],"picked":"Pandora\u0027s Box"}],"items_purged_floors":[],"is_endless":false,"potions_floor_spawned":[3,6,8,23],"killed_by":"Snake Plant","ascension_level":2}