{"gold_per_floor":[112,123,143,153,153,153,182,182,182,257,40,57,57,67,67,144,144,161,177,190,190,64,64],"floor_reached":23,"playtime":1125,"items_purged":["Strike_B"],"score":386,"play_id":"57534f59-a408-46b2-ba40-60b103a2d67f","local_time":"20190209232130","is_ascension_mode":true,"campfire_choices":[{"data":"Zap","floor":6.0,"key":"SMITH"},{"floor":8.0,"key":"REST"},{"floor":15.0,"key":"REST"}],"neow_cost":"NONE","seed_source_timestamp":0,"circlet_count":0,"master_deck":["AscendersBane","Strike_B","Defend_B","Defend_B","Defend_B","Defend_B","Zap+1","Dualcast","Gash","Glacier","Gash","Compile Driver","Scrape","Steam","Go for the Eyes","Buffer","Lockon","Glacier","Coolheaded","Gash"],"special_seed":0,"relics":["Eternal Feather","Blood Vial","Mercury Hourglass","Pen Nib","Inserter"],"potions_floor_usage":[19],"damage_taken":[{"damage":7.0,"enemies":"Cultist","floor":1.0,"turns":4.0},{"damage":9.0,"enemies":"2 Louse","floor":2.0,"turns":2.0},{"damage":4.0,"enemies":"Small Slimes","floor":3.0,"turns":4.0},{"damage":5.0,"enemies":"Exordium Wildlife","floor":4.0,"turns":5.0},{"damage":37.0,"enemies":"Gremlin Nob","floor":7.0,"turns":5.0},{"damage":14.0,"enemies":"3 Louse","floor":12.0,"turns":3.0},{"damage":0.0,"enemies":"Looter","floor":14.0,"turns":3.0},{"damage":46.0,"enemies":"Slime Boss","floor":16.0,"turns":12.0},{"damage":22.0,"enemies":"3 Byrds","floor":18.0,"turns":5.0},{"damage":20,"enemies":"Shell Parasite","floor":19,"turns":7},{"damage":9,"enemies":"Snecko","floor":20,"turns":9},{"damage":26,"enemies":"Slavers","floor":23,"turns":2}],"seed_played":"-1065003852338799781","potions_obtained":[{"floor":2.0,"key":"Regen Potion"},{"floor":4.0,"key":"Ancient Potion"},{"floor":12.0,"key":"GamblersBrew"},{"floor":18,"key":"Energy Potion"}],"is_trial":false,"path_per_floor":["M","M","M","M","?","R","E","R","T","?","$","M","?","M","R","B",null,"M","M","M","?","$","E"],"character_chosen":"DEFECT","items_purchased":["Pen Nib","Steam","Gash"],"campfire_rested":2,"item_purchase_floors":[11,11,22],"current_hp_per_floor":[57,48,44,53,58,67,30,61,61,50,50,38,31,33,64,20,62,42,24,17,17,17,0],"gold":64,"neow_bonus":"BOSS_RELIC","is_prod":false,"is_daily":false,"chose_seed":false,"campfire_upgraded":1,"win_rate":0,"timestamp":1549772490,"path_taken":["M","M","?","?","?","R","E","R","T","?","$","M","?","M","R","BOSS","M","M","M","?","$","E"],"build_version":"2019-01-23","purchased_purges":1,"victory":false,"max_hp_per_floor":[71,71,71,71,76,76,76,76,76,76,76,76,76,76,76,76,76,76,76,76,76,76,76],"card_choices":[{"not_picked":["Turbo","Conserve Battery"],"picked":"Gash","floor":1.0},{"not_picked":["Blizzard","Streamline"],"picked":"Glacier","floor":2.0},{"not_picked":["Turbo","Rebound"],"picked":"Gash","floor":3.0},{"not_picked":["Aggregate","Turbo"],"picked":"Compile Driver","floor":4.0},{"not_picked":["Genetic Algorithm","Cold Snap"],"picked":"Scrape","floor":7.0},{"not_picked":["Rebound","Barrage"],"picked":"Go for the Eyes","floor":12.0},{"not_picked":["Barrage","Storm","Meteor Strike"],"picked":"SKIP","floor":14.0},{"not_picked":["Multi-Cast","Seek"],"picked":"Buffer","floor":16.0},{"not_picked":["Hologram","Stack"],"picked":"Lockon","floor":18},{"not_picked":["Conserve Battery","Steam"],"picked":"Glacier","floor":19},{"not_picked":["Redo","Turbo"],"picked":"Coolheaded","floor":20}],"player_experience":2382659,"relics_obtained":[{"floor":7.0,"key":"Blood Vial"},{"floor":9.0,"key":"Mercury Hourglass"}],"event_choices":[{"damage_healed":0.0,"max_hp_gain":5.0,"max_hp_loss":0.0,"gold_gain":0.0,"event_name":"Big Fish","player_choice":"Donut","floor":5.0,"gold_loss":0.0,"damage_taken":0.0},{"damage_healed":0.0,"max_hp_gain":0.0,"max_hp_loss":0.0,"gold_gain":75.0,"event_name":"World of Goop","player_choice":"Gather Gold","floor":10.0,"gold_loss":0.0,"damage_taken":11.0},{"cards_removed":["Strike_B"],"damage_healed":0.0,"max_hp_gain":0.0,"max_hp_loss":0.0,"gold_gain":0.0,"event_name":"Golden Wing","player_choice":"Card Removal","floor":13.0,"gold_loss":0.0,"damage_taken":7.0},{"cards_removed":["Strike_B"],"damage_healed":0,"gold_gain":0,"player_choice":"Elegance","damage_taken":0,"max_hp_gain":0,"max_hp_loss":0,"event_name":"Back to Basics","floor":21,"gold_loss":0}],"is_beta":false,"boss_relics":[{"not_picked":["Lizard Tail","Coffee Dripper"],"picked":"Inserter"}],"items_purged_floors":[22],"is_endless":false,"potions_floor_spawned":[2,4,12,18],"killed_by":"Slavers","ascension_level":20}