{"gold_per_floor":[116,216,232,28,46,81,100,100,100,28,39,54,84,103,103,200,200,215,235,250,250,268,268,268,268,317,331,331,331,9,19,19,117,117,128,138,138,150,170,170,185,205,258,331,349,364,364,364,364,364],"floor_reached":50,"playtime":3804,"items_purged":["Strike_B","Decay"],"score":489,"play_id":"319be7ca-cbb8-4641-ad4c-92b5efd1ad36","local_time":"20181206180727","is_ascension_mode":false,"campfire_choices":[{"data":"Self Repair","floor":8.0,"key":"SMITH"},{"data":"Defragment","floor":15.0,"key":"SMITH"},{"floor":23,"key":"RECALL"},{"data":"Redo","floor":25,"key":"SMITH"},{"data":"Streamline","floor":28,"key":"SMITH"},{"data":"Fission","floor":32,"key":"SMITH"},{"data":"Steam","floor":40,"key":"SMITH"},{"data":"Beam Cell","floor":47,"key":"SMITH"}],"neow_cost":"NONE","seed_source_timestamp":336694071404161,"circlet_count":0,"master_deck":["Strike_B+1","Defend_B+1","Defend_B+1","Defend_B+1","Defend_B+1","Zap+1","Dualcast+1","Leap+1","Genetic Algorithm+1","Defragment+1","Ball Lightning+1","Reinforced Body+1","Self Repair+1","Leap+1","Self Repair+1","Streamline+1","Cold Snap+1","Redo+1","Seek+1","Fission+1","Go for the Eyes+1","Cold Snap+1","Redo+1","Steam+1","Reprogram+1","Self Repair+1","Rip and Tear+1","Compile Driver+1","Sweeping Beam+1","Multi-Cast+1","Conserve Battery+1","Cold Snap+1","Steam+1","Beam Cell+1","White Noise+1","Go for the Eyes+1","Beam Cell+1"],"special_seed":0,"relics":["Coffee Dripper","Happy Flower","StoneCalendar","Nuclear Battery","Lantern","Sling","Eternal Feather","Mark of the Bloom","Oddly Smooth Stone","Darkstone Periapt"],"potions_floor_usage":[19,20,33,33,38,48],"damage_taken":[{"damage":7.0,"enemies":"Small Slimes","floor":1.0,"turns":3.0},{"damage":0.0,"enemies":"Cultist","floor":3.0,"turns":4.0},{"damage":7.0,"enemies":"2 Louse","floor":5.0,"turns":4.0},{"damage":19.0,"enemies":"Lagavulin","floor":6.0,"turns":6.0},{"damage":11.0,"enemies":"2 Fungi Beasts","floor":7.0,"turns":4.0},{"damage":0.0,"enemies":"Gremlin Gang","floor":11.0,"turns":6.0},{"damage":9.0,"enemies":"Lots of Slimes","floor":12.0,"turns":5.0},{"damage":17.0,"enemies":"3 Sentries","floor":13.0,"turns":8.0},{"damage":0.0,"enemies":"2 Fungi Beasts","floor":14.0,"turns":5.0},{"damage":6.0,"enemies":"The Guardian","floor":16.0,"turns":10.0},{"damage":0.0,"enemies":"Shell Parasite","floor":18.0,"turns":7.0},{"damage":0,"enemies":"3 Byrds","floor":19,"turns":7},{"damage":3,"enemies":"Snecko","floor":20,"turns":6},{"damage":7,"enemies":"Shelled Parasite and Fungi","floor":22,"turns":7},{"damage":4,"enemies":"Centurion and Healer","floor":27,"turns":8},{"damage":9,"enemies":"Sentry and Sphere","floor":31,"turns":7},{"damage":72,"enemies":"Champ","floor":33,"turns":12},{"damage":10,"enemies":"3 Shapes","floor":35,"turns":7},{"damage":19,"enemies":"Orb Walker","floor":36,"turns":5},{"damage":24,"enemies":"Sphere and 2 Shapes","floor":38,"turns":6},{"damage":0,"enemies":"3 Darklings","floor":39,"turns":7},{"damage":6,"enemies":"Jaw Worm Horde","floor":41,"turns":6},{"damage":14,"enemies":"Sphere and 2 Shapes","floor":42,"turns":7},{"damage":32,"enemies":"Spire Growth","floor":45,"turns":6},{"damage":0,"enemies":"Maw","floor":46,"turns":8},{"damage":0,"enemies":"Writhing Mass","floor":48,"turns":1},{"damage":6,"enemies":"Donu and Deca","floor":50,"turns":2}],"seed_played":"-7435684577630300747","potions_obtained":[{"floor":5.0,"key":"Strength Potion"},{"floor":7.0,"key":"GamblersBrew"},{"floor":12.0,"key":"Weak Potion"},{"floor":16.0,"key":"SkillPotion"},{"floor":19,"key":"Weak Potion"},{"floor":27,"key":"Poison Potion"},{"floor":31,"key":"FocusPotion"},{"floor":36,"key":"Swift Potion"},{"floor":45,"key":"FairyPotion"},{"floor":46,"key":"SmokeBomb"}],"is_trial":false,"path_per_floor":["M","?","M","$","M","E","M","R","T","$","M","M","E","M","R","B",null,"M","M","M","?","M","R","?","R","T","M","R","?","$","M","R","B",null,"M","M","?","M","M","R","M","M","T","T","M","M","R","M","R","B"],"character_chosen":"DEFECT","items_purchased":["Defragment","Ball Lightning","Self Repair","Sling","Compile Driver"],"campfire_rested":0,"item_purchase_floors":[4,4,10,30,30],"current_hp_per_floor":[68,68,68,68,61,42,38,38,38,38,55,63,63,75,75,75,75,75,75,75,75,75,75,61,61,61,80,80,80,80,80,80,32,80,80,80,80,56,56,56,50,36,36,36,4,4,4,4,4,0],"gold":364,"neow_bonus":"BOSS_RELIC","is_prod":false,"is_daily":false,"chose_seed":false,"campfire_upgraded":7,"win_rate":0,"timestamp":1544137647,"path_taken":["M","?","?","?","M","E","M","R","T","$","M","M","E","M","R","BOSS","M","M","?","?","M","R","?","R","T","M","R","?","$","?","R","BOSS","M","?","?","M","M","R","M","M","T","?","M","M","R","M","R","BOSS"],"build_version":"2018-11-15","purchased_purges":2,"victory":false,"max_hp_per_floor":[75,75,75,75,75,75,75,75,75,75,75,75,75,75,75,75,75,75,75,75,75,75,75,80,80,80,80,80,80,80,80,80,80,80,80,80,80,80,80,80,80,80,80,80,80,80,80,80,80,80],"card_choices":[{"not_picked":["Redo","Coolheaded"],"picked":"Leap","floor":1.0},{"not_picked":["Go for the Eyes","Skim"],"picked":"Genetic Algorithm","floor":3.0},{"not_picked":["Steam Power","Gash"],"picked":"Reinforced Body","floor":5.0},{"not_picked":["Beam Cell","Conserve Battery"],"picked":"Self Repair","floor":6.0},{"not_picked":["Go for the Eyes","Turbo"],"picked":"Leap","floor":7.0},{"not_picked":["Turbo","Doom and Gloom"],"picked":"Streamline","floor":11.0},{"not_picked":["Hello World","Turbo"],"picked":"Cold Snap","floor":12.0},{"not_picked":["Gash","Force Field"],"picked":"Redo","floor":13.0},{"not_picked":["Gash","Hologram"],"picked":"Seek","floor":14.0},{"not_picked":["Hyperbeam","Meteor Strike"],"picked":"Fission","floor":16.0},{"not_picked":["Steam","Recycle"],"picked":"Go for the Eyes+1","floor":18.0},{"not_picked":["Recycle","Steam"],"picked":"Cold Snap+1","floor":19},{"not_picked":["Double Energy+1","Darkness"],"picked":"Redo","floor":20},{"not_picked":["Lockon","Barrage"],"picked":"Self Repair","floor":22},{"not_picked":["Tempest","Rebound"],"picked":"Rip and Tear+1","floor":27},{"not_picked":["Force Field","Rebound"],"picked":"Sweeping Beam","floor":31},{"not_picked":["Biased Cognition","All For One"],"picked":"Multi-Cast","floor":33},{"not_picked":["Redo","Compile Driver+1"],"picked":"Conserve Battery","floor":35},{"not_picked":["Rip and Tear+1","Reprogram+1"],"picked":"Cold Snap+1","floor":36},{"not_picked":["Ball Lightning","Hello World","Rebound"],"picked":"SKIP","floor":38},{"not_picked":["Reprogram","Turbo"],"picked":"Steam","floor":39},{"not_picked":["Compile Driver+1","Redo"],"picked":"Beam Cell","floor":41},{"not_picked":["Go for the Eyes+1","Cold Snap"],"picked":"White Noise+1","floor":42},{"not_picked":["Aggregate","Barrage"],"picked":"Go for the Eyes+1","floor":45},{"not_picked":["Streamline+1","Steam Power"],"picked":"Beam Cell+1","floor":46}],"player_experience":1779878,"relics_obtained":[{"floor":6.0,"key":"Happy Flower"},{"floor":13.0,"key":"StoneCalendar"},{"floor":26,"key":"Lantern"},{"floor":43,"key":"Oddly Smooth Stone"},{"floor":44,"key":"Darkstone Periapt"}],"event_choices":[{"damage_healed":0.0,"max_hp_gain":0.0,"max_hp_loss":0.0,"gold_gain":100.0,"event_name":"Golden Shrine","player_choice":"Pray","floor":2.0,"gold_loss":0.0,"damage_taken":0.0},{"damage_healed":0,"gold_gain":0,"cards_transformed":["Strike_B","Strike_B"],"player_choice":"Became Test Subject","damage_taken":0,"max_hp_gain":0,"max_hp_loss":0,"event_name":"Drug Dealer","floor":21,"gold_loss":0,"cards_obtained":["Steam","Reprogram"]},{"damage_healed":0,"gold_gain":0,"player_choice":"Shed Blood","damage_taken":19,"max_hp_gain":5,"max_hp_loss":0,"event_name":"Forgotten Altar","floor":24,"gold_loss":0},{"damage_healed":0,"gold_gain":0,"player_choice":"Cursed","damage_taken":0,"max_hp_gain":0,"max_hp_loss":0,"event_name":"Wheel of Change","floor":29,"gold_loss":0,"cards_obtained":["Decay"]},{"damage_healed":0,"gold_gain":0,"player_choice":"Upgrade","damage_taken":0,"relics_obtained":["Mark of the Bloom"],"max_hp_gain":0,"max_hp_loss":0,"event_name":"MindBloom","floor":37,"gold_loss":0,"cards_upgraded":["Strike_B","Defend_B","Defend_B","Defend_B","Defend_B","Zap","Dualcast","Leap","Genetic Algorithm","Ball Lightning","Reinforced Body","Leap","Self Repair","Cold Snap","Redo","Seek","Steam","Reprogram","Self Repair","Compile Driver","Sweeping Beam","Multi-Cast","Conserve Battery"]}],"is_beta":false,"boss_relics":[{"not_picked":["Velvet Choker","Astrolabe"],"picked":"Nuclear Battery"},{"not_picked":["Black Star","Pandora\u0027s Box"],"picked":"Eternal Feather"}],"items_purged_floors":[4,30],"is_endless":false,"potions_floor_spawned":[5,7,12,16,19,27,31,36,45,46,48],"killed_by":"Donu and Deca","ascension_level":0}