{"gold_per_floor":[116,291,127,142,217,245,245,245,323,323,333,333,353,73,73,73],"floor_reached":16,"playtime":532,"items_purged":["Doubt"],"score":108,"play_id":"1ec26413-1ab6-4770-85de-cb38114acc5d","local_time":"20190210163123","is_ascension_mode":true,"campfire_choices":[{"data":"BootSequence","floor":7,"key":"SMITH"},{"data":"Glacier","floor":15,"key":"SMITH"}],"neow_cost":"NONE","seed_source_timestamp":23149508091552,"circlet_count":0,"master_deck":["Strike_B","Strike_B","Strike_B","Strike_B","Defend_B","Defend_B+1","Defend_B","Defend_B","Zap","Dualcast","Creative AI","BootSequence+1","Self Repair","Coolheaded","Leap","Glacier+1","Glacier+1","Cold Snap","White Noise"],"relics":["Cracked Core","Ornamental Fan","Mummified Hand","Centennial Puzzle","Runic Capacitor"],"potions_floor_usage":[13,16],"damage_taken":[{"damage":20,"enemies":"Small Slimes","floor":1,"turns":4},{"damage":0,"enemies":"2 Louse","floor":4,"turns":2},{"damage":33,"enemies":"Lagavulin","floor":6,"turns":11},{"damage":0,"enemies":"Jaw Worm","floor":11,"turns":4},{"damage":0,"enemies":"Blue Slaver","floor":13,"turns":6},{"damage":12,"enemies":"The Guardian","floor":16,"turns":2}],"seed_played":"-3266796449703453241","potions_obtained":[{"floor":1,"key":"Weak Potion"},{"floor":11,"key":"LiquidBronze"}],"is_trial":false,"path_per_floor":["M","?","$","M","?","E","R","?","T","T","M","?","M","$","R","B"],"character_chosen":"DEFECT","items_purchased":["Self Repair","Coolheaded","Runic Capacitor","White Noise"],"campfire_rested":0,"item_purchase_floors":[3,3,14,14],"current_hp_per_floor":[55,55,55,62,51,25,25,10,10,10,17,5,12,12,12,0],"gold":73,"neow_bonus":"ONE_RANDOM_RARE_CARD","is_prod":false,"is_daily":false,"chose_seed":false,"campfire_upgraded":2,"win_rate":0,"timestamp":1549845083,"path_taken":["M","?","$","M","?","E","R","?","T","?","M","?","M","?","R","BOSS"],"build_version":"2019-01-23","purchased_purges":1,"victory":false,"max_hp_per_floor":[75,75,75,75,75,75,75,75,75,75,75,75,75,75,75,75],"card_choices":[{"not_picked":["Reinforced Body","Compile Driver"],"picked":"BootSequence","floor":1},{"not_picked":["Gash","Compile Driver"],"picked":"Leap","floor":4},{"not_picked":["Rainbow","Gash"],"picked":"Glacier","floor":6},{"not_picked":["Reprogram","Turbo"],"picked":"Glacier","floor":11},{"not_picked":["Blizzard","Glacier"],"picked":"Cold Snap","floor":13}],"player_experience":331419,"relics_obtained":[{"floor":6,"key":"Ornamental Fan"},{"floor":10,"key":"Mummified Hand"}],"event_choices":[{"damage_healed":0,"gold_gain":175,"player_choice":"AGREE","damage_taken":0,"max_hp_gain":0,"max_hp_loss":0,"event_name":"Liars Game","floor":2,"gold_loss":0,"cards_obtained":["Doubt"]},{"damage_healed":0,"gold_gain":75,"player_choice":"Gather Gold","damage_taken":11,"max_hp_gain":0,"max_hp_loss":0,"event_name":"World of Goop","floor":5,"gold_loss":0},{"damage_healed":0,"gold_gain":0,"player_choice":"Entered Light","damage_taken":15,"max_hp_gain":0,"max_hp_loss":0,"event_name":"Shining Light","floor":8,"gold_loss":0,"cards_upgraded":["Glacier","Defend_B"]},{"damage_healed":0,"gold_gain":0,"player_choice":"Success","damage_taken":12,"relics_obtained":["Centennial Puzzle"],"max_hp_gain":0,"max_hp_loss":0,"event_name":"Scrap Ooze","floor":12,"gold_loss":0}],"is_beta":false,"boss_relics":[],"items_purged_floors":[3],"is_endless":false,"potions_floor_spawned":[1,11],"killed_by":"The Guardian","ascension_level":2}