{"gold_per_floor":[112,112,72,91,168,168,168,185,185,185,185,185,219,249,261,371,383,409,421,453,47,47,47],"floor_reached":23,"playtime":765,"items_purged":["Strike_R+1"],"score":243,"play_id":"a1247cb9-688e-49e4-81f0-176967df0303","local_time":"20190107214105","is_ascension_mode":true,"campfire_choices":[{"data":"Shrug It Off","floor":6,"key":"SMITH"},{"data":"Intimidate","floor":11,"key":"SMITH"},{"data":"Armaments","floor":15,"key":"SMITH"}],"neow_cost":"NONE","seed_source_timestamp":247822421032523,"circlet_count":0,"master_deck":["Strike_R+1","Strike_R+1","Strike_R+1","Strike_R+1","Defend_R+1","Defend_R+1","Defend_R+1","Defend_R+1","Bash+1","Shrug It Off+1","Seeing Red+1","Intimidate+1","Armaments+1","Clothesline","Immolate","Body Slam","Flex","Thunderclap","Evolve"],"relics":["Burning Blood","Bottled Lightning","Bottled Flame","MawBank","Runic Dome","Molten Egg 2","Paper Frog"],"potions_floor_usage":[13,16,18],"damage_taken":[{"damage":7,"enemies":"Small Slimes","floor":1,"turns":4},{"damage":8,"enemies":"2 Louse","floor":4,"turns":2},{"damage":1,"enemies":"Cultist","floor":8,"turns":3},{"damage":4,"enemies":"Gremlin Nob","floor":13,"turns":3},{"damage":1,"enemies":"Exordium Thugs","floor":14,"turns":5},{"damage":33,"enemies":"Hexaghost","floor":16,"turns":11},{"damage":1,"enemies":"3 Byrds","floor":18,"turns":3},{"damage":3,"enemies":"Spheric Guardian","floor":20,"turns":3},{"damage":83,"enemies":"Gremlin Leader","floor":23,"turns":4}],"seed_played":"-1892326619781424202","potions_obtained":[{"floor":1,"key":"Energy Potion"},{"floor":3,"key":"Swift Potion"},{"floor":3,"key":"SpeedPotion"},{"floor":16,"key":"Explosive Potion"}],"is_trial":false,"path_per_floor":["M","?","?","M","T","R","?","M","T","?","R","?","E","M","R","B",null,"M","?","M","$","?","E"],"character_chosen":"IRONCLAD","items_purchased":["Thunderclap","Evolve","Molten Egg 2"],"campfire_rested":0,"item_purchase_floors":[21,21,21],"current_hp_per_floor":[71,55,55,53,53,53,53,58,58,63,63,63,65,70,70,43,75,80,80,83,83,83,0],"gold":47,"neow_bonus":"UPGRADE_CARD","is_prod":false,"is_daily":false,"chose_seed":false,"campfire_upgraded":3,"win_rate":0,"timestamp":1546864865,"path_taken":["M","?","?","?","?","R","?","?","T","?","R","?","E","M","R","BOSS","M","?","M","$","?","E"],"build_version":"2019-01-03v4","purchased_purges":1,"victory":false,"max_hp_per_floor":[80,80,80,80,80,80,80,80,80,85,85,85,85,85,85,85,85,85,85,85,85,85,85],"card_choices":[{"not_picked":["Hemokinesis","Body Slam"],"picked":"Shrug It Off","floor":1},{"not_picked":["Sword Boomerang","Clothesline"],"picked":"Seeing Red","floor":4},{"not_picked":["Combust","Shrug It Off"],"picked":"Intimidate","floor":8},{"not_picked":["Warcry","Combust"],"picked":"Armaments","floor":13},{"not_picked":["Body Slam","Dual Wield"],"picked":"Clothesline","floor":14},{"not_picked":["Double Tap","Limit Break"],"picked":"Immolate","floor":16},{"not_picked":["Disarm","Shrug It Off"],"picked":"Body Slam","floor":18},{"not_picked":["Twin Strike","Perfected Strike+1"],"picked":"Flex","floor":20}],"player_experience":343248,"relics_obtained":[{"floor":5,"key":"Bottled Lightning"},{"floor":9,"key":"Bottled Flame"},{"floor":13,"key":"MawBank"}],"event_choices":[{"damage_healed":0,"gold_gain":0,"player_choice":"Entered Light","damage_taken":16,"max_hp_gain":0,"max_hp_loss":0,"event_name":"Shining Light","floor":2,"gold_loss":0,"cards_upgraded":["Strike_R","Strike_R"]},{"damage_healed":0,"gold_gain":0,"player_choice":"Bought 3 Potions","damage_taken":0,"max_hp_gain":0,"max_hp_loss":0,"event_name":"The Woman in Blue","floor":3,"gold_loss":0},{"damage_healed":0,"gold_gain":0,"player_choice":"Upgraded","damage_taken":0,"max_hp_gain":0,"max_hp_loss":0,"event_name":"Upgrade Shrine","floor":7,"gold_loss":0,"cards_upgraded":["Seeing Red"]},{"damage_healed":0,"gold_gain":0,"player_choice":"Donut","damage_taken":0,"max_hp_gain":5,"max_hp_loss":0,"event_name":"Big Fish","floor":10,"gold_loss":0},{"damage_healed":0,"gold_gain":0,"player_choice":"Ignored","damage_taken":0,"max_hp_gain":0,"max_hp_loss":0,"event_name":"Liars Game","floor":12,"gold_loss":0},{"damage_healed":0,"gold_gain":0,"player_choice":"Simplicity","damage_taken":0,"max_hp_gain":0,"max_hp_loss":0,"event_name":"Back to Basics","floor":19,"gold_loss":0,"cards_upgraded":["Strike_R","Strike_R","Strike_R","Defend_R","Defend_R","Defend_R","Defend_R"]},{"damage_healed":0,"gold_gain":0,"player_choice":"Opened","damage_taken":0,"relics_obtained":["Paper Frog"],"max_hp_gain":0,"max_hp_loss":0,"event_name":"The Mausoleum","floor":22,"gold_loss":0}],"is_beta":false,"boss_relics":[{"not_picked":["Philosopher\u0027s Stone","Runic Pyramid"],"picked":"Runic Dome"}],"items_purged_floors":[21],"is_endless":false,"potions_floor_spawned":[1,16],"killed_by":"Gremlin Leader","ascension_level":6}