{"gold_per_floor":[109,34,34,50,50,50,85,100,100,26,26,26,45,55,55,154,154,170,170,95,109,124,124,124],"floor_reached":24,"playtime":1034,"items_purged":["Strike_G"],"score":274,"play_id":"6dbecdcf-8e18-476e-bc9e-bb4dcaf992f7","local_time":"20180802214232","is_ascension_mode":true,"campfire_choices":[{"data":"Neutralize","floor":6,"key":"SMITH"},{"data":"Cloak And Dagger","floor":11,"key":"SMITH"},{"data":"Infinite Blades","floor":15,"key":"SMITH"},{"floor":23,"key":"REST"}],"neow_cost":"NONE","seed_source_timestamp":705720898572733,"circlet_count":0,"master_deck":["Survivor","Neutralize+1","Underhanded Strike","Choke","Blade Dance","Cloak And Dagger+1","Infinite Blades+1","Prepared","Choke","Night Terror","Backflip","Expertise","Underhanded Strike","Masterful Stab","Blade Dance","Underhanded Strike","Tactician","Accuracy","Backstab","Blade Dance+1","Escape Plan+1"],"relics":["Runic Dome","Thread and Needle","Sundial","Pandora\u0027s Box","Nilry\u0027s Codex"],"potions_floor_usage":[7,16,22,24],"damage_taken":[{"damage":4,"enemies":"2 Louse","floor":1,"turns":4},{"damage":3,"enemies":"Jaw Worm","floor":4,"turns":4},{"damage":20,"enemies":"Lagavulin","floor":7,"turns":7},{"damage":0,"enemies":"Small Slimes","floor":8,"turns":2},{"damage":0,"enemies":"Blue Slaver","floor":13,"turns":3},{"damage":0,"enemies":"Looter","floor":14,"turns":3},{"damage":27,"enemies":"Hexaghost","floor":16,"turns":10},{"damage":7,"enemies":"Chosen","floor":18,"turns":4},{"damage":15,"enemies":"Shell Parasite","floor":21,"turns":4},{"damage":19,"enemies":"Snake Plant","floor":22,"turns":3},{"damage":29,"enemies":"Slavers","floor":24,"turns":1}],"seed_played":"8877306921310165369","potions_obtained":[{"floor":4,"key":"Regen Potion"},{"floor":8,"key":"PowerPotion"},{"floor":16,"key":"Poison Potion"},{"floor":22,"key":"Dexterity Potion"}],"is_trial":false,"path_per_floor":["M","$","?","M","?","R","E","M","T","$","R","$","M","M","R","B",null,"M","?","?","M","M","R"],"character_chosen":"THE_SILENT","items_purchased":["Infinite Blades"],"campfire_rested":1,"item_purchase_floors":[10],"current_hp_per_floor":[59,59,64,61,61,61,56,56,56,56,56,56,56,56,56,29,64,57,41,41,26,7,29,0],"gold":124,"neow_bonus":"BOSS_RELIC","is_prod":false,"is_daily":false,"chose_seed":false,"campfire_upgraded":3,"win_rate":0,"timestamp":1533260552,"path_taken":["M","$","?","M","?","R","E","M","T","$","R","$","M","M","R","BOSS","M","?","?","M","M","R","E"],"build_version":"2018-08-02","purchased_purges":1,"victory":false,"max_hp_per_floor":[70,70,75,75,75,75,75,75,75,75,75,75,75,75,75,75,75,75,75,75,75,75,75,75],"card_choices":[{"not_picked":["Quick Slash","Acrobatics"],"picked":"Underhanded Strike","floor":1},{"not_picked":["Sucker Punch","Deadly Poison"],"picked":"Choke","floor":4},{"not_picked":["Expertise","Unload"],"picked":"Blade Dance","floor":7},{"not_picked":["Prepared","Finisher"],"picked":"Cloak And Dagger","floor":8},{"not_picked":["Endless Agony","Dagger Spray"],"picked":"Prepared","floor":13},{"not_picked":["Calculated Gamble","Sucker Punch"],"picked":"Choke","floor":14},{"not_picked":["Grand Finale","Doppelganger"],"picked":"Night Terror","floor":16},{"not_picked":["Underhanded Strike+1","Deadly Poison"],"picked":"Backstab","floor":18},{"not_picked":["Expertise","Flechettes"],"picked":"Blade Dance+1","floor":21},{"not_picked":["Outmaneuver","All Out Attack"],"picked":"Escape Plan+1","floor":22}],"player_experience":1408903,"relics_obtained":[{"floor":7,"key":"Thread and Needle"},{"floor":9,"key":"Sundial"},{"floor":19,"key":"Nilry\u0027s Codex"}],"event_choices":[{"event_name":"Big Fish","player_choice":"Donut","floor":3,"damage_taken":0},{"event_name":"Shining Light","player_choice":"Ignored","floor":5,"damage_taken":0},{"event_name":"Cursed Tome","player_choice":"Obtained Book","floor":19,"damage_taken":0},{"event_name":"Beggar","player_choice":"Gave Gold","floor":20,"damage_taken":0}],"is_beta":false,"boss_relics":[{"not_picked":["Orrery","Snecko Eye"],"picked":"Pandora\u0027s Box"}],"items_purged_floors":[2],"is_endless":false,"potions_floor_spawned":[4,8,16,22],"killed_by":"Slavers","ascension_level":8}