{"gold_per_floor":[20,36,36,36,36,36,62,78,78,78,48,65,65,80,80,175,175,187,204,156,156,126,126,145,164,190,190,190,10,10,10,10,10],"floor_reached":33,"playtime":2622,"items_purged":[],"score":270,"play_id":"07edba92-841a-42c8-8833-6d603fbc5528","local_time":"20190105195333","is_ascension_mode":false,"campfire_choices":[{"data":"Body Slam","floor":6,"key":"SMITH"},{"data":"Shrug It Off","floor":15,"key":"SMITH"},{"data":"Impervious","floor":23,"key":"SMITH"},{"floor":27,"key":"REST"},{"data":"True Grit","floor":30,"key":"SMITH"},{"floor":32,"key":"REST"}],"neow_cost":"NO_GOLD","seed_source_timestamp":1325464239972475,"circlet_count":0,"master_deck":["Strike_R","Strike_R","Strike_R","Strike_R","Strike_R","Defend_R","Defend_R","Defend_R","Defend_R","Bash","Body Slam+1","Seeing Red+1","Iron Wave","Iron Wave","Parasite","Shrug It Off+1","Impervious+1","Decay","Pain","Iron Wave+1","Shrug It Off","Shrug It Off","True Grit+1"],"relics":["Burning Blood","StoneCalendar","Dodecahedron","Darkstone Periapt","Calling Bell","Oddly Smooth Stone","Matryoshka","WingedGreaves","Boot","Orichalcum","Ancient Tea Set","FaceOfCleric"],"potions_floor_usage":[12,16,16,16,24,24,24,24,25,28,33],"damage_taken":[{"damage":9,"enemies":"Small Slimes","floor":1,"turns":4},{"damage":5,"enemies":"Jaw Worm","floor":2,"turns":4},{"damage":67,"enemies":"Lagavulin","floor":7,"turns":7},{"damage":0,"enemies":"2 Louse","floor":8,"turns":3},{"damage":6,"enemies":"Large Slime","floor":12,"turns":5},{"damage":5,"enemies":"Looter","floor":14,"turns":2},{"damage":49,"enemies":"Hexaghost","floor":16,"turns":14},{"damage":43,"enemies":"Chosen","floor":18,"turns":7},{"damage":29,"enemies":"Spheric Guardian","floor":19,"turns":7},{"damage":28,"enemies":"Snake Plant","floor":24,"turns":6},{"damage":15,"enemies":"Chosen and Byrds","floor":25,"turns":7},{"damage":0,"enemies":"3 Cultists","floor":28,"turns":1},{"damage":88,"enemies":"Champ","floor":33,"turns":15}],"seed_played":"7781562619547347733","potions_obtained":[{"floor":1,"key":"Ancient Potion"},{"floor":2,"key":"Ancient Potion"},{"floor":7,"key":"Explosive Potion"},{"floor":12,"key":"Dexterity Potion"},{"floor":19,"key":"Poison Potion"},{"floor":22,"key":"Explosive Potion"},{"floor":22,"key":"EntropicBrew"},{"floor":25,"key":"SmokeBomb"}],"is_trial":false,"path_per_floor":["M","M","?","?","?","R","E","M","T","?","?","M","$","M","R","B",null,"M","M","$","?","?","R","M","M","T","R","M","$","R","?","R","B"],"character_chosen":"IRONCLAD","items_purchased":["Shrug It Off","True Grit","Ancient Tea Set"],"campfire_rested":2,"item_purchase_floors":[20,29,29],"current_hp_per_floor":[77,78,78,78,78,78,17,23,23,49,49,49,49,50,50,7,104,67,44,44,44,44,44,22,13,13,44,50,50,50,50,81,0],"gold":10,"neow_bonus":"ONE_RARE_RELIC","is_prod":false,"is_daily":false,"chose_seed":false,"campfire_upgraded":4,"win_rate":0,"timestamp":1546746813,"path_taken":["M","M","?","?","?","R","E","M","T","?","?","?","$","M","R","BOSS","M","M","$","?","?","R","?","M","T","R","M","$","R","?","R","BOSS"],"build_version":"2019-01-03v4","purchased_purges":0,"victory":false,"max_hp_per_floor":[80,80,80,80,80,80,80,80,80,86,86,86,86,86,86,86,104,104,104,104,104,104,104,104,104,104,104,104,104,104,104,104,104],"card_choices":[{"not_picked":["Intimidate","Reckless Charge"],"picked":"Body Slam","floor":1},{"not_picked":["Shrug It Off","Dropkick"],"picked":"Seeing Red","floor":2},{"not_picked":["Dark Embrace","Flame Barrier"],"picked":"Iron Wave","floor":7},{"not_picked":["Anger","Pommel Strike"],"picked":"Iron Wave","floor":8},{"not_picked":["Corruption","Infernal Blade"],"picked":"Shrug It Off","floor":12},{"not_picked":["Searing Blow","Dropkick","Brutality"],"picked":"SKIP","floor":14},{"not_picked":["Feed","Brutality"],"picked":"Impervious","floor":16},{"not_picked":["Heavy Blade","Perfected Strike+1"],"picked":"Iron Wave+1","floor":18},{"not_picked":["Body Slam","Thunderclap","Clash"],"picked":"SKIP","floor":19},{"not_picked":["Heavy Blade","Pummel+1","Body Slam"],"picked":"SKIP","floor":24},{"not_picked":["Demon Form","Perfected Strike"],"picked":"Shrug It Off","floor":25}],"player_experience":65592,"relics_obtained":[{"floor":7,"key":"Dodecahedron"},{"floor":9,"key":"Darkstone Periapt"},{"floor":17,"key":"Oddly Smooth Stone"},{"floor":17,"key":"Matryoshka"},{"floor":17,"key":"WingedGreaves"},{"floor":26,"key":"Boot"},{"floor":26,"key":"Orichalcum"}],"event_choices":[{"damage_healed":0,"gold_gain":0,"player_choice":"Ignored","damage_taken":0,"max_hp_gain":0,"max_hp_loss":0,"event_name":"Liars Game","floor":3,"gold_loss":0},{"damage_healed":0,"gold_gain":0,"player_choice":"Grow","damage_taken":0,"max_hp_gain":0,"max_hp_loss":0,"event_name":"Living Wall","floor":4,"gold_loss":0,"cards_upgraded":["Seeing Red"]},{"damage_healed":0,"gold_gain":0,"player_choice":"Ignored","damage_taken":0,"max_hp_gain":0,"max_hp_loss":0,"event_name":"Golden Idol","floor":5,"gold_loss":0},{"damage_healed":20,"gold_gain":0,"player_choice":"Healed and dodged fight","damage_taken":0,"max_hp_gain":0,"max_hp_loss":0,"event_name":"Mushrooms","floor":10,"gold_loss":0,"cards_obtained":["Parasite"]},{"damage_healed":0,"gold_gain":0,"player_choice":"Left Gold","damage_taken":0,"max_hp_gain":0,"max_hp_loss":0,"event_name":"World of Goop","floor":11,"gold_loss":30},{"cards_removed":["Regret"],"damage_healed":0,"gold_gain":0,"player_choice":"Elegance","damage_taken":0,"max_hp_gain":0,"max_hp_loss":0,"event_name":"Back to Basics","floor":21,"gold_loss":0},{"damage_healed":0,"gold_gain":0,"player_choice":"Bought 2 Potions","damage_taken":0,"max_hp_gain":0,"max_hp_loss":0,"event_name":"The Woman in Blue","floor":22,"gold_loss":0},{"damage_healed":0,"gold_gain":0,"player_choice":"Trade","damage_taken":0,"relics_obtained":["FaceOfCleric"],"max_hp_gain":0,"max_hp_loss":0,"event_name":"FaceTrader","floor":31,"gold_loss":0}],"is_beta":false,"boss_relics":[{"not_picked":["White Beast Statue","Philosopher\u0027s Stone"],"picked":"Calling Bell"}],"items_purged_floors":[],"is_endless":false,"potions_floor_spawned":[1,2,7,12,19,25,28],"killed_by":"Champ","ascension_level":0}