{"gold_per_floor":[117,128,128,128,57,57,73,73,99,124,145,166,179,192,192,316,316,335,353,91,15,15,15,29,48,48,87,87,111,111],"floor_reached":30,"playtime":3485,"items_purged":["Strike_B"],"score":271,"play_id":"9916e4a4-a4a4-472a-a183-636b05c3cd36","local_time":"20190121202617","is_ascension_mode":false,"campfire_choices":[{"data":"Double Energy","floor":6,"key":"SMITH"},{"data":"Loop","floor":8,"key":"SMITH"},{"floor":15,"key":"REST"},{"floor":28,"key":"REST"}],"neow_cost":"NONE","seed_source_timestamp":163550274203767,"circlet_count":0,"master_deck":["Strike_B","Defend_B","Defend_B","Defend_B","Defend_B","Zap","Dualcast","Conserve Battery","Double Energy+1","Loop+1","Ball Lightning","Loop","Darkness","Coolheaded","Echo Form","Coolheaded","Chill","Conserve Battery","Enlightenment","Doom and Gloom","Loop","Writhe","Conserve Battery+1","Lockon","Coolheaded+1"],"relics":["Empty Cage","Golden Idol","Bag of Marbles","DataDisk","Runic Pyramid","Strawberry","Mummified Hand","Ornamental Fan"],"potions_floor_usage":[16,27,29,30,30],"damage_taken":[{"damage":2,"enemies":"Small Slimes","floor":1,"turns":5},{"damage":1,"enemies":"Jaw Worm","floor":2,"turns":5},{"damage":0,"enemies":"Cultist","floor":7,"turns":4},{"damage":14,"enemies":"Lots of Slimes","floor":10,"turns":5},{"damage":1,"enemies":"2 Fungi Beasts","floor":11,"turns":3},{"damage":0,"enemies":"Large Slime","floor":12,"turns":5},{"damage":4,"enemies":"Blue Slaver","floor":13,"turns":4},{"damage":12,"enemies":"Exordium Thugs","floor":14,"turns":5},{"damage":3,"enemies":"The Guardian","floor":16,"turns":8},{"damage":20,"enemies":"3 Byrds","floor":18,"turns":4},{"damage":21,"enemies":"2 Thieves","floor":19,"turns":5},{"damage":13,"enemies":"Snecko","floor":24,"turns":6},{"damage":3,"enemies":"Shelled Parasite and Fungi","floor":25,"turns":8},{"damage":7,"enemies":"Book of Stabbing","floor":27,"turns":5},{"damage":0,"enemies":"Sentry and Sphere","floor":29,"turns":5},{"damage":45,"enemies":"Gremlin Leader","floor":30,"turns":10}],"seed_played":"-4916008196928805309","potions_obtained":[{"floor":2,"key":"SkillPotion"},{"floor":12,"key":"Weak Potion"},{"floor":13,"key":"Fire Potion"},{"floor":19,"key":"Dexterity Potion"},{"floor":24,"key":"SneckoOil"},{"floor":27,"key":"Block Potion"}],"is_trial":false,"path_per_floor":["M","M","?","?","$","R","M","R","T","M","M","M","M","M","R","B",null,"M","M","$","$","?","$","M","M","T","E","R","M","E"],"character_chosen":"DEFECT","items_purchased":["Double Energy","Conserve Battery","Enlightenment","Doom and Gloom","Loop"],"campfire_rested":2,"item_purchase_floors":[5,20,20,20,21],"current_hp_per_floor":[73,72,54,54,54,54,54,54,54,40,39,39,35,23,45,42,75,55,34,34,34,41,41,28,25,25,18,42,42,0],"gold":111,"neow_bonus":"BOSS_RELIC","is_prod":false,"is_daily":false,"chose_seed":false,"campfire_upgraded":2,"win_rate":0,"timestamp":1548064577,"path_taken":["M","M","?","?","$","R","M","R","T","M","M","?","M","M","R","BOSS","M","M","?","$","?","$","M","M","T","E","R","M","E"],"build_version":"2019-01-17v2","purchased_purges":1,"victory":false,"max_hp_per_floor":[75,75,75,75,75,75,75,75,75,75,75,75,75,75,75,75,75,75,75,75,75,82,82,82,82,82,82,82,82,82],"card_choices":[{"not_picked":["Rebound","Reprogram","Turbo"],"picked":"SKIP","floor":1},{"not_picked":["Steam","Rip and Tear"],"picked":"Conserve Battery","floor":2},{"not_picked":["Leap","Streamline"],"picked":"Loop","floor":7},{"not_picked":["Streamline","FTL"],"picked":"Ball Lightning","floor":10},{"not_picked":["Reinforced Body","Coolheaded"],"picked":"Loop","floor":11},{"not_picked":["Recycle","Turbo"],"picked":"Darkness","floor":12},{"not_picked":["Sunder","Beam Cell","Hello World"],"picked":"SKIP","floor":13},{"not_picked":["Chaos","All For One"],"picked":"Coolheaded","floor":14},{"not_picked":["Buffer","Meteor Strike"],"picked":"Echo Form","floor":16},{"not_picked":["Sunder","Sweeping Beam"],"picked":"Coolheaded","floor":18},{"not_picked":["Cold Snap+1","Storm"],"picked":"Chill","floor":19},{"not_picked":["Hello World","Go for the Eyes+1"],"picked":"Conserve Battery+1","floor":24},{"not_picked":["Go for the Eyes","Steam+1"],"picked":"Lockon","floor":25},{"not_picked":["Barrage","Steam","Redo"],"picked":"SKIP","floor":27},{"not_picked":["Reboot","Reinforced Body"],"picked":"Coolheaded+1","floor":29}],"player_experience":473088,"relics_obtained":[{"floor":9,"key":"DataDisk"},{"floor":26,"key":"Mummified Hand"},{"floor":27,"key":"Ornamental Fan"}],"event_choices":[{"damage_healed":0,"gold_gain":0,"player_choice":"Take Damage","damage_taken":18,"relics_obtained":["Golden Idol"],"max_hp_gain":0,"max_hp_loss":0,"event_name":"Golden Idol","floor":3,"gold_loss":0},{"damage_healed":0,"gold_gain":0,"player_choice":"Gave Potion","damage_taken":0,"relics_obtained":["Bag of Marbles"],"max_hp_gain":0,"max_hp_loss":0,"event_name":"WeMeetAgain","floor":4,"gold_loss":0},{"damage_healed":0,"gold_gain":0,"player_choice":"Opened","damage_taken":0,"relics_obtained":["Strawberry"],"max_hp_gain":0,"max_hp_loss":0,"event_name":"The Mausoleum","floor":22,"gold_loss":0,"cards_obtained":["Writhe"]}],"is_beta":false,"boss_relics":[{"not_picked":["Black Star","Fusion Hammer"],"picked":"Runic Pyramid"}],"items_purged_floors":[20],"is_endless":false,"potions_floor_spawned":[2,12,13,19,24,27],"killed_by":"Gremlin Leader","ascension_level":0}