{"gold_per_floor":[109,128,141,152,152,152,163,163,209,240,250,281,281,291,291,395,395,412,429,429,429,429,429,429,455,455,455,370,399,110,128,128,229,229,239,239,239,239,256,284,284,32,32,62,62,80,30,41,41,41,41,41,41,73,73],"floor_reached":55,"playtime":4738,"items_purged":["Strike_G","Writhe"],"score":988,"play_id":"dfb1cfb3-03d9-4062-a164-1ea0b3777312","local_time":"20190212044703","is_ascension_mode":true,"campfire_choices":[{"data":"Neutralize","floor":6,"key":"SMITH"},{"floor":8,"key":"REST"},{"floor":13,"key":"REST"},{"floor":15,"key":"RECALL"},{"data":"Sucker Punch","floor":23,"key":"SMITH"},{"data":"Infinite Blades","floor":27,"key":"SMITH"},{"data":"Survivor","floor":32,"key":"SMITH"},{"floor":45,"key":"REST"},{"floor":49,"key":"REST"},{"floor":52,"key":"REST"}],"neow_cost":"NONE","seed_source_timestamp":2947604368050940,"circlet_count":0,"master_deck":["Defend_G","Defend_G","Defend_G","Defend_G","Survivor+1","Neutralize+1","Sucker Punch+1","Noxious Fumes+1","Corpse Explosion+1","Backflip+1","Dodge and Roll+1","Burst+1","Blade Dance+1","Infinite Blades+1","Masterful Stab","Cloak And Dagger+1","Regret","Blur+1","Burst+1","Malaise+1","Madness+1","Good Instincts+1","Good Instincts+1","Backflip+1","Cloak And Dagger+1","Malaise+1","Caltrops","Backstab"],"relics":["Ring of the Snake","Oddly Smooth Stone","Toxic Egg 2","Juzu Bracelet","Cursed Key","Bottled Flame","Matryoshka","Smiling Mask","Blue Candle","Paper Crane","Fusion Hammer","Kunai","Shuriken","Meat on the Bone","Prayer Wheel","Vajra"],"potions_floor_usage":[12,12,16,44,50,50],"damage_taken":[{"damage":6,"enemies":"Jaw Worm","floor":1,"turns":7},{"damage":0,"enemies":"Cultist","floor":2,"turns":3},{"damage":0,"enemies":"Small Slimes","floor":3,"turns":3},{"damage":4,"enemies":"Blue Slaver","floor":4,"turns":4},{"damage":20,"enemies":"Lots of Slimes","floor":7,"turns":3},{"damage":12,"enemies":"Lagavulin","floor":10,"turns":7},{"damage":0,"enemies":"3 Louse","floor":11,"turns":1},{"damage":26,"enemies":"Gremlin Nob","floor":12,"turns":4},{"damage":4,"enemies":"Gremlin Gang","floor":14,"turns":3},{"damage":36,"enemies":"Slime Boss","floor":16,"turns":8},{"damage":1,"enemies":"Spheric Guardian","floor":18,"turns":4},{"damage":2,"enemies":"3 Byrds","floor":19,"turns":3},{"damage":15,"enemies":"Slavers","floor":25,"turns":4},{"damage":30,"enemies":"Book of Stabbing","floor":29,"turns":7},{"damage":1,"enemies":"Sentry and Sphere","floor":31,"turns":6},{"damage":7,"enemies":"Automaton","floor":33,"turns":12},{"damage":3,"enemies":"3 Shapes","floor":35,"turns":3},{"damage":1,"enemies":"3 Darklings","floor":39,"turns":3},{"damage":1,"enemies":"Giant Head","floor":40,"turns":11},{"damage":4,"enemies":"Nemesis","floor":44,"turns":11},{"damage":1,"enemies":"4 Shapes","floor":46,"turns":5},{"damage":0,"enemies":"Transient","floor":48,"turns":5},{"damage":1,"enemies":"Time Eater","floor":50,"turns":13},{"damage":40,"enemies":"Shield and Spear","floor":54,"turns":6},{"damage":64,"enemies":"The Heart","floor":55,"turns":11}],"seed_played":"-703178541079115590","potions_obtained":[{"floor":2,"key":"GamblersBrew"},{"floor":7,"key":"Swift Potion"},{"floor":11,"key":"Energy Potion"},{"floor":29,"key":"GamblersBrew"},{"floor":31,"key":"FairyPotion"},{"floor":39,"key":"Poison Potion"},{"floor":48,"key":"Dexterity Potion"}],"is_trial":false,"path_per_floor":["M","M","M","M","?","R","M","R","T","E","M","E","R","M","R","B",null,"M","M","?","?","?","R","?","E","T","R","?","E","$","M","R","B",null,"M","?","?","?","M","E","?","$","T","E","R","M","$","M","R","B",null,"R","$","E","B"],"character_chosen":"THE_SILENT","items_purchased":["Paper Crane","Shuriken"],"campfire_rested":5,"item_purchase_floors":[30,42],"current_hp_per_floor":[64,64,64,60,60,60,40,61,61,49,49,23,44,40,40,4,70,69,67,67,54,75,75,75,60,60,60,60,30,30,29,29,22,75,72,62,62,62,61,60,60,60,60,56,75,74,74,74,75,74,75,75,75,47,0],"gold":73,"neow_bonus":"REMOVE_CARD","is_prod":false,"is_daily":false,"chose_seed":false,"campfire_upgraded":4,"win_rate":0,"timestamp":1549968423,"path_taken":["M","M","M","M","?","R","?","R","T","E","?","E","R","M","R","BOSS","M","M","?","?","?","R","?","E","T","R","?","E","$","M","R","BOSS","M","?","?","?","M","E","?","$","T","E","R","M","$","M","R","BOSS","R","$","E","BOSS"],"build_version":"2019-02-06","purchased_purges":2,"victory":false,"max_hp_per_floor":[70,70,70,70,70,70,70,70,70,70,70,70,70,70,70,70,70,70,70,70,75,75,75,75,75,75,75,75,75,75,75,75,75,75,75,75,75,75,75,75,75,75,75,75,75,75,75,75,75,75,75,75,75,75,75],"card_choices":[{"not_picked":["Backflip","Deadly Poison"],"picked":"Sucker Punch","floor":1},{"not_picked":["Dagger Spray","Leg Sweep"],"picked":"Noxious Fumes","floor":2},{"not_picked":["Outmaneuver","Bane","Accuracy"],"picked":"SKIP","floor":3},{"not_picked":["Quick Slash","Bane","Venomology"],"picked":"SKIP","floor":4},{"not_picked":["Underhanded Strike","Outmaneuver","Choke"],"picked":"SKIP","floor":7},{"not_picked":["Leg Sweep","Bouncing Flask"],"picked":"Corpse Explosion","floor":10},{"not_picked":["Leg Sweep+1","Cloak And Dagger+1"],"picked":"Backflip+1","floor":11},{"not_picked":["Bane","Dagger Spray","Flying Knee"],"picked":"SKIP","floor":12},{"not_picked":["Calculated Gamble+1","Acrobatics+1"],"picked":"Dodge and Roll+1","floor":14},{"not_picked":["Die Die Die","Doppelganger+1"],"picked":"Burst+1","floor":16},{"not_picked":["Crippling Poison+1","Dagger Spray"],"picked":"Blade Dance+1","floor":18},{"not_picked":["PiercingWail+1","Quick Slash"],"picked":"Infinite Blades","floor":19},{"not_picked":["Poisoned Stab","Crippling Poison+1"],"picked":"Cloak And Dagger+1","floor":25},{"not_picked":["Bane","Caltrops"],"picked":"Blur+1","floor":29},{"not_picked":["Flying Knee","Blade Dance+1"],"picked":"Burst+1","floor":31},{"not_picked":["Storm of Steel+1","Adrenaline+1"],"picked":"Malaise+1","floor":33},{"not_picked":["Endless Agony","Finisher","Dash"],"picked":"SKIP","floor":35},{"not_picked":["Chrysalis+1","Swift Strike"],"picked":"Madness+1","floor":36},{"not_picked":["Mind Blast","Dramatic Entrance"],"picked":"Good Instincts+1","floor":36},{"not_picked":["Jack Of All Trades+1","Discovery+1"],"picked":"Good Instincts+1","floor":36},{"not_picked":["Flying Knee","Sucker Punch"],"picked":"Cloak And Dagger+1","floor":39},{"not_picked":["Backflip+1","Grand Finale","Choke"],"picked":"SKIP","floor":40},{"not_picked":["Footwork","Flechettes+1","Tactician+1"],"picked":"SKIP","floor":44},{"not_picked":["Concentrate+1","Poisoned Stab"],"picked":"Caltrops","floor":46},{"not_picked":["Calculated Gamble+1","Backflip+1","Bane"],"picked":"SKIP","floor":46},{"not_picked":["Underhanded Strike","Cloak And Dagger+1"],"picked":"Backstab","floor":48},{"not_picked":["Slice+1","Setup+1","Quick Slash"],"picked":"SKIP","floor":48},{"not_picked":["Sucker Punch+1","Accuracy","Grand Finale"],"picked":"SKIP","floor":54}],"player_experience":115500,"relics_obtained":[{"floor":9,"key":"Oddly Smooth Stone"},{"floor":10,"key":"Toxic Egg 2"},{"floor":12,"key":"Juzu Bracelet"},{"floor":25,"key":"Bottled Flame"},{"floor":26,"key":"Matryoshka"},{"floor":29,"key":"Blue Candle"},{"floor":40,"key":"Kunai"},{"floor":43,"key":"Meat on the Bone"},{"floor":44,"key":"Prayer Wheel"},{"floor":54,"key":"Vajra"}],"event_choices":[{"damage_healed":0,"gold_gain":0,"player_choice":"Upgraded","damage_taken":0,"max_hp_gain":0,"max_hp_loss":0,"event_name":"Upgrade Shrine","floor":5,"gold_loss":0,"cards_upgraded":["Noxious Fumes"]},{"cards_removed":["Strike_G"],"damage_healed":0,"gold_gain":0,"player_choice":"Offered Basic","damage_taken":0,"max_hp_gain":0,"max_hp_loss":0,"event_name":"Bonfire Elementals","floor":20,"gold_loss":0},{"damage_healed":0,"gold_gain":0,"player_choice":"Shed Blood","damage_taken":18,"max_hp_gain":5,"max_hp_loss":0,"event_name":"Forgotten Altar","floor":21,"gold_loss":0},{"damage_healed":25,"gold_gain":0,"player_choice":"Heal","damage_taken":0,"max_hp_gain":0,"max_hp_loss":0,"event_name":"The Library","floor":22,"gold_loss":0},{"damage_healed":0,"gold_gain":0,"cards_transformed":["Strike_G"],"player_choice":"Transformed","damage_taken":0,"max_hp_gain":0,"max_hp_loss":0,"event_name":"Transmorgrifier","floor":24,"gold_loss":0,"cards_obtained":["Masterful Stab"]},{"damage_healed":0,"gold_gain":0,"player_choice":"Obtained Relic","damage_taken":0,"relics_obtained":["Smiling Mask"],"max_hp_gain":0,"max_hp_loss":0,"event_name":"Addict","floor":28,"gold_loss":85},{"damage_healed":0,"gold_gain":0,"player_choice":"Memory 3","damage_taken":10,"max_hp_gain":0,"max_hp_loss":0,"event_name":"SensoryStone","floor":36,"gold_loss":0},{"damage_healed":0,"gold_gain":0,"cards_transformed":["Strike_G"],"player_choice":"Transformed","damage_taken":0,"max_hp_gain":0,"max_hp_loss":0,"event_name":"Transmorgrifier","floor":37,"gold_loss":0,"cards_obtained":["Backflip"]},{"cards_removed":["Strike_G"],"damage_healed":0,"gold_gain":0,"player_choice":"Removed Attack","damage_taken":0,"max_hp_gain":0,"max_hp_loss":0,"event_name":"Falling","floor":38,"gold_loss":0},{"damage_healed":0,"gold_gain":0,"player_choice":"Copied","damage_taken":0,"max_hp_gain":0,"max_hp_loss":0,"event_name":"Duplicator","floor":41,"gold_loss":0,"cards_obtained":["Malaise"]}],"is_beta":true,"boss_relics":[{"not_picked":["White Beast Statue","Eternal Feather"],"picked":"Cursed Key"},{"not_picked":["Ring of the Serpent","Sozu"],"picked":"Fusion Hammer"}],"items_purged_floors":[30,47],"is_endless":false,"potions_floor_spawned":[2,7,11,29,31,39,48],"killed_by":"The Heart","ascension_level":4}