{"gold_per_floor":[119,22,34,45,45,45,70,88,88,101,131,143,162,175,175,246,246,219,176,176,13,13,13,13,13,37,49,65,65,77,94,94,169,169,180,180,180,190,190],"floor_reached":39,"playtime":1856,"items_purged":["Decay"],"score":732,"play_id":"9e231c97-ad51-46fd-90f2-f1b58bab8ca1","local_time":"20190102224756","is_ascension_mode":true,"campfire_choices":[{"data":"Static Discharge","floor":6,"key":"SMITH"},{"floor":15,"key":"REST"},{"floor":23,"key":"REST"},{"floor":29,"key":"REST"},{"floor":32,"key":"REST"}],"neow_cost":"NONE","seed_source_timestamp":1191415064749098,"circlet_count":0,"master_deck":["AscendersBane","Strike_B","Strike_B","Strike_B","Strike_B","Defend_B","Defend_B","Defend_B","Defend_B","Zap","Dualcast","Capacitor","Auto Shields","Sweeping Beam","Static Discharge+1","Stack","Reinforced Body","Ball Lightning","Sweeping Beam","Leap","Machine Learning+1","Creative AI+1","Coolheaded","Storm+1","Core Surge","Storm+1","Fusion+1","Genetic Algorithm+1","Echo Form+1","Electrodynamics+1","Coolheaded+1","Finesse+1","Transmutation+1","Leap+1"],"relics":["FrozenCore","NeowsBlessing","Juzu Bracelet","Meat on the Bone","Frozen Egg 2","Sozu","Toxic Egg 2","Bronze Scales"],"potions_floor_usage":[7,8,12,16,18],"damage_taken":[{"damage":0,"enemies":"Cultist","floor":1,"turns":1},{"damage":0,"enemies":"Jaw Worm","floor":3,"turns":1},{"damage":0,"enemies":"2 Louse","floor":4,"turns":1},{"damage":40,"enemies":"3 Sentries","floor":7,"turns":5},{"damage":6,"enemies":"Looter","floor":8,"turns":3},{"damage":17,"enemies":"Large Slime","floor":10,"turns":5},{"damage":6,"enemies":"Exordium Wildlife","floor":12,"turns":4},{"damage":1,"enemies":"3 Louse","floor":13,"turns":4},{"damage":3,"enemies":"2 Fungi Beasts","floor":14,"turns":3},{"damage":31,"enemies":"Hexaghost","floor":16,"turns":9},{"damage":17,"enemies":"2 Thieves","floor":18,"turns":4},{"damage":25,"enemies":"Shell Parasite","floor":27,"turns":2},{"damage":29,"enemies":"Centurion and Healer","floor":28,"turns":7},{"damage":16,"enemies":"Snecko","floor":30,"turns":4},{"damage":29,"enemies":"Snake Plant","floor":31,"turns":4},{"damage":42,"enemies":"Automaton","floor":33,"turns":7},{"damage":5,"enemies":"Orb Walker","floor":35,"turns":4},{"damage":22,"enemies":"3 Shapes","floor":38,"turns":3},{"damage":41,"enemies":"Writhing Mass","floor":39,"turns":5}],"seed_played":"2317040399406991893","potions_obtained":[{"floor":1,"key":"Explosive Potion"},{"floor":7,"key":"Poison Potion"},{"floor":10,"key":"Weak Potion"},{"floor":13,"key":"Energy Potion"},{"floor":16,"key":"SkillPotion"}],"is_trial":false,"path_per_floor":["M","$","M","M","T","R","E","M","T","M","?","M","M","M","R","B",null,"M","$","?","$","?","R","?","T","T","M","M","R","M","M","R","B",null,"M","?","?","M","M"],"character_chosen":"DEFECT","items_purchased":["Auto Shields","Sweeping Beam","Storm+1","Core Surge"],"campfire_rested":4,"item_purchase_floors":[2,2,19,21],"current_hp_per_floor":[64,64,64,64,64,64,24,30,30,25,25,31,42,39,60,41,64,47,47,47,47,47,68,68,68,68,43,26,47,43,26,47,17,58,53,53,48,38,0],"gold":190,"neow_bonus":"THREE_ENEMY_KILL","is_prod":false,"is_daily":false,"chose_seed":false,"campfire_upgraded":1,"win_rate":0,"timestamp":1546487276,"path_taken":["M","$","M","M","?","R","E","M","T","M","?","M","M","M","R","BOSS","M","$","?","$","?","R","?","?","T","M","M","R","M","M","R","BOSS","M","?","?","M","M"],"build_version":"2018-12-20","purchased_purges":1,"victory":false,"max_hp_per_floor":[71,71,71,71,71,71,71,71,71,71,71,71,71,71,71,71,71,71,71,71,71,71,71,71,71,71,71,71,71,71,71,71,71,71,71,71,71,71,71],"card_choices":[{"not_picked":["Compile Driver","Stack"],"picked":"Capacitor","floor":1},{"not_picked":["Leap","Reprogram"],"picked":"Static Discharge","floor":3},{"not_picked":["Streamline","Barrage"],"picked":"Doom and Gloom","floor":4},{"not_picked":["Beam Cell","Rebound"],"picked":"Stack","floor":7},{"not_picked":["Turbo","Aggregate"],"picked":"Reinforced Body","floor":8},{"not_picked":["Double Energy","Fission"],"picked":"Ball Lightning","floor":10},{"not_picked":["Tempest","Rebound"],"picked":"Sweeping Beam","floor":12},{"not_picked":["Barrage","Tempest"],"picked":"Leap","floor":13},{"not_picked":["Streamline","Rebound"],"picked":"Machine Learning+1","floor":14},{"not_picked":["Echo Form+1","Fission"],"picked":"Creative AI+1","floor":16},{"not_picked":["Turbo","Barrage"],"picked":"Coolheaded","floor":18},{"not_picked":["Gash","Rebound+1"],"picked":"Fusion+1","floor":27},{"not_picked":["Turbo+1","Go for the Eyes"],"picked":"Genetic Algorithm+1","floor":28},{"not_picked":["Leap+1","White Noise+1"],"picked":"Echo Form+1","floor":30},{"not_picked":["Gash","Barrage","Hello World+1"],"picked":"SKIP","floor":31},{"not_picked":["Meteor Strike","Biased Cognition+1"],"picked":"Electrodynamics+1","floor":33},{"not_picked":["Chill+1","Streamline+1"],"picked":"Coolheaded+1","floor":35},{"not_picked":["Swift Strike","Violence+1"],"picked":"Finesse+1","floor":37},{"not_picked":["Violence+1","Enlightenment+1"],"picked":"Transmutation+1","floor":37},{"not_picked":["Double Energy+1","Barrage"],"picked":"Leap+1","floor":38}],"player_experience":1989352,"relics_obtained":[{"floor":5,"key":"Juzu Bracelet"},{"floor":7,"key":"Meat on the Bone"},{"floor":9,"key":"Frozen Egg 2"},{"floor":25,"key":"Toxic Egg 2"},{"floor":26,"key":"Bronze Scales"}],"event_choices":[{"damage_healed":0,"gold_gain":30,"player_choice":"Searched \u00271\u0027 times","damage_taken":0,"max_hp_gain":0,"max_hp_loss":0,"event_name":"Dead Adventurer","floor":11,"gold_loss":0},{"damage_healed":0,"gold_gain":0,"player_choice":"Smashed Altar","damage_taken":0,"max_hp_gain":0,"max_hp_loss":0,"event_name":"Forgotten Altar","floor":20,"gold_loss":0,"cards_obtained":["Decay"]},{"damage_healed":0,"gold_gain":0,"player_choice":"Ignored","damage_taken":0,"max_hp_gain":0,"max_hp_loss":0,"event_name":"Ghosts","floor":22,"gold_loss":0},{"damage_healed":0,"gold_gain":0,"player_choice":"Read","damage_taken":0,"max_hp_gain":0,"max_hp_loss":0,"event_name":"The Library","floor":24,"gold_loss":0,"cards_obtained":["Storm"]},{"cards_removed":["Doom and Gloom"],"damage_healed":0,"gold_gain":0,"player_choice":"Removed Attack","damage_taken":0,"max_hp_gain":0,"max_hp_loss":0,"event_name":"Falling","floor":36,"gold_loss":0},{"damage_healed":0,"gold_gain":0,"player_choice":"Memory 2","damage_taken":5,"max_hp_gain":0,"max_hp_loss":0,"event_name":"SensoryStone","floor":37,"gold_loss":0}],"is_beta":false,"boss_relics":[{"not_picked":["Velvet Choker","Nuclear Battery"],"picked":"Sozu"},{"not_picked":["Coffee Dripper","Lizard Tail"],"picked":"FrozenCore"}],"items_purged_floors":[21],"is_endless":false,"potions_floor_spawned":[1,7,10,13,16,18,31,33,35],"killed_by":"Writhing Mass","ascension_level":18}