{"path_per_floor":["M","?","$","?","?","E","R","M","T","?","M","?","R","M","R","B",null,"M","?","?","M","M","R","M","M","T"],"character_chosen":"DEFECT","items_purchased":["Conserve Battery","Storm"],"gold_per_floor":[146,146,28,28,28,66,66,82,82,32,46,46,46,67,67,197,197,210,125,224,204,217,217,238,256,256,256],"floor_reached":27,"campfire_rested":1,"playtime":1996,"item_purchase_floors":[3,3],"current_hp_per_floor":[71,51,51,51,51,25,49,49,49,49,49,75,75,75,75,40,70,62,62,62,40,46,46,46,47,47,0],"items_purged":[],"gold":256,"score":266,"play_id":"91da14a3-9502-4175-90c3-4b06e79f222b","local_time":"20180616141359","is_prod":false,"is_daily":false,"chose_seed":false,"is_ascension_mode":true,"campfire_upgraded":3,"win_rate":0,"timestamp":1529172839,"campfire_choices":[{"floor":7,"key":"REST"},{"data":"Glacier","floor":13,"key":"SMITH"},{"data":"Storm","floor":15,"key":"SMITH"},{"data":"Buffer","floor":23,"key":"SMITH"}],"path_taken":["M","?","$","?","?","E","R","M","T","?","M","?","R","?","R","BOSS","M","?","?","M","M","R","M","?","T","M"],"build_version":"2018-06-14v2","seed_source_timestamp":210181424573509,"purchased_purges":0,"victory":false,"master_deck":["Strike_B","Strike_B+1","Defend_B","Defend_B","Defend_B","Defend_B","Zap","Dualcast","Static Discharge","Genetic Algorithm","Conserve Battery","Storm+1","Glacier+1","Coolheaded","Leap","Heatsinks","Buffer+1","Coolheaded+1","Self Repair","Redo"],"max_hp_per_floor":[80,80,80,80,80,80,80,80,80,80,80,80,80,80,80,80,80,80,80,80,80,80,80,80,80,80,80],"relics":["Tiny House","Golden Idol","Ancient Tea Set","Bottled Lightning","Sozu","Bag of Marbles","Peace Pipe"],"card_choices":[{"not_picked":["Double Energy","Lockon"],"picked":"Static Discharge","floor":0},{"not_picked":["Ball Lightning","Hologram"],"picked":"Genetic Algorithm","floor":1},{"not_picked":["Steam","Go for the Eyes"],"picked":"Coolheaded","floor":6},{"not_picked":["Barrage","Skim"],"picked":"Leap","floor":8},{"not_picked":["Sweeping Beam","Streamline","Hyperbeam"],"picked":"SKIP","floor":11},{"not_picked":["Reinforced Body","Redo"],"picked":"Heatsinks","floor":14},{"not_picked":["Multi-Cast","Reboot"],"picked":"Buffer","floor":16},{"not_picked":["Compile Driver+1","Barrage+1"],"picked":"Coolheaded+1","floor":18},{"not_picked":["Stack","Ball Lightning"],"picked":"Self Repair","floor":21},{"not_picked":["Reprogram","Leap+1","Go for the Eyes"],"picked":"SKIP","floor":22},{"not_picked":["Conserve Battery","Streamline+1"],"picked":"Redo","floor":24},{"not_picked":["Steam Power+1","Coolheaded","Gash+1"],"picked":"SKIP","floor":25}],"player_experience":599910,"potions_floor_usage":[6,6,16,16],"damage_taken":[{"damage":9,"enemies":"Jaw Worm","floor":1,"turns":3},{"damage":26,"enemies":"Gremlin Nob","floor":6,"turns":5},{"damage":0,"enemies":"2 Louse","floor":8,"turns":3},{"damage":0,"enemies":"Cultist","floor":11,"turns":5},{"damage":0,"enemies":"Blue Slaver","floor":14,"turns":4},{"damage":35,"enemies":"The Guardian","floor":16,"turns":22},{"damage":8,"enemies":"Spheric Guardian","floor":18,"turns":10},{"damage":22,"enemies":"2 Thieves","floor":21,"turns":5},{"damage":1,"enemies":"Snecko","floor":22,"turns":7},{"damage":7,"enemies":"Slaver and Parasite","floor":24,"turns":27},{"damage":6,"enemies":"Snake Plant","floor":25,"turns":5},{"damage":62,"enemies":"Centurion and Healer","floor":27,"turns":14}],"relics_obtained":[{"floor":6,"key":"Ancient Tea Set"},{"floor":9,"key":"Bottled Lightning"},{"floor":26,"key":"Peace Pipe"}],"event_choices":[{"event_name":"Golden Idol","player_choice":"Take Damage","floor":2,"damage_taken":0},{"event_name":"Transmorgrifier","player_choice":"Transform","floor":4,"damage_taken":0},{"event_name":"Liars Game","player_choice":"disagreed","floor":5,"damage_taken":0},{"event_name":"The Cleric","player_choice":"Card Removal","floor":10,"damage_taken":0},{"event_name":"Big Fish","player_choice":"Banana","floor":12,"damage_taken":0},{"event_name":"Addict","player_choice":"Obtained Relic","floor":19,"damage_taken":0},{"event_name":"Nest","player_choice":"Stole From Cult","floor":20,"damage_taken":0}],"boss_relics":[{"not_picked":["Pandora\u0027s Box","Orrery"],"picked":"Sozu"}],"items_purged_floors":[],"is_endless":false,"potions_floor_spawned":[1,6,14,22,24],"seed_played":"-147230411215143127","killed_by":"Centurion and Healer","ascension_level":5,"potions_obtained":[{"floor":0,"key":"EssenceOfSteel"},{"floor":1,"key":"EssenceOfSteel"},{"floor":6,"key":"Weak Potion"},{"floor":14,"key":"Poison Potion"}],"is_trial":false}