{"gold_per_floor":[364,378,72,84,84,84,117,137,137,137,151,185,205,205,205,284,284,295,314,28,28,28,28,28,62,62,62,80,80,96,115,115,193,193,205,205,215,233,84,98,98,125,125,154,154,208,221,255,255,255],"floor_reached":51,"playtime":2178,"items_purged":[],"score":1417,"play_id":"eb6f11dd-5053-4d9a-a221-4f495b15a635","local_time":"20190202144645","is_ascension_mode":true,"campfire_choices":[{"data":"Perfected Strike","floor":6.0,"key":"SMITH"},{"data":"Perfected Strike","floor":10.0,"key":"SMITH"},{"data":"Dual Wield","floor":15.0,"key":"SMITH"},{"data":"Impervious","floor":23.0,"key":"SMITH"},{"data":"Shrug It Off","floor":24.0,"key":"SMITH"},{"floor":27.0,"key":"REST"},{"floor":32.0,"key":"REST"},{"floor":41.0,"key":"REST"},{"data":"Perfected Strike","floor":45.0,"key":"SMITH"},{"floor":49.0,"key":"REST"}],"neow_cost":"TEN_PERCENT_HP_LOSS","seed_source_timestamp":0,"circlet_count":0,"master_deck":["AscendersBane","Strike_R","Strike_R","Strike_R","Strike_R","Strike_R","Defend_R","Defend_R","Defend_R","Defend_R","Bash","Twin Strike","Perfected Strike+1","Perfected Strike+1","Headbutt","Perfected Strike+1","Shrug It Off+1","Dual Wield+1","Pommel Strike","Impervious+1","Twin Strike+1","Thunderclap","Offering","Twin Strike+1","Pommel Strike+1","Swift Strike","Wild Strike","Perfected Strike+1","Offering","Shrug It Off","Metallicize+1"],"special_seed":0,"relics":["Black Blood","Mummified Hand","Singing Bowl","Champion Belt","Ice Cream","Velvet Choker","WingedGreaves","Nilry\u0027s Codex","Bottled Lightning","Shuriken","Bird Faced Urn","Centennial Puzzle","The Courier","Frozen Egg 2","StoneCalendar","Torii"],"potions_floor_usage":[],"damage_taken":[{"damage":8.0,"enemies":"2 Louse","floor":1.0,"turns":3.0},{"damage":2.0,"enemies":"Jaw Worm","floor":2.0,"turns":3.0},{"damage":0.0,"enemies":"Small Slimes","floor":4.0,"turns":3.0},{"damage":16.0,"enemies":"Gremlin Nob","floor":7.0,"turns":3.0},{"damage":11.0,"enemies":"Blue Slaver","floor":8.0,"turns":4.0},{"damage":5.0,"enemies":"Red Slaver","floor":11.0,"turns":2.0},{"damage":12.0,"enemies":"3 Sentries","floor":12.0,"turns":5.0},{"damage":7.0,"enemies":"Large Slime","floor":13.0,"turns":5.0},{"damage":36.0,"enemies":"The Guardian","floor":16.0,"turns":7.0},{"damage":0.0,"enemies":"Spheric Guardian","floor":18.0,"turns":2.0},{"damage":11.0,"enemies":"2 Thieves","floor":19.0,"turns":2.0},{"damage":23.0,"enemies":"Book of Stabbing","floor":25.0,"turns":4.0},{"damage":24.0,"enemies":"Shelled Parasite and Fungi","floor":28.0,"turns":4.0},{"damage":0.0,"enemies":"Snecko","floor":30.0,"turns":2.0},{"damage":2.0,"enemies":"Cultist and Chosen","floor":31.0,"turns":3.0},{"damage":31.0,"enemies":"Champ","floor":33.0,"turns":9.0},{"damage":28.0,"enemies":"3 Darklings","floor":35.0,"turns":4.0},{"damage":3.0,"enemies":"Orb Walker","floor":37.0,"turns":2.0},{"damage":16.0,"enemies":"3 Darklings","floor":38.0,"turns":3.0},{"damage":24.0,"enemies":"Spire Growth","floor":40.0,"turns":2.0},{"damage":22.0,"enemies":"Giant Head","floor":42.0,"turns":5.0},{"damage":6.0,"enemies":"Nemesis","floor":44.0,"turns":3.0},{"damage":19.0,"enemies":"2 Orb Walkers","floor":46.0,"turns":2.0},{"damage":6.0,"enemies":"Transient","floor":47.0,"turns":5.0},{"damage":9.0,"enemies":"Giant Head","floor":48.0,"turns":5.0},{"damage":81,"enemies":"Awakened One","floor":50,"turns":7}],"seed_played":"-3578866242036692660","potions_obtained":[{"floor":1.0,"key":"Poison Potion"},{"floor":4.0,"key":"GamblersBrew"},{"floor":7.0,"key":"GamblersBrew"},{"floor":11.0,"key":"Ancient Potion"},{"floor":30.0,"key":"Energy Potion"},{"floor":37.0,"key":"SteroidPotion"},{"floor":42.0,"key":"Block Potion"},{"floor":46.0,"key":"LiquidBronze"}],"is_trial":false,"path_per_floor":["M","M","$","M","?","R","E","M","T","R","M","E","M","?","R","B",null,"M","M","$","?","$","R","R","E","T","R","M","T","M","M","R","B",null,"M","$","M","M","$","M","R","E","T","E","R","?","M","E","R","B",null],"character_chosen":"IRONCLAD","items_purchased":["Perfected Strike","Mummified Hand","WingedGreaves","Swift Strike","Wild Strike"],"campfire_rested":4,"item_purchase_floors":[3,3,20,39,39],"current_hp_per_floor":[66,68,68,68,68,68,60,55,55,55,56,50,49,49,49,19,57,65,62,62,41,41,41,41,24,24,46,28,28,36,42,65,42,69,51,51,60,54,54,40,64,52,52,58,58,51,55,56,81,17],"gold":255,"neow_bonus":"TWO_FIFTY_GOLD","is_prod":false,"is_daily":false,"chose_seed":false,"campfire_upgraded":6,"win_rate":0,"timestamp":1549136805,"path_taken":["M","M","$","M","?","R","E","M","T","R","M","E","M","?","R","BOSS","M","M","$","?","?","R","R","E","T","R","M","?","M","M","R","BOSS","M","$","M","M","$","M","R","E","T","E","R","?","M","E","R","BOSS"],"build_version":"2019-01-23","purchased_purges":0,"victory":true,"max_hp_per_floor":[68,68,68,68,68,68,70,70,70,70,70,70,70,70,70,70,70,72,74,74,74,74,74,74,74,74,74,74,74,76,78,78,78,78,78,78,80,80,80,80,80,80,80,82,82,84,84,84,84,84],"card_choices":[{"not_picked":["Iron Wave","Anger"],"picked":"Twin Strike","floor":1.0},{"not_picked":["Shrug It Off","Sword Boomerang"],"picked":"Perfected Strike","floor":2.0},{"not_picked":["Hemokinesis","Rage"],"picked":"Headbutt","floor":4.0},{"not_picked":["Reckless Charge","Inflame","Cleave"],"picked":"Singing Bowl","floor":7.0},{"not_picked":["Havoc","Entrench"],"picked":"Perfected Strike","floor":8.0},{"not_picked":["Ghostly Armor","Fire Breathing"],"picked":"Shrug It Off","floor":11.0},{"not_picked":["Berserk","Clash"],"picked":"Dual Wield","floor":12.0},{"not_picked":["Anger","Body Slam"],"picked":"Pommel Strike","floor":13.0},{"not_picked":["Barricade","Exhume"],"picked":"Impervious","floor":16.0},{"not_picked":["Thunderclap","Dropkick","Rampage"],"picked":"Singing Bowl","floor":18.0},{"not_picked":["Body Slam","Heavy Blade","Rampage+1"],"picked":"Singing Bowl","floor":19.0},{"not_picked":["Armaments","Headbutt"],"picked":"Twin Strike+1","floor":25.0},{"not_picked":["Clothesline","Havoc"],"picked":"Thunderclap","floor":28.0},{"not_picked":["Blood for Blood","Battle Trance","Anger"],"picked":"Singing Bowl","floor":30.0},{"not_picked":["Seeing Red","Iron Wave","True Grit"],"picked":"Singing Bowl","floor":31.0},{"not_picked":["Barricade","Feed"],"picked":"Offering","floor":33.0},{"not_picked":["Pummel","Flame Barrier+1"],"picked":"Twin Strike+1","floor":35.0},{"not_picked":["True Grit","Entrench","Second Wind"],"picked":"Singing Bowl","floor":37.0},{"not_picked":["Burning Pact+1","Headbutt"],"picked":"Pommel Strike+1","floor":38.0},{"not_picked":["Dual Wield","Heavy Blade+1"],"picked":"Perfected Strike","floor":40.0},{"not_picked":["Entrench","Power Through+1"],"picked":"Offering","floor":42.0},{"not_picked":["Thunderclap+1","Bloodletting","Iron Wave"],"picked":"Singing Bowl","floor":44.0},{"not_picked":["Sword Boomerang+1","Headbutt+1","Blood for Blood"],"picked":"Singing Bowl","floor":46.0},{"not_picked":["Anger","Pommel Strike"],"picked":"Shrug It Off","floor":47.0},{"not_picked":["Body Slam","Warcry"],"picked":"Metallicize+1","floor":48.0}],"player_experience":2287375,"relics_obtained":[{"floor":7.0,"key":"Singing Bowl"},{"floor":9.0,"key":"Champion Belt"},{"floor":12.0,"key":"Ice Cream"},{"floor":21.0,"key":"Nilry\u0027s Codex"},{"floor":25.0,"key":"Bottled Lightning"},{"floor":26.0,"key":"Shuriken"},{"floor":29.0,"key":"Bird Faced Urn"},{"floor":42.0,"key":"Centennial Puzzle"},{"floor":43.0,"key":"The Courier"},{"floor":44.0,"key":"Frozen Egg 2"},{"floor":46.0,"key":"StoneCalendar"},{"floor":48.0,"key":"Torii"}],"event_choices":[{"damage_healed":0.0,"max_hp_gain":0.0,"max_hp_loss":0.0,"gold_gain":0.0,"event_name":"Living Wall","player_choice":"Grow","floor":5.0,"gold_loss":0.0,"damage_taken":0.0,"cards_upgraded":["Perfected Strike"]},{"damage_healed":0.0,"max_hp_gain":0.0,"max_hp_loss":0.0,"gold_gain":0.0,"event_name":"Golden Wing","player_choice":"Ignored","floor":14.0,"gold_loss":0.0,"damage_taken":0.0},{"damage_healed":0.0,"max_hp_gain":0.0,"max_hp_loss":0.0,"gold_gain":0.0,"event_name":"Cursed Tome","player_choice":"Obtained Book","floor":21.0,"gold_loss":0.0,"damage_taken":21.0},{"damage_healed":0.0,"max_hp_gain":0.0,"max_hp_loss":0.0,"gold_gain":0.0,"event_name":"Mysterious Sphere","player_choice":"Fight","floor":46.0,"gold_loss":0.0,"damage_taken":0.0}],"is_beta":false,"boss_relics":[{"not_picked":["Empty Cage","Runic Cube"],"picked":"Velvet Choker"},{"not_picked":["White Beast Statue","Cursed Key"],"picked":"Black Blood"}],"items_purged_floors":[],"is_endless":false,"potions_floor_spawned":[1,4,7,8,11,19,30,37,40,42,46],"ascension_level":15}