{"gold_per_floor":[111,111,122,297,297,297,317,40,40,50,50,80,93,109,109,207,207,220,220,220,237,83,83,93,93,93,93,93,108,135,151,151,151],"floor_reached":33,"playtime":711,"items_purged":["Regret","Doubt"],"score":262,"play_id":"b51ee184-69c8-49ba-baee-e1f4484a695b","local_time":"20180725013228","is_ascension_mode":false,"campfire_choices":[{"data":"Bouncing Flask","floor":6,"key":"SMITH"},{"floor":11,"key":"REST"},{"data":"Crippling Poison","floor":15,"key":"SMITH"},{"floor":23,"key":"REST"},{"floor":25,"key":"REST"},{"floor":27,"key":"REST"},{"floor":32,"key":"REST"}],"neow_cost":"NONE","seed_source_timestamp":85007112296040,"circlet_count":0,"master_deck":["Defend_G","Defend_G","Defend_G","Defend_G","Defend_G","Survivor","Neutralize","Poisoned Stab","Bouncing Flask+1","Outmaneuver","Crippling Poison+1","Dagger Spray","Deflect","Bullet Time","Flying Knee+1","Bite","Bite","Bite","Bite","Bite","Escape Plan+1","Deflect","Dagger Spray","Deadly Poison+1","Dash"],"relics":["Ring of the Snake","Whetstone","Lantern","Bottled Lightning","Fusion Hammer","Matryoshka","Anchor","Strawberry"],"potions_floor_usage":[16,16,16,33,33],"damage_taken":[{"damage":3,"enemies":"2 Louse","floor":1,"turns":3},{"damage":5,"enemies":"Small Slimes","floor":3,"turns":3},{"damage":10,"enemies":"Jaw Worm","floor":7,"turns":3},{"damage":12,"enemies":"Blue Slaver","floor":10,"turns":2},{"damage":4,"enemies":"Exordium Wildlife","floor":13,"turns":3},{"damage":11,"enemies":"Exordium Thugs","floor":14,"turns":3},{"damage":19,"enemies":"The Guardian","floor":16,"turns":8},{"damage":1,"enemies":"Chosen","floor":18,"turns":4},{"damage":5,"enemies":"3 Byrds","floor":21,"turns":3},{"damage":18,"enemies":"Centurion and Healer","floor":24,"turns":6},{"damage":30,"enemies":"Snake Plant","floor":29,"turns":4},{"damage":16,"enemies":"Sentry and Sphere","floor":31,"turns":5},{"damage":105,"enemies":"Automaton","floor":33,"turns":10}],"seed_played":"-6901764168816596958","potions_obtained":[{"floor":1,"key":"Weak Potion"},{"floor":7,"key":"GamblersBrew"},{"floor":10,"key":"Swift Potion"},{"floor":16,"key":"SpeedPotion"},{"floor":29,"key":"SpeedPotion"}],"is_trial":false,"path_per_floor":["M","?","M","?","?","R","M","$","T","M","R","?","M","M","R","B",null,"M","?","?","M","$","R","M","R","T","R","?","M","T","M","R"],"character_chosen":"THE_SILENT","items_purchased":["Lantern","Outmaneuver","Deflect"],"campfire_rested":5,"item_purchase_floors":[8,8,22],"current_hp_per_floor":[67,60,55,55,55,55,47,47,47,37,58,58,56,47,47,30,70,69,69,69,65,65,70,64,70,70,70,70,42,49,43,66,0],"gold":151,"neow_bonus":"RANDOM_COMMON_RELIC","is_prod":false,"is_daily":false,"chose_seed":false,"campfire_upgraded":2,"win_rate":0,"timestamp":1532448148,"path_taken":["M","?","M","?","?","R","M","$","T","?","R","?","M","M","R","BOSS","M","?","?","?","$","R","M","R","T","R","?","M","?","M","R","BOSS"],"build_version":"2018-07-19v2","purchased_purges":2,"victory":false,"max_hp_per_floor":[70,70,70,70,70,70,70,70,70,70,70,70,70,70,70,70,70,70,70,70,70,70,70,70,70,70,70,70,70,77,77,77,77],"card_choices":[{"not_picked":["PiercingWail","Expertise"],"picked":"Poisoned Stab","floor":1},{"not_picked":["Deflect","Backflip"],"picked":"Bouncing Flask","floor":3},{"not_picked":["Sucker Punch","Distraction","Tactician"],"picked":"SKIP","floor":7},{"not_picked":["Slice","Flying Knee"],"picked":"Crippling Poison","floor":10},{"not_picked":["Backflip","Setup"],"picked":"Dagger Spray","floor":13},{"not_picked":["Acrobatics","Accuracy"],"picked":"Deflect","floor":14},{"not_picked":["Venomology","Envenom"],"picked":"Bullet Time","floor":16},{"not_picked":["Eviscerate","Dash"],"picked":"Flying Knee+1","floor":18},{"not_picked":["Accuracy","Dodge and Roll"],"picked":"Escape Plan+1","floor":21},{"not_picked":["Quick Slash","Well Laid Plans"],"picked":"Dagger Spray","floor":24},{"not_picked":["Footwork","Backstab+1"],"picked":"Deadly Poison+1","floor":29},{"not_picked":["Eviscerate","Slice"],"picked":"Dash","floor":31}],"player_experience":256966,"relics_obtained":[{"floor":9,"key":"Bottled Lightning"},{"floor":26,"key":"Matryoshka"},{"floor":30,"key":"Anchor"},{"floor":30,"key":"Strawberry"}],"event_choices":[{"event_name":"Golden Wing","player_choice":"Card Removal","floor":2,"damage_taken":0},{"event_name":"Liars Game","player_choice":"agreed","floor":4,"damage_taken":0},{"event_name":"Big Fish","player_choice":"Box","floor":5,"damage_taken":0},{"event_name":"Dead Adventurer","player_choice":"Searched \u00271\u0027 times","floor":12,"damage_taken":0},{"event_name":"Ghosts","player_choice":"Ignored","floor":19,"damage_taken":0},{"event_name":"Vampires","player_choice":"Became a vampire (Vial)","floor":20,"damage_taken":0},{"event_name":"The Mausoleum","player_choice":"No","floor":28,"damage_taken":0}],"is_beta":false,"boss_relics":[{"not_picked":["Philosopher\u0027s Stone","Coffee Dripper"],"picked":"Fusion Hammer"}],"items_purged_floors":[8,22],"is_endless":false,"potions_floor_spawned":[1,7,10,14,16,29],"killed_by":"Automaton","ascension_level":0}