{"gold_per_floor":[113,127,127,176,196,196,207,207,207,232,251,251,265,23,23,126,126,144,69,69,69,43,78,78,92,138,158,173,191,191,191,191,191],"floor_reached":33,"playtime":1990,"items_purged":["Strike_G"],"score":452,"play_id":"605d77ed-63d8-44d2-a75a-f6eb71881417","local_time":"20190113043417","is_ascension_mode":true,"campfire_choices":[{"data":"Escape Plan","floor":6,"key":"SMITH"},{"data":"Backstab","floor":12,"key":"SMITH"},{"data":"Backflip","floor":15,"key":"SMITH"},{"data":"Dodge and Roll","floor":24,"key":"SMITH"},{"floor":32,"key":"REST"}],"neow_cost":"NONE","seed_source_timestamp":703391132461486,"circlet_count":0,"master_deck":["AscendersBane","Defend_G+1","Defend_G+1","Defend_G+1","Defend_G+1","Defend_G+1","Survivor","Neutralize+1","Riddle With Holes+1","PiercingWail","Escape Plan+1","Deadly Poison","Cloak And Dagger","Backstab+1","Terror","Bullet Time","Backflip+1","Burst","Prepared+1","Bite","Bite","Bite","Bite","Bite","Dodge and Roll+1","Cloak And Dagger","Dagger Spray","Well Laid Plans","Malaise"],"relics":["Ring of the Snake","Snake Skull","Meat on the Bone","Ice Cream","Question Card","White Beast Statue","Shuriken","Bag of Marbles"],"potions_floor_usage":[7,10,16,16,18,23,27,29,33],"damage_taken":[{"damage":0,"enemies":"Cultist","floor":1,"turns":4},{"damage":0,"enemies":"Jaw Worm","floor":2,"turns":4},{"damage":1,"enemies":"Small Slimes","floor":5,"turns":5},{"damage":5,"enemies":"Exordium Thugs","floor":7,"turns":4},{"damage":23,"enemies":"Lagavulin","floor":10,"turns":6},{"damage":0,"enemies":"Blue Slaver","floor":11,"turns":4},{"damage":0,"enemies":"2 Fungi Beasts","floor":13,"turns":3},{"damage":40,"enemies":"Hexaghost","floor":16,"turns":10},{"damage":10,"enemies":"3 Byrds","floor":18,"turns":8},{"damage":52,"enemies":"Book of Stabbing","floor":23,"turns":7},{"damage":20,"enemies":"Spheric Guardian","floor":25,"turns":8},{"damage":40,"enemies":"Shelled Parasite and Fungi","floor":27,"turns":5},{"damage":5,"enemies":"Centurion and Healer","floor":28,"turns":8},{"damage":20,"enemies":"Snake Plant","floor":29,"turns":4},{"damage":11,"enemies":"Colosseum Slavers","floor":31,"turns":4},{"damage":77,"enemies":"Champ","floor":33,"turns":13}],"seed_played":"3085986825390804192","potions_obtained":[{"floor":2,"key":"LiquidBronze"},{"floor":5,"key":"GhostInAJar"},{"floor":13,"key":"Regen Potion"},{"floor":16,"key":"Block Potion"},{"floor":18,"key":"GamblersBrew"},{"floor":23,"key":"FairyPotion"},{"floor":25,"key":"AttackPotion"},{"floor":27,"key":"Regen Potion"},{"floor":28,"key":"SkillPotion"},{"floor":29,"key":"Swift Potion"}],"is_trial":false,"path_per_floor":["M","M","?","T","M","R","M","?","T","E","M","R","M","$","R","B",null,"M","$","?","?","$","E","R","M","T","M","M","M","?","?","R","B"],"character_chosen":"THE_SILENT","items_purchased":["Bullet Time","Backflip","AttackPotion","Dodge and Roll"],"campfire_rested":1,"item_purchase_floors":[14,14,14,22],"current_hp_per_floor":[63,63,63,63,62,62,57,57,57,46,46,46,46,46,46,33,61,51,51,51,49,49,17,17,17,17,17,34,30,30,27,41,0],"gold":191,"neow_bonus":"UPGRADE_CARD","is_prod":false,"is_daily":false,"chose_seed":false,"campfire_upgraded":4,"win_rate":0,"timestamp":1547321657,"path_taken":["M","M","?","?","M","R","M","?","T","E","?","R","M","$","R","BOSS","M","$","?","?","?","E","R","M","T","M","M","M","?","?","R","BOSS"],"build_version":"2019-01-10","purchased_purges":1,"victory":false,"max_hp_per_floor":[70,70,70,70,70,70,70,70,70,70,70,70,70,70,70,70,70,70,70,70,49,49,49,49,49,49,49,49,49,49,49,49,49],"card_choices":[{"not_picked":["Sucker Punch","Bane"],"picked":"Riddle With Holes","floor":1},{"not_picked":["Outmaneuver","Flechettes"],"picked":"PiercingWail","floor":2},{"not_picked":["Prepared","Grand Finale"],"picked":"Escape Plan","floor":5},{"not_picked":["Outmaneuver","Endless Agony"],"picked":"Deadly Poison","floor":7},{"not_picked":["Calculated Gamble","Backstab"],"picked":"Cloak And Dagger","floor":10},{"not_picked":["Outmaneuver","Bane","Sucker Punch"],"picked":"Backstab","floor":11},{"not_picked":["Dagger Throw","Sucker Punch","Concentrate"],"picked":"Terror","floor":13},{"not_picked":["After Image","Grand Finale","Phantasmal Killer"],"picked":"Burst","floor":16},{"not_picked":["Quick Slash","Skewer","Underhanded Strike"],"picked":"Prepared+1","floor":18},{"not_picked":["A Thousand Cuts","Eviscerate","Quick Slash"],"picked":"Cloak And Dagger","floor":23},{"not_picked":["Concentrate","Backstab","Backflip"],"picked":"Dagger Spray","floor":25},{"not_picked":["Blade Dance","Cloak And Dagger","Eviscerate"],"picked":"Well Laid Plans","floor":27},{"not_picked":["Deadly Poison","Acrobatics","Outmaneuver","Dagger Throw"],"picked":"SKIP","floor":28},{"not_picked":["Quick Slash+1","Backflip+1","Deflect+1"],"picked":"Malaise","floor":29}],"player_experience":372224,"relics_obtained":[{"floor":4,"key":"Snake Skull"},{"floor":8,"key":"Meat on the Bone"},{"floor":9,"key":"Ice Cream"},{"floor":10,"key":"Question Card"},{"floor":23,"key":"Shuriken"},{"floor":26,"key":"Bag of Marbles"}],"event_choices":[{"damage_healed":0,"gold_gain":0,"player_choice":"Grow","damage_taken":0,"max_hp_gain":0,"max_hp_loss":0,"event_name":"Living Wall","floor":3,"gold_loss":0,"cards_upgraded":["Riddle With Holes"]},{"damage_healed":0,"gold_gain":0,"player_choice":"Relic","damage_taken":0,"max_hp_gain":0,"max_hp_loss":0,"event_name":"Wheel of Change","floor":8,"gold_loss":0},{"damage_healed":0,"gold_gain":0,"player_choice":"Became a vampire","damage_taken":0,"max_hp_gain":0,"max_hp_loss":21,"event_name":"Vampires","floor":21,"gold_loss":0,"cards_obtained":["Bite","Bite","Bite","Bite","Bite"]},{"damage_healed":0,"gold_gain":0,"player_choice":"Simplicity","damage_taken":0,"max_hp_gain":0,"max_hp_loss":0,"event_name":"Back to Basics","floor":30,"gold_loss":0,"cards_upgraded":["Defend_G","Defend_G","Defend_G","Defend_G","Defend_G"]},{"damage_healed":0,"gold_gain":0,"player_choice":"Fight","damage_taken":0,"max_hp_gain":0,"max_hp_loss":0,"event_name":"Colosseum","floor":31,"gold_loss":0},{"damage_healed":0,"gold_gain":0,"player_choice":"Fled From Nobs","damage_taken":0,"max_hp_gain":0,"max_hp_loss":0,"event_name":"Colosseum","floor":31,"gold_loss":0}],"is_beta":false,"boss_relics":[{"not_picked":["Black Star","Calling Bell"],"picked":"White Beast Statue"}],"items_purged_floors":[19],"is_endless":false,"potions_floor_spawned":[2,5,13,16,18,23,25,27,28,29,31],"killed_by":"Champ","ascension_level":12}