{"path_per_floor":["M","?","?","?","?","R","M","?","T","R","M","R","M","?","R"],"character_chosen":"THE_SILENT","items_purchased":[],"gold_per_floor":[116,216,216,291,291,291,309,330,330,330,347,347,360,360,360,360],"floor_reached":16,"campfire_rested":2,"playtime":844,"item_purchase_floors":[],"current_hp_per_floor":[63,63,63,52,52,52,52,48,48,48,47,68,33,33,52,0],"items_purged":[],"gold":360,"score":106,"play_id":"4d29cb37-468b-4280-bfe2-568414b2557a","local_time":"20180622073948","is_prod":false,"is_daily":false,"chose_seed":false,"is_ascension_mode":true,"campfire_upgraded":2,"win_rate":0,"timestamp":1529667588,"campfire_choices":[{"data":"Dash","floor":6,"key":"SMITH"},{"data":"Blade Dance","floor":10,"key":"SMITH"},{"floor":12,"key":"REST"},{"floor":15,"key":"REST"}],"path_taken":["M","?","?","?","?","R","M","?","T","R","M","R","M","?","R","BOSS"],"build_version":"2018-06-21","seed_source_timestamp":706022148582443,"purchased_purges":0,"circlet_count":0,"victory":false,"master_deck":["Defend_G","Defend_G","Defend_G","Defend_G","Defend_G","Strike_G","Strike_G","Strike_G","Strike_G","Strike_G","Survivor","Neutralize","Dash+1","Blade Dance+1","Slice","Infinite Blades","Slice"],"max_hp_per_floor":[70,70,70,70,70,70,70,70,70,70,70,70,70,65,65,65],"relics":["Ring of the Snake","Juzu Bracelet","Odd Mushroom","Omamori","Golden Idol"],"card_choices":[{"not_picked":["Crippling Poison","Setup"],"picked":"Dash","floor":1},{"not_picked":["Backflip","Escape Plan"],"picked":"Blade Dance","floor":7},{"not_picked":["Underhanded Strike","Outmaneuver"],"picked":"Slice","floor":8},{"not_picked":["Bane","Reflex"],"picked":"Infinite Blades","floor":11},{"not_picked":["Prepared","Poisoned Stab"],"picked":"Slice","floor":13}],"player_experience":694505,"potions_floor_usage":[8,8,16],"damage_taken":[{"damage":7,"enemies":"Small Slimes","floor":1,"turns":4},{"damage":0,"enemies":"Cultist","floor":7,"turns":3},{"damage":4,"floor":8,"turns":4},{"damage":1,"enemies":"2 Louse","floor":11,"turns":3},{"damage":35,"enemies":"Gremlin Gang","floor":13,"turns":5},{"damage":55,"enemies":"Slime Boss","floor":16,"turns":11}],"relics_obtained":[{"floor":8,"key":"Odd Mushroom"},{"floor":9,"key":"Omamori"}],"event_choices":[{"event_name":"Golden Shrine","player_choice":"Pray","floor":2,"damage_taken":0},{"event_name":"The Woman in Blue","player_choice":"Bought 0 Potions","floor":3,"damage_taken":0},{"event_name":"World of Goop","player_choice":"Gather Gold","floor":4,"damage_taken":0},{"event_name":"Shining Light","player_choice":"Ignored","floor":5,"damage_taken":0},{"event_name":"Mushrooms","player_choice":"Fought Mushrooms","floor":8,"damage_taken":0},{"event_name":"Golden Idol","player_choice":"Lose Max HP","floor":14,"damage_taken":0}],"boss_relics":[],"items_purged_floors":[],"is_endless":false,"potions_floor_spawned":[1,7,13],"seed_played":"480842547106558896","killed_by":"Slime Boss","ascension_level":4,"potions_obtained":[{"floor":1,"key":"AttackPotion"},{"floor":7,"key":"LiquidBronze"},{"floor":13,"key":"PowerPotion"}],"is_trial":false}