{"gold_per_floor":[116,127,127,127,144,144,176,176,222,233,31,31,47,59,59,133,133,146,146,157,173,173],"floor_reached":22,"playtime":975,"items_purged":["Pain"],"score":367,"play_id":"f2604546-78f2-4423-86c8-f4a89c4cb826","local_time":"20190131160854","is_ascension_mode":true,"campfire_choices":[{"data":"Go for the Eyes","floor":6,"key":"SMITH"},{"floor":12,"key":"REST"},{"floor":15,"key":"REST"}],"neow_cost":"NONE","seed_source_timestamp":617830076941323,"circlet_count":0,"master_deck":["AscendersBane","Strike_B","Strike_B","Strike_B","Strike_B","Defend_B","Defend_B","Defend_B","Defend_B","Zap","Dualcast","Go for the Eyes+1","Genetic Algorithm","Cold Snap","Echo Form","FTL","FTL","Static Discharge","Capacitor","Steam","Coolheaded","Ball Lightning","Electrodynamics","Defragment+1","BootSequence","Conserve Battery"],"relics":["FrozenCore","NeowsBlessing","WarpedTongs","Dream Catcher","Strawberry","FaceOfCleric"],"potions_floor_usage":[13,16,16,21],"damage_taken":[{"damage":0,"enemies":"2 Louse","floor":1,"turns":1},{"damage":0,"enemies":"Small Slimes","floor":2,"turns":1},{"damage":1,"enemies":"Cultist","floor":5,"turns":1},{"damage":59,"enemies":"Gremlin Nob","floor":7,"turns":5},{"damage":6,"enemies":"Large Slime","floor":10,"turns":4},{"damage":21,"enemies":"Gremlin Gang","floor":13,"turns":4},{"damage":5,"enemies":"3 Louse","floor":14,"turns":3},{"damage":27,"enemies":"The Guardian","floor":16,"turns":11},{"damage":21,"enemies":"Shell Parasite","floor":18,"turns":6},{"damage":31,"enemies":"3 Byrds","floor":20,"turns":5},{"damage":4,"enemies":"Snake Plant","floor":21,"turns":6},{"damage":10,"enemies":"3 Cultists","floor":22,"turns":2}],"seed_played":"-8049263131291005260","potions_obtained":[{"floor":7,"key":"GamblersBrew"},{"floor":8,"key":"Block Potion"},{"floor":8,"key":"Swift Potion"},{"floor":10,"key":"LiquidBronze"},{"floor":14,"key":"EssenceOfSteel"},{"floor":20,"key":"SkillPotion"},{"floor":21,"key":"SpeedPotion"}],"is_trial":false,"path_per_floor":["M","M","?","?","M","R","E","?","T","M","$","R","M","M","R","B",null,"M","?","M","M","M"],"character_chosen":"DEFECT","items_purchased":["FTL","Static Discharge"],"campfire_rested":2,"item_purchase_floors":[11,11],"current_hp_per_floor":[64,64,69,69,68,68,9,9,16,10,10,34,13,8,32,5,64,43,43,13,10,0],"gold":173,"neow_bonus":"THREE_ENEMY_KILL","is_prod":false,"is_daily":false,"chose_seed":false,"campfire_upgraded":1,"win_rate":0,"timestamp":1548968934,"path_taken":["M","M","?","?","?","R","E","?","T","?","$","R","M","M","R","BOSS","M","?","M","?","M"],"build_version":"2019-01-23","purchased_purges":1,"victory":false,"max_hp_per_floor":[71,71,76,76,76,76,76,76,83,83,83,83,83,83,83,83,83,83,83,84,85,85],"card_choices":[{"not_picked":["Cold Snap","Leap"],"picked":"Go for the Eyes","floor":1},{"not_picked":["Reinforced Body","Steam"],"picked":"Genetic Algorithm","floor":2},{"not_picked":["Conserve Battery","Barrage"],"picked":"Cold Snap","floor":5},{"not_picked":["Loop","Scrape"],"picked":"Echo Form","floor":7},{"not_picked":["Static Discharge","Conserve Battery"],"picked":"FTL","floor":10},{"not_picked":["Stack","Barrage"],"picked":"Capacitor","floor":12},{"not_picked":["Stack","Rebound"],"picked":"Steam","floor":13},{"not_picked":["Go for the Eyes","Conserve Battery"],"picked":"Coolheaded","floor":14},{"not_picked":["Capacitor","Multi-Cast"],"picked":"Ball Lightning","floor":15},{"not_picked":["Creative AI","Hyperbeam"],"picked":"Electrodynamics","floor":16},{"not_picked":["Lockon","Ball Lightning"],"picked":"Defragment+1","floor":18},{"not_picked":["Reprogram","Ball Lightning"],"picked":"BootSequence","floor":20},{"not_picked":["Reinforced Body","Barrage"],"picked":"Conserve Battery","floor":21}],"player_experience":2249794,"relics_obtained":[{"floor":7,"key":"Dream Catcher"},{"floor":9,"key":"Strawberry"}],"event_choices":[{"damage_healed":0,"gold_gain":0,"player_choice":"Donut","damage_taken":0,"max_hp_gain":5,"max_hp_loss":0,"event_name":"Big Fish","floor":3,"gold_loss":0},{"damage_healed":0,"gold_gain":0,"player_choice":"Rummage","damage_taken":0,"relics_obtained":["WarpedTongs"],"max_hp_gain":0,"max_hp_loss":0,"event_name":"Accursed Blacksmith","floor":4,"gold_loss":0,"cards_obtained":["Pain"]},{"damage_healed":0,"gold_gain":0,"player_choice":"Got Potions","damage_taken":0,"max_hp_gain":0,"max_hp_loss":0,"event_name":"Lab","floor":8,"gold_loss":0},{"damage_healed":0,"gold_gain":0,"player_choice":"Trade","damage_taken":0,"relics_obtained":["FaceOfCleric"],"max_hp_gain":0,"max_hp_loss":0,"event_name":"FaceTrader","floor":19,"gold_loss":0}],"is_beta":false,"boss_relics":[{"not_picked":["Busted Crown","Coffee Dripper"],"picked":"FrozenCore"}],"items_purged_floors":[11],"is_endless":false,"potions_floor_spawned":[7,10,14,20,21],"killed_by":"3 Cultists","ascension_level":19}