{"gold_per_floor":[115,115,135,68,84,109,109,140,140,140,153,185,139,174,174,275,275,293,305,280,290,303,331,331,366,448,467,478,497,507,520,520,615,615,629,12,31,0,0,25,25,45,69,69,69,98,111,111,111,111],"floor_reached":51,"playtime":4040,"items_purged":["Strike_R"],"score":1124,"play_id":"4c975179-0c72-4052-81b5-a9e8b800952b","local_time":"20180706180811","is_ascension_mode":true,"campfire_choices":[{"data":"Corruption","floor":7,"key":"SMITH"},{"floor":10,"key":"REST"},{"floor":15,"key":"REST"},{"floor":24,"key":"REST"},{"floor":32,"key":"REST"},{"floor":41,"key":"REST"},{"floor":44,"key":"REST"},{"floor":49,"key":"REST"}],"neow_cost":"TEN_PERCENT_HP_LOSS","seed_source_timestamp":849456604822560,"circlet_count":0,"master_deck":["Strike_R+1","Strike_R","Strike_R+1","Strike_R","Defend_R","Defend_R","Defend_R","Defend_R","Bash","Twin Strike","Battle Trance","Corruption+1","Clothesline","Sentinel","Shockwave","Entrench","Shrug It Off","Feel No Pain","Fiend Fire+1","Shrug It Off","Havoc","Body Slam+1","Sentinel","Barricade","Feel No Pain","Shrug It Off","Seeing Red+1","Seeing Red","Disarm","Burning Pact","Offering","Sentinel","Flame Barrier","Good Instincts","Armaments+1","Madness","Madness","Doubt","Spot Weakness","Spot Weakness+1","Purity","Purity","Swift Strike+1","Spot Weakness+1"],"relics":["Burning Blood","Dead Branch","Magic Flower","Molten Egg 2","Blue Candle","Bottled Tornado","Lantern","Fusion Hammer","Matryoshka","Torii","Bronze Scales","Mercury Hourglass","Cursed Key","Thread and Needle","Red Mask","Dream Catcher","Pen Nib","Omamori","Calipers","Whetstone"],"potions_floor_usage":[8,11,12,22,23,30,33,33,50],"damage_taken":[{"damage":7,"enemies":"Small Slimes","floor":1,"turns":5},{"damage":6,"enemies":"2 Louse","floor":3,"turns":3},{"damage":8,"enemies":"Jaw Worm","floor":5,"turns":4},{"damage":32,"enemies":"Gremlin Nob","floor":6,"turns":4},{"damage":31,"enemies":"3 Sentries","floor":8,"turns":7},{"damage":20,"enemies":"Gremlin Gang","floor":11,"turns":3},{"damage":7,"enemies":"Gremlin Nob","floor":12,"turns":4},{"damage":5,"enemies":"3 Sentries","floor":14,"turns":3},{"damage":23,"enemies":"Hexaghost","floor":16,"turns":6},{"damage":5,"enemies":"2 Thieves","floor":18,"turns":3},{"damage":3,"enemies":"Shell Parasite","floor":19,"turns":2},{"damage":8,"enemies":"Snake Plant","floor":21,"turns":2},{"damage":0,"enemies":"Centurion and Healer","floor":22,"turns":3},{"damage":4,"enemies":"Slavers","floor":23,"turns":1},{"damage":0,"enemies":"Book of Stabbing","floor":25,"turns":2},{"damage":4,"enemies":"Snecko","floor":27,"turns":2},{"damage":7,"enemies":"Chosen and Byrds","floor":28,"turns":2},{"damage":4,"enemies":"Centurion and Healer","floor":29,"turns":3},{"damage":4,"enemies":"Snake Plant","floor":30,"turns":2},{"damage":0,"enemies":"3 Cultists","floor":31,"turns":2},{"damage":8,"enemies":"Champ","floor":33,"turns":7},{"damage":4,"enemies":"Flame Bruiser 1 Orb","floor":35,"turns":1},{"damage":0,"enemies":"Orb Walker","floor":37,"turns":3},{"damage":0,"enemies":"2 Orb Walkers","floor":40,"turns":3},{"damage":6,"enemies":"4 Shapes","floor":42,"turns":1},{"damage":8,"enemies":"Giant Head","floor":46,"turns":2},{"damage":3,"enemies":"3 Darklings","floor":47,"turns":3},{"damage":28,"enemies":"Awakened One","floor":50,"turns":4}],"seed_played":"-8447459743441264360","potions_obtained":[{"floor":1,"key":"SkillPotion"},{"floor":6,"key":"Poison Potion"},{"floor":11,"key":"SkillPotion"},{"floor":16,"key":"BloodPotion"},{"floor":18,"key":"Swift Potion"},{"floor":21,"key":"Block Potion"},{"floor":22,"key":"FearPotion"},{"floor":23,"key":"Poison Potion"},{"floor":28,"key":"SkillPotion"},{"floor":37,"key":"SteroidPotion"},{"floor":42,"key":"Fire Potion"},{"floor":47,"key":"Weak Potion"}],"is_trial":false,"path_per_floor":["M","?","M","$","M","E","R","E","T","R","M","E","$","E","R","B",null,"M","M","$","M","M","E","R","E","T","M","M","M","M","M","R","B",null,"M","$","M","?","?","E","R","M","T","R","T","E","M","?","R","B"],"character_chosen":"IRONCLAD","items_purchased":["Corruption","Shrug It Off","Body Slam+1","Sentinel","Thread and Needle","Flame Barrier","Good Instincts"],"campfire_rested":7,"item_purchase_floors":[4,13,20,36,36,36,36],"current_hp_per_floor":[71,71,71,71,69,43,43,21,21,42,31,33,33,37,58,44,65,69,72,72,72,72,72,72,72,72,72,72,72,72,72,72,72,72,72,72,72,72,63,72,72,72,72,72,72,72,72,62,72,53],"gold":111,"neow_bonus":"ONE_RARE_RELIC","is_prod":false,"is_daily":false,"chose_seed":false,"campfire_upgraded":1,"win_rate":0,"timestamp":1530918491,"path_taken":["M","?","M","$","M","E","R","E","T","R","M","E","?","E","R","BOSS","M","M","$","M","M","E","R","E","T","M","?","?","M","M","R","BOSS","M","$","M","?","?","E","R","M","T","R","?","E","?","?","R","BOSS"],"build_version":"2018-07-05","purchased_purges":1,"victory":true,"max_hp_per_floor":[72,72,72,72,72,72,72,72,72,72,72,72,72,72,72,72,72,72,72,72,72,72,72,72,72,72,72,72,72,72,72,72,72,72,72,72,72,72,72,72,72,72,72,72,72,72,72,72,72,72],"card_choices":[{"not_picked":["Sentinel","Searing Blow"],"picked":"Twin Strike","floor":1},{"not_picked":["Twin Strike","Clash"],"picked":"Battle Trance","floor":3},{"not_picked":["Spot Weakness","Pommel Strike","Corruption"],"picked":"SKIP","floor":5},{"not_picked":["Carnage","Barricade"],"picked":"Clothesline","floor":6},{"not_picked":["Warcry","Power Through"],"picked":"Sentinel","floor":8},{"not_picked":["Wild Strike+1","Uppercut+1"],"picked":"Shockwave","floor":11},{"not_picked":["Havoc","Feed+1"],"picked":"Entrench","floor":12},{"not_picked":["Shrug It Off","Clothesline+1"],"picked":"Feel No Pain","floor":14},{"not_picked":["Feed+1","Berserk"],"picked":"Fiend Fire+1","floor":16},{"not_picked":["Thunderclap+1","Sword Boomerang+1"],"picked":"Shrug It Off","floor":18},{"not_picked":["Cleave+1","Anger+1"],"picked":"Havoc","floor":19},{"not_picked":["Pummel+1","Spot Weakness"],"picked":"Sentinel","floor":21},{"not_picked":["True Grit","Sever Soul+1"],"picked":"Barricade","floor":22},{"not_picked":["Body Slam+1","Limit Break"],"picked":"Feel No Pain","floor":23},{"not_picked":["Heavy Blade+1","Intimidate"],"picked":"Shrug It Off","floor":25},{"not_picked":["True Grit","Warcry"],"picked":"Seeing Red+1","floor":27},{"not_picked":["Hemokinesis+1","Clothesline+1"],"picked":"Seeing Red","floor":28},{"not_picked":["Cleave+1","Rage","Thunderclap+1"],"picked":"SKIP","floor":29},{"not_picked":["Carnage+1","Metallicize"],"picked":"Disarm","floor":30},{"not_picked":["Thunderclap+1","Clothesline+1"],"picked":"Burning Pact","floor":31},{"not_picked":["Immolate+1","Brutality"],"picked":"Offering","floor":33},{"not_picked":["Cleave+1","Sword Boomerang+1","Twin Strike+1"],"picked":"SKIP","floor":35},{"not_picked":["True Grit","Headbutt+1"],"picked":"Armaments+1","floor":37},{"not_picked":["Pommel Strike+1","Iron Wave+1","Combust+1"],"picked":"SKIP","floor":40},{"not_picked":["Clothesline+1","Iron Wave+1","Bludgeon+1"],"picked":"SKIP","floor":42},{"not_picked":["Clothesline+1","Perfected Strike+1"],"picked":"Spot Weakness","floor":44},{"not_picked":["Havoc+1","Wild Strike+1"],"picked":"Spot Weakness+1","floor":46},{"not_picked":["Wild Strike+1","Headbutt+1","Cleave+1"],"picked":"SKIP","floor":47},{"not_picked":["Magnetism","Good Instincts"],"picked":"Purity","floor":48},{"not_picked":["PanicButton","Bandage Up"],"picked":"Purity","floor":48},{"not_picked":["PanicButton","Dramatic Entrance+1"],"picked":"Swift Strike+1","floor":48},{"not_picked":["Clothesline+1","Clash+1"],"picked":"Spot Weakness+1","floor":49}],"player_experience":270270,"relics_obtained":[{"floor":6,"key":"Magic Flower"},{"floor":8,"key":"Molten Egg 2"},{"floor":9,"key":"Blue Candle"},{"floor":12,"key":"Bottled Tornado"},{"floor":14,"key":"Lantern"},{"floor":23,"key":"Matryoshka"},{"floor":25,"key":"Torii"},{"floor":26,"key":"Bronze Scales"},{"floor":26,"key":"Mercury Hourglass"},{"floor":40,"key":"Dream Catcher"},{"floor":43,"key":"Pen Nib"},{"floor":43,"key":"Omamori"},{"floor":45,"key":"Calipers"},{"floor":46,"key":"Whetstone"}],"event_choices":[{"event_name":"Liars Game","player_choice":"disagreed","floor":2,"damage_taken":0},{"event_name":"Tomb of Lord Red Mask","player_choice":"Paid","floor":38,"damage_taken":0},{"event_name":"Winding Halls","player_choice":"Embrace Madness","floor":39,"damage_taken":0},{"event_name":"SensoryStone","player_choice":"Memory 3","floor":48,"damage_taken":0}],"boss_relics":[{"not_picked":["Busted Crown","Sozu"],"picked":"Fusion Hammer"},{"not_picked":["Runic Pyramid","Runic Dome"],"picked":"Cursed Key"}],"items_purged_floors":[36],"is_endless":false,"potions_floor_spawned":[1,6,11,16,18,21,22,23,25,28,37,42,47],"ascension_level":5}