{"gold_per_floor":[109,129,28,38,51,51,83,83,83,96,96,111,11,34,34,164,164,180,280,99,99,120,120,136,136,186,210,231,231,96,96,96,96],"floor_reached":33,"playtime":1845,"items_purged":["Strike_B","Strike_B"],"score":351,"play_id":"6829688f-8d12-47db-a353-070c5e7f0ab6","local_time":"20180702151231","is_ascension_mode":true,"campfire_choices":[{"floor":6,"key":"REST"},{"floor":8,"key":"REST"},{"floor":15,"key":"REST"},{"floor":23,"key":"REST"},{"floor":25,"key":"REST"},{"data":"Creative AI","floor":32,"key":"SMITH"}],"neow_cost":"NONE","seed_source_timestamp":673904803585961,"circlet_count":0,"master_deck":["Strike_B","Strike_B","Defend_B","Defend_B","Defend_B","Defend_B","Zap","Dualcast","Redo","Leap","Leap","Chill","Conserve Battery","Cold Snap","Coolheaded","Defragment","Streamline","Thunder Strike","Hologram","Creative AI+1","Glacier","Glacier+1","Capacitor"],"relics":["Cracked Core","Anchor","Lantern","Bronze Scales","Golden Idol","Philosopher\u0027s Stone","Vajra"],"potions_floor_usage":[7,7,18,31,33],"damage_taken":[{"damage":0,"enemies":"Cultist","floor":1,"turns":3},{"damage":2,"enemies":"Jaw Worm","floor":2,"turns":3},{"damage":6,"enemies":"Small Slimes","floor":4,"turns":4},{"damage":2,"enemies":"Exordium Wildlife","floor":5,"turns":3},{"damage":36,"enemies":"Lagavulin","floor":7,"turns":8},{"damage":4,"enemies":"Looter","floor":10,"turns":3},{"damage":0,"enemies":"Red Slaver","floor":12,"turns":3},{"damage":0,"enemies":"Blue Slaver","floor":14,"turns":3},{"damage":17,"enemies":"Hexaghost","floor":16,"turns":12},{"damage":16,"enemies":"Shell Parasite","floor":18,"turns":6},{"damage":28,"enemies":"Chosen","floor":22,"turns":6},{"damage":40,"enemies":"Snake Plant","floor":24,"turns":4},{"damage":13,"enemies":"Centurion and Healer","floor":27,"turns":9},{"damage":27,"enemies":"Slaver and Parasite","floor":28,"turns":8},{"damage":0,"enemies":"Snecko","floor":31,"turns":1},{"damage":92,"enemies":"Automaton","floor":33,"turns":12}],"seed_played":"5607298643636095638","potions_obtained":[{"floor":2,"key":"Dexterity Potion"},{"floor":4,"key":"Ancient Potion"},{"floor":5,"key":"Block Potion"},{"floor":14,"key":"SmokeBomb"},{"floor":16,"key":"Regen Potion"},{"floor":18,"key":"Strength Potion"},{"floor":27,"key":"PowerPotion"}],"is_trial":false,"path_per_floor":["M","M","$","M","M","R","E","R","T","M","?","M","$","M","R","B",null,"M","?","$","?","M","R","M","R","T","M","M","?","$","M","R"],"character_chosen":"DEFECT","items_purchased":["Leap","Defragment","Streamline","Creative AI","Glacier","Capacitor"],"campfire_rested":5,"item_purchase_floors":[3,13,13,20,20,30],"current_hp_per_floor":[68,66,66,60,58,75,39,61,61,57,39,39,39,39,61,44,67,65,65,65,65,37,59,19,41,41,28,1,75,75,75,75,0],"gold":96,"neow_bonus":"RANDOM_COMMON_RELIC","is_prod":false,"is_daily":false,"chose_seed":false,"campfire_upgraded":1,"win_rate":0,"timestamp":1530558751,"path_taken":["M","M","$","M","M","R","E","R","T","?","?","M","?","?","R","BOSS","M","?","$","?","M","R","M","R","T","M","M","?","?","M","R","BOSS"],"build_version":"2018-06-28","purchased_purges":2,"victory":false,"max_hp_per_floor":[75,75,75,75,75,75,75,75,75,75,75,75,75,75,75,75,75,75,75,75,75,75,75,75,75,75,75,75,75,75,75,75,75],"card_choices":[{"not_picked":["Turbo","Scrape"],"picked":"Redo","floor":1},{"not_picked":["Redo","Force Field"],"picked":"Leap","floor":2},{"not_picked":["Streamline","Leap"],"picked":"Chill","floor":4},{"not_picked":["Compile Driver","Lockon"],"picked":"Hello World","floor":5},{"not_picked":["Reboot","Lockon"],"picked":"Conserve Battery","floor":7},{"not_picked":["Conserve Battery","FTL"],"picked":"Cold Snap","floor":10},{"not_picked":["Go for the Eyes","Hologram"],"picked":"Coolheaded","floor":12},{"not_picked":["Rebound","Streamline","Stack"],"picked":"SKIP","floor":14},{"not_picked":["Meteor Strike","Core Surge"],"picked":"Thunder Strike","floor":16},{"not_picked":["Ball Lightning","Stack+1"],"picked":"Hologram","floor":18},{"not_picked":["Hologram+1","Sweeping Beam+1","Streamline"],"picked":"SKIP","floor":22},{"not_picked":["Sweeping Beam","Go for the Eyes","Force Field"],"picked":"SKIP","floor":24},{"not_picked":["Chaos+1","Reprogram"],"picked":"Glacier+1","floor":27},{"not_picked":["Barrage","Sweeping Beam","Rip and Tear"],"picked":"SKIP","floor":28}],"player_experience":917987,"relics_obtained":[{"floor":7,"key":"Lantern"},{"floor":9,"key":"Bronze Scales"},{"floor":26,"key":"Vajra"}],"event_choices":[{"event_name":"Golden Idol","player_choice":"Take Damage","floor":11,"damage_taken":0},{"event_name":"Golden Shrine","player_choice":"Pray","floor":19,"damage_taken":0},{"event_name":"N\u0027loth","player_choice":"Ignored","floor":21,"damage_taken":0},{"event_name":"Bonfire Elementals","player_choice":"UNCOMMON","floor":29,"damage_taken":0}],"boss_relics":[{"not_picked":["White Beast Statue","Empty Cage"],"picked":"Philosopher\u0027s Stone"}],"items_purged_floors":[3,30],"is_endless":false,"potions_floor_spawned":[2,4,5,14,16,18,27],"killed_by":"Automaton","ascension_level":8}