{"gold_per_floor":[118,293,293,311,24,24,56,56,56,56],"floor_reached":10,"playtime":476,"items_purged":[],"score":70,"play_id":"7e296bc0-1505-48ba-a30e-6119d29170f2","local_time":"20190211181711","is_ascension_mode":true,"campfire_choices":[{"data":"Chill","floor":6,"key":"SMITH"},{"data":"Capacitor","floor":8,"key":"SMITH"}],"neow_cost":"CURSE","seed_source_timestamp":1059598105797789,"circlet_count":0,"master_deck":["Strike_B","Strike_B","Strike_B","Strike_B","Defend_B","Defend_B","Defend_B","Defend_B","Zap","Dualcast","Writhe","Chill+1","Doubt","Regret","Fusion","Capacitor+1"],"relics":["Cracked Core","Emotion Chip","Meat on the Bone","Calipers","Matryoshka","Oddly Smooth Stone","Singing Bowl"],"potions_floor_usage":[10],"damage_taken":[{"damage":1,"enemies":"Cultist","floor":1,"turns":3},{"damage":3,"enemies":"Jaw Worm","floor":4,"turns":3},{"damage":37,"enemies":"3 Sentries","floor":7,"turns":10},{"damage":48,"enemies":"Gremlin Nob","floor":10,"turns":4}],"seed_played":"-7909717575427195413","potions_obtained":[{"floor":1,"key":"Dexterity Potion"}],"is_trial":false,"path_per_floor":["M","?","?","M","$","R","E","R","T","E"],"character_chosen":"DEFECT","items_purchased":["Calipers"],"campfire_rested":0,"item_purchase_floors":[5],"current_hp_per_floor":[74,74,74,71,71,71,46,46,46,0],"gold":56,"neow_bonus":"ONE_RARE_RELIC","is_prod":false,"is_daily":false,"chose_seed":false,"campfire_upgraded":2,"win_rate":0,"timestamp":1549871231,"path_taken":["M","?","?","M","$","R","E","R","T","E"],"build_version":"2019-01-23","purchased_purges":0,"victory":false,"max_hp_per_floor":[75,75,75,75,75,75,75,75,75,75],"card_choices":[{"not_picked":["Compile Driver","Leap"],"picked":"Chill","floor":1},{"not_picked":["Rebound","Compile Driver"],"picked":"Fusion","floor":4},{"not_picked":["Thunder Strike","Cold Snap"],"picked":"Capacitor","floor":7}],"player_experience":560376,"relics_obtained":[{"floor":7,"key":"Matryoshka"},{"floor":9,"key":"Oddly Smooth Stone"},{"floor":9,"key":"Singing Bowl"}],"event_choices":[{"damage_healed":0,"gold_gain":175,"player_choice":"AGREE","damage_taken":0,"max_hp_gain":0,"max_hp_loss":0,"event_name":"Liars Game","floor":2,"gold_loss":0,"cards_obtained":["Doubt"]},{"damage_healed":0,"gold_gain":0,"player_choice":"Box","damage_taken":0,"relics_obtained":["Meat on the Bone"],"max_hp_gain":0,"max_hp_loss":0,"event_name":"Big Fish","floor":3,"gold_loss":0,"cards_obtained":["Regret"]}],"is_beta":false,"boss_relics":[],"items_purged_floors":[],"is_endless":false,"potions_floor_spawned":[1],"killed_by":"Gremlin Nob","ascension_level":2}