{"gold_per_floor":[117,45,58,68,68,94,112,125,125,101,101],"floor_reached":11,"playtime":488,"items_purged":[],"score":90,"play_id":"5d1763c7-fb17-4245-b495-9edeb5832912","local_time":"20180628163515","is_ascension_mode":true,"campfire_choices":[],"neow_cost":"TEN_PERCENT_HP_LOSS","seed_source_timestamp":334694270284026,"circlet_count":0,"master_deck":["Strike_R","Strike_R","Strike_R","Defend_R","Defend_R","Defend_R","Defend_R","Bash","Whirlwind","Spot Weakness","Searing Blow","Carnage"],"relics":["Burning Blood","Letter Opener","Toxic Egg 2"],"potions_floor_usage":[6,6],"damage_taken":[{"damage":8,"enemies":"2 Louse","floor":1,"turns":3},{"damage":6,"enemies":"Cultist","floor":3,"turns":4},{"damage":6,"enemies":"Jaw Worm","floor":4,"turns":4},{"damage":61,"enemies":"Lagavulin","floor":6,"turns":7},{"damage":0,"enemies":"Lots of Slimes","floor":7,"turns":1},{"damage":16,"enemies":"Exordium Wildlife","floor":8,"turns":5},{"damage":13,"enemies":"Large Slime","floor":11,"turns":4}],"seed_played":"2511285347486828964","potions_obtained":[{"floor":4,"key":"Energy Potion"},{"floor":5,"key":"SteroidPotion"}],"is_trial":false,"path_per_floor":["M","$","M","M","?","E","M","M","T","?"],"character_chosen":"IRONCLAD","items_purchased":["Spot Weakness"],"campfire_rested":0,"item_purchase_floors":[2],"current_hp_per_floor":[70,70,70,70,70,15,21,11,11,11,0],"gold":101,"neow_bonus":"REMOVE_TWO","is_prod":false,"is_daily":false,"chose_seed":false,"campfire_upgraded":0,"win_rate":0,"timestamp":1530218115,"path_taken":["M","$","M","M","?","E","M","?","T","?","M"],"build_version":"2018-06-21v2","purchased_purges":0,"victory":false,"max_hp_per_floor":[72,72,72,72,72,72,72,72,72,72,72],"card_choices":[{"not_picked":["Havoc","Headbutt"],"picked":"Whirlwind","floor":1},{"not_picked":["Rage","Thunderclap"],"picked":"Searing Blow","floor":3},{"not_picked":["Power Through","Perfected Strike","Pommel Strike"],"picked":"SKIP","floor":4},{"not_picked":["Berserk","Havoc"],"picked":"Carnage","floor":6},{"not_picked":["Pommel Strike","Feel No Pain","Fire Breathing"],"picked":"SKIP","floor":7},{"not_picked":["Shrug It Off","Clash","Combust"],"picked":"SKIP","floor":8}],"player_experience":825878,"relics_obtained":[{"floor":6,"key":"Letter Opener"},{"floor":9,"key":"Toxic Egg 2"}],"event_choices":[{"event_name":"The Lab","player_choice":"Got Potions","floor":5,"damage_taken":0},{"event_name":"World of Goop","player_choice":"Left","floor":10,"damage_taken":0}],"boss_relics":[],"items_purged_floors":[],"is_endless":false,"potions_floor_spawned":[4],"killed_by":"Large Slime","ascension_level":4}