{"path_per_floor":["M","M","$","M","M","R","E","R","T","M","M","?","M","M","R","B",null,"M","T","?","M","M","R","?","R","T","$","R","M","M","?","R"],"character_chosen":"THE_SILENT","items_purchased":["Caltrops","Boot"],"gold_per_floor":[114,127,18,34,44,44,73,73,73,87,106,106,119,129,129,234,234,244,244,244,259,279,279,194,194,243,0,0,11,26,26,26,26],"floor_reached":33,"campfire_rested":7,"playtime":1976,"item_purchase_floors":[3,27],"current_hp_per_floor":[63,56,56,50,42,60,36,54,54,34,33,54,54,52,63,52,63,49,49,49,37,25,45,45,65,65,65,68,68,56,56,68,0],"items_purged":["Strike_G","Strike_G"],"gold":26,"score":276,"play_id":"bad73bce-6c51-4c12-91a4-9c311a3acd9c","local_time":"20180615141634","is_prod":false,"is_daily":false,"chose_seed":false,"is_ascension_mode":true,"campfire_upgraded":0,"win_rate":0,"timestamp":1529086594,"campfire_choices":[{"floor":6,"key":"REST"},{"floor":8,"key":"REST"},{"floor":15,"key":"REST"},{"floor":23,"key":"REST"},{"floor":25,"key":"REST"},{"floor":28,"key":"REST"},{"floor":32,"key":"REST"}],"path_taken":["M","M","$","M","M","R","E","R","T","M","?","?","?","M","R","BOSS","M","?","?","M","M","R","?","R","T","$","R","M","?","?","R","BOSS"],"build_version":"2018-06-14v2","seed_source_timestamp":123970102202342,"purchased_purges":2,"victory":false,"master_deck":["Defend_G","Defend_G","Defend_G","Defend_G","Defend_G","Strike_G","Strike_G","Strike_G","Survivor","Neutralize","Storm of Steel","All Out Attack","Infinite Blades","Caltrops","Cloak And Dagger","Dagger Throw","Leg Sweep","Accuracy","Dagger Spray","Acrobatics","Underhanded Strike","Adrenaline","Crippling Poison","Catalyst","Poisoned Stab","Terror","Neutralize"],"max_hp_per_floor":[63,63,63,63,63,63,63,63,63,63,63,63,63,63,63,63,63,63,63,63,63,68,68,68,68,68,68,68,68,68,68,68,68],"relics":["Ring of the Snake","Pantograph","Mummified Hand","Fusion Hammer","Sundial","Blood Vial","Ancient Tea Set","Boot"],"card_choices":[{"not_picked":["Phantasmal Killer","Unload"],"picked":"Storm of Steel","floor":0},{"not_picked":["Catalyst","Riddle With Holes"],"picked":"All Out Attack","floor":1},{"not_picked":["Backstab","Prepared"],"picked":"Infinite Blades","floor":2},{"not_picked":["Backflip","Deflect"],"picked":"Cloak And Dagger","floor":4},{"not_picked":["Quick Slash","Dodge and Roll"],"picked":"Dagger Throw","floor":5},{"not_picked":["Distraction","Venomology"],"picked":"Leg Sweep","floor":7},{"not_picked":["Finisher","Dodge and Roll"],"picked":"Accuracy","floor":10},{"not_picked":["Quick Slash","Poisoned Stab"],"picked":"Dagger Spray","floor":11},{"not_picked":["Sucker Punch","Outmaneuver"],"picked":"Acrobatics","floor":13},{"not_picked":["Choke","Deadly Poison"],"picked":"Underhanded Strike","floor":14},{"not_picked":["Bullet Time","Night Terror"],"picked":"Adrenaline","floor":16},{"not_picked":["Underhanded Strike","Heel Hook"],"picked":"Crippling Poison","floor":18},{"not_picked":["Deadly Poison","Setup"],"picked":"Catalyst","floor":21},{"not_picked":["Calculated Gamble+1","Well Laid Plans+1"],"picked":"Poisoned Stab","floor":22},{"not_picked":["Riddle With Holes+1","Outmaneuver"],"picked":"Terror","floor":29},{"not_picked":["Quick Slash","Sucker Punch+1","Poisoned Stab"],"picked":"SKIP","floor":30}],"player_experience":583210,"potions_floor_usage":[10,16,16,22,22,33],"damage_taken":[{"damage":0,"enemies":"Cultist","floor":1,"turns":4},{"damage":7,"enemies":"Small Slimes","floor":2,"turns":3},{"damage":6,"enemies":"2 Louse","floor":4,"turns":2},{"damage":8,"enemies":"Blue Slaver","floor":5,"turns":3},{"damage":24,"enemies":"3 Sentries","floor":7,"turns":7},{"damage":20,"enemies":"Lots of Slimes","floor":10,"turns":2},{"damage":1,"enemies":"Red Slaver","floor":11,"turns":5},{"damage":0,"enemies":"2 Fungi Beasts","floor":13,"turns":3},{"damage":2,"enemies":"3 Louse","floor":14,"turns":5},{"damage":11,"enemies":"The Guardian","floor":16,"turns":11},{"damage":14,"enemies":"2 Thieves","floor":18,"turns":4},{"damage":12,"enemies":"Shell Parasite","floor":21,"turns":6},{"damage":17,"enemies":"3 Cultists","floor":22,"turns":4},{"damage":0,"enemies":"Centurion and Healer","floor":29,"turns":6},{"damage":12,"enemies":"Chosen and Byrds","floor":30,"turns":6},{"damage":71,"enemies":"Collector","floor":33,"turns":7}],"relics_obtained":[{"floor":7,"key":"Pantograph"},{"floor":9,"key":"Mummified Hand"},{"floor":19,"key":"Sundial"},{"floor":26,"key":"Ancient Tea Set"}],"event_choices":[{"event_name":"Big Fish","player_choice":"Banana","floor":12,"damage_taken":0},{"event_name":"Drug Dealer","player_choice":"Ignored","floor":20,"damage_taken":0},{"event_name":"Addict","player_choice":"Obtained Relic","floor":24,"damage_taken":0},{"event_name":"Match and Keep!","player_choice":"1 cards matched","floor":31,"damage_taken":0}],"boss_relics":[{"not_picked":["Orrery","Tiny House"],"picked":"Fusion Hammer"}],"items_purged_floors":[3,27],"is_endless":false,"potions_floor_spawned":[1,7,11,16,21,29],"seed_played":"-2600341342988735654","killed_by":"Collector","ascension_level":2,"potions_obtained":[{"floor":1,"key":"LiquidBronze"},{"floor":7,"key":"LiquidBronze"},{"floor":11,"key":"Block Potion"},{"floor":16,"key":"LiquidBronze"},{"floor":21,"key":"Fruit Juice"},{"floor":29,"key":"EssenceOfSteel"}],"is_trial":false}