{"gold_per_floor":[116,191,203,48,63,63,92,92,92,110,121,121,121,137,137,232,232,247,247,247,15,33,33,33,43,43,43,53,53,70,101,101,206,206,220,0,19,33,43,43,55,55,55,86,86,97,97,124,124,124,124,124,46,81,81],"floor_reached":55,"playtime":7650,"items_purged":["Strike_G"],"score":699,"play_id":"65e7773b-722a-4a5a-975f-1a23a4f2f280","local_time":"20190113231902","is_ascension_mode":false,"campfire_choices":[{"data":"Noxious Fumes","floor":6,"key":"SMITH"},{"floor":8,"key":"REST"},{"data":"Neutralize","floor":13,"key":"SMITH"},{"data":"Caltrops","floor":15,"key":"SMITH"},{"floor":23,"key":"RECALL"},{"floor":27,"key":"REST"},{"floor":29,"key":"REST"},{"floor":32,"key":"REST"},{"floor":40,"key":"REST"},{"floor":42,"key":"REST"},{"floor":45,"key":"REST"},{"floor":49,"key":"REST"},{"floor":52,"key":"REST"}],"neow_cost":"NONE","seed_source_timestamp":91134807260276,"circlet_count":0,"master_deck":["Defend_G","Defend_G","Defend_G","Defend_G","Defend_G","Strike_G","Strike_G","Strike_G","Strike_G","Survivor","Neutralize+1","Caltrops+1","PiercingWail","Noxious Fumes+1","Well Laid Plans","Catalyst+1","Footwork","Malaise","Acrobatics","Crippling Poison","Well Laid Plans","Caltrops","Adrenaline","PiercingWail+1","Acrobatics+1","Adrenaline","Leg Sweep+1","Noxious Fumes+1"],"relics":["Ring of the Snake","NeowsBlessing","Calipers","Kunai","Fusion Hammer","TwistedFunnel","Omamori","Lantern","Black Star","Red Mask","Letter Opener","Gambling Chip","Snake Skull","Orichalcum","Art of War","StoneCalendar","Mercury Hourglass"],"potions_floor_usage":[39,41,41,44,48,48,50,54,55,55],"damage_taken":[{"damage":0,"enemies":"Jaw Worm","floor":1,"turns":1},{"damage":0,"enemies":"Cultist","floor":3,"turns":1},{"damage":0,"enemies":"Small Slimes","floor":5,"turns":1},{"damage":29,"enemies":"Lagavulin","floor":7,"turns":10},{"damage":0,"enemies":"3 Louse","floor":10,"turns":3},{"damage":6,"enemies":"Blue Slaver","floor":11,"turns":4},{"damage":7,"enemies":"2 Fungi Beasts","floor":14,"turns":4},{"damage":19,"enemies":"The Guardian","floor":16,"turns":9},{"damage":2,"enemies":"Spheric Guardian","floor":18,"turns":6},{"damage":18,"enemies":"3 Byrds","floor":22,"turns":4},{"damage":18,"enemies":"3 Cultists","floor":25,"turns":4},{"damage":6,"enemies":"Centurion and Healer","floor":28,"turns":6},{"damage":4,"enemies":"Snecko","floor":30,"turns":5},{"damage":20,"enemies":"Book of Stabbing","floor":31,"turns":6},{"damage":20,"enemies":"Champ","floor":33,"turns":19},{"damage":10,"enemies":"Orb Walker","floor":35,"turns":5},{"damage":2,"enemies":"3 Shapes","floor":37,"turns":5},{"damage":7,"enemies":"Jaw Worm Horde","floor":38,"turns":4},{"damage":21,"enemies":"Writhing Mass","floor":39,"turns":6},{"damage":38,"enemies":"Spire Growth","floor":41,"turns":6},{"damage":19,"enemies":"Nemesis","floor":44,"turns":11},{"damage":2,"enemies":"4 Shapes","floor":46,"turns":4},{"damage":24,"enemies":"Reptomancer","floor":48,"turns":7},{"damage":9,"enemies":"Time Eater","floor":50,"turns":15},{"damage":18,"enemies":"Shield and Spear","floor":54,"turns":7},{"damage":60,"enemies":"The Heart","floor":55,"turns":8}],"seed_played":"7326931503447191277","potions_obtained":[{"floor":1,"key":"EssenceOfSteel"},{"floor":3,"key":"Ancient Potion"},{"floor":14,"key":"EntropicBrew"},{"floor":44,"key":"Poison Potion"},{"floor":48,"key":"Energy Potion"},{"floor":54,"key":"LiquidBronze"}],"is_trial":false,"path_per_floor":["M","?","M","$","M","R","E","R","T","M","M","?","R","M","R","B",null,"M","?","?","$","M","R","T","M","T","R","M","R","M","E","R","B",null,"M","?","M","M","M","R","M","R","T","E","R","M","?","E","R","B",null,"R","$","E","B"],"character_chosen":"THE_SILENT","items_purchased":["Noxious Fumes","TwistedFunnel","Well Laid Plans","GhostInAJar"],"campfire_rested":9,"item_purchase_floors":[4,21,21,53],"current_hp_per_floor":[70,59,59,59,59,59,30,51,51,51,45,45,45,38,38,19,70,68,68,68,68,50,50,50,32,32,53,47,68,64,44,65,45,70,60,60,58,51,30,51,13,34,34,15,36,34,34,10,31,22,70,70,70,52,0],"gold":81,"neow_bonus":"THREE_ENEMY_KILL","is_prod":false,"is_daily":false,"chose_seed":false,"campfire_upgraded":3,"win_rate":0,"timestamp":1547383742,"path_taken":["M","?","M","$","M","R","E","R","T","M","M","?","R","?","R","BOSS","M","?","?","?","M","R","?","M","T","R","?","R","M","E","R","BOSS","M","?","M","M","M","R","M","R","T","E","R","M","?","E","R","BOSS","R","$","E","BOSS"],"build_version":"2019-01-10","purchased_purges":1,"victory":false,"max_hp_per_floor":[70,70,70,70,70,70,70,70,70,70,70,70,70,70,70,70,70,70,70,70,70,70,70,70,70,70,70,70,70,70,70,70,70,70,70,70,70,70,70,70,70,70,70,70,70,70,70,70,70,70,70,70,70,70,70],"card_choices":[{"not_picked":["Escape Plan","Blade Dance"],"picked":"Caltrops","floor":1},{"not_picked":["Flying Knee","Acrobatics"],"picked":"PiercingWail","floor":3},{"not_picked":["Heel Hook","Slice","Outmaneuver"],"picked":"SKIP","floor":5},{"not_picked":["Bane","Infinite Blades"],"picked":"Well Laid Plans","floor":7},{"not_picked":["Crippling Poison","Terror"],"picked":"Catalyst","floor":10},{"not_picked":["Blade Dance","Underhanded Strike","Finisher"],"picked":"SKIP","floor":11},{"not_picked":["Underhanded Strike","Distraction"],"picked":"Footwork","floor":14},{"not_picked":["Venomology","Doppelganger"],"picked":"Malaise","floor":16},{"not_picked":["Dash","Setup"],"picked":"Acrobatics","floor":18},{"not_picked":["Dodge and Roll","Backflip"],"picked":"Caltrops","floor":22},{"not_picked":["Sucker Punch","Underhanded Strike","Finisher"],"picked":"SKIP","floor":25},{"not_picked":["Outmaneuver","Prepared","Underhanded Strike+1"],"picked":"SKIP","floor":28},{"not_picked":["Dash","Slice+1","Sucker Punch"],"picked":"SKIP","floor":30},{"not_picked":["Tactician+1","Bane","Slice"],"picked":"SKIP","floor":31},{"not_picked":["Glass Knife","Night Terror"],"picked":"Adrenaline","floor":33},{"not_picked":["Calculated Gamble+1","Deflect","Quick Slash"],"picked":"SKIP","floor":35},{"not_picked":["Acrobatics+1","Slice"],"picked":"PiercingWail+1","floor":37},{"not_picked":["Sucker Punch+1","Accuracy+1"],"picked":"Acrobatics+1","floor":38},{"not_picked":["Bane","Eviscerate+1","Accuracy"],"picked":"SKIP","floor":39},{"not_picked":["Finisher","Cloak And Dagger+1","Dagger Spray+1"],"picked":"SKIP","floor":41},{"not_picked":["Quick Slash","Acrobatics","Endless Agony+1"],"picked":"SKIP","floor":44},{"not_picked":["Deflect+1","Crippling Poison"],"picked":"Adrenaline","floor":46},{"not_picked":["Finisher+1","Dash"],"picked":"Leg Sweep+1","floor":48},{"not_picked":["Blade Dance+1","Choke"],"picked":"Noxious Fumes+1","floor":54}],"player_experience":427812,"relics_obtained":[{"floor":7,"key":"Calipers"},{"floor":9,"key":"Kunai"},{"floor":26,"key":"Omamori"},{"floor":31,"key":"Lantern"},{"floor":43,"key":"Letter Opener"},{"floor":44,"key":"Gambling Chip"},{"floor":44,"key":"Snake Skull"},{"floor":48,"key":"Orichalcum"},{"floor":48,"key":"Art of War"},{"floor":54,"key":"StoneCalendar"},{"floor":54,"key":"Mercury Hourglass"}],"event_choices":[{"damage_healed":0,"gold_gain":75,"player_choice":"Gather Gold","damage_taken":11,"max_hp_gain":0,"max_hp_loss":0,"event_name":"World of Goop","floor":2,"gold_loss":0},{"damage_healed":0,"gold_gain":0,"player_choice":"Upgraded","damage_taken":0,"max_hp_gain":0,"max_hp_loss":0,"event_name":"Upgrade Shrine","floor":12,"gold_loss":0,"cards_upgraded":["Catalyst"]},{"damage_healed":0,"gold_gain":0,"player_choice":"Ignored","damage_taken":0,"max_hp_gain":0,"max_hp_loss":0,"event_name":"Ghosts","floor":19,"gold_loss":0},{"damage_healed":0,"gold_gain":0,"player_choice":"Read","damage_taken":0,"max_hp_gain":0,"max_hp_loss":0,"event_name":"The Library","floor":20,"gold_loss":0,"cards_obtained":["Crippling Poison"]},{"damage_healed":0,"gold_gain":0,"player_choice":"Paid","damage_taken":0,"relics_obtained":["Red Mask"],"max_hp_gain":0,"max_hp_loss":0,"event_name":"Tomb of Lord Red Mask","floor":36,"gold_loss":220},{"damage_healed":0,"gold_gain":0,"player_choice":"Memory 1","damage_taken":0,"max_hp_gain":0,"max_hp_loss":0,"event_name":"SensoryStone","floor":47,"gold_loss":0}],"is_beta":false,"boss_relics":[{"not_picked":["Eternal Feather","Sozu"],"picked":"Fusion Hammer"},{"not_picked":["Orrery","Empty Cage"],"picked":"Black Star"}],"items_purged_floors":[4],"is_endless":false,"potions_floor_spawned":[1,3,14,16,18,25,33,35,38,44,48,54],"killed_by":"The Heart","ascension_level":0}