{"gold_per_floor":[114,128,142,217,227,227,255,12,12,12,28,43,43,55,55,157,157,171,190,40,53,71,71,88,102,102,117,117,117],"floor_reached":29,"playtime":1832,"items_purged":[],"score":291,"play_id":"ba61333d-69b4-4f8e-a873-c76966a2d878","local_time":"20180706155538","is_ascension_mode":true,"campfire_choices":[{"floor":6,"key":"REST"},{"floor":15,"key":"REST"},{"floor":23,"key":"REST"}],"neow_cost":"NONE","seed_source_timestamp":239716978400964,"circlet_count":0,"master_deck":["Defend_G+1","Defend_G+1","Defend_G+1","Defend_G+1","Defend_G+1","Strike_G+1","Strike_G+1","Strike_G+1","Strike_G+1","Strike_G+1","Survivor","Neutralize","Choke","Poisoned Stab","Cloak And Dagger","Poisoned Stab","Footwork","Infinite Blades","Apotheosis","Noxious Fumes","Cloak And Dagger","Parasite","Backflip","After Image","Caltrops","Caltrops","Accuracy","Backflip+1","Dagger Spray","Well Laid Plans"],"relics":["Ring of the Snake","Ancient Tea Set","Kunai","Calipers","Tingsha","Sozu","Snake Skull","Ninja Scroll"],"potions_floor_usage":[7,7,16],"damage_taken":[{"damage":7,"enemies":"2 Louse","floor":1,"turns":3},{"damage":4,"enemies":"Jaw Worm","floor":2,"turns":3},{"damage":0,"enemies":"Cultist","floor":3,"turns":3},{"damage":0,"enemies":"Large Slime","floor":5,"turns":5},{"damage":16,"enemies":"Lagavulin","floor":7,"turns":5},{"damage":13,"enemies":"Exordium Wildlife","floor":11,"turns":5},{"damage":14,"enemies":"Blue Slaver","floor":12,"turns":4},{"damage":6,"enemies":"3 Louse","floor":14,"turns":3},{"damage":20,"enemies":"The Guardian","floor":16,"turns":10},{"damage":5,"enemies":"3 Byrds","floor":18,"turns":6},{"damage":2,"enemies":"Shell Parasite","floor":19,"turns":7},{"damage":21,"enemies":"Cultist and Chosen","floor":21,"turns":6},{"damage":5,"enemies":"Centurion and Healer","floor":22,"turns":6},{"damage":8,"enemies":"Snecko","floor":24,"turns":5},{"damage":19,"enemies":"Snake Plant","floor":25,"turns":5},{"damage":9,"enemies":"Centurion and Healer","floor":27,"turns":6},{"damage":11,"enemies":"Snecko","floor":29,"turns":3}],"seed_played":"817737865414494112","potions_obtained":[{"floor":3,"key":"SteroidPotion"},{"floor":5,"key":"SkillPotion"},{"floor":12,"key":"LiquidBronze"},{"floor":14,"key":"SpeedPotion"}],"is_trial":false,"path_per_floor":["M","M","M","?","M","R","E","$","T","?","M","M","?","M","R","B",null,"M","M","$","M","M","R","M","M","T","M","?"],"character_chosen":"THE_SILENT","items_purchased":["Infinite Blades","Apotheosis","Snake Skull"],"campfire_rested":3,"item_purchase_floors":[8,8,20],"current_hp_per_floor":[63,59,59,48,48,69,53,53,53,41,28,14,31,25,46,26,59,54,52,52,31,26,47,39,20,20,11,11,0],"gold":117,"neow_bonus":"RANDOM_COMMON_RELIC","is_prod":false,"is_daily":false,"chose_seed":false,"campfire_upgraded":0,"win_rate":0,"timestamp":1530906938,"path_taken":["M","M","M","?","M","R","E","$","T","?","M","M","?","?","R","BOSS","M","?","$","M","M","R","?","M","T","?","?","?"],"build_version":"2018-07-05","purchased_purges":0,"victory":false,"max_hp_per_floor":[70,70,70,70,70,70,70,70,70,70,70,70,70,70,70,70,70,70,70,70,70,70,70,70,70,70,70,70,70],"card_choices":[{"not_picked":["Slice","Expertise"],"picked":"Choke","floor":1},{"not_picked":["Bane","Eviscerate"],"picked":"Poisoned Stab","floor":2},{"not_picked":["Acrobatics","Dodge and Roll"],"picked":"Cloak And Dagger","floor":3},{"not_picked":["Unload","Dagger Spray"],"picked":"Poisoned Stab","floor":5},{"not_picked":["Deadly Poison","Cloak And Dagger"],"picked":"Footwork","floor":7},{"not_picked":["Dagger Throw","Acrobatics"],"picked":"Noxious Fumes","floor":11},{"not_picked":["Dagger Throw","Acrobatics"],"picked":"Cloak And Dagger","floor":12},{"not_picked":["Skewer","Escape Plan"],"picked":"Backflip","floor":14},{"not_picked":["Unload","A Thousand Cuts"],"picked":"After Image","floor":16},{"not_picked":["Masterful Stab","Heel Hook+1","Underhanded Strike+1"],"picked":"SKIP","floor":18},{"not_picked":["Choke","Underhanded Strike"],"picked":"Caltrops","floor":19},{"not_picked":["Setup","Dagger Spray"],"picked":"Caltrops","floor":21},{"not_picked":["Backflip","Backstab"],"picked":"Accuracy","floor":22},{"not_picked":["Glass Knife","Dagger Throw"],"picked":"Backflip+1","floor":24},{"not_picked":["Dagger Throw","Acrobatics"],"picked":"Dagger Spray","floor":25},{"not_picked":["Prepared","Calculated Gamble+1"],"picked":"Well Laid Plans","floor":27}],"player_experience":977221,"relics_obtained":[{"floor":7,"key":"Kunai"},{"floor":9,"key":"Calipers"},{"floor":26,"key":"Ninja Scroll"}],"event_choices":[{"event_name":"World of Goop","player_choice":"Gather Gold","floor":4,"damage_taken":0},{"event_name":"Scrap Ooze","player_choice":"success","floor":10,"damage_taken":12},{"event_name":"Mushrooms","player_choice":"Healed and dodged fight","floor":13,"damage_taken":0},{"event_name":"Back to Basics","player_choice":"Simplicity","floor":28,"damage_taken":0}],"boss_relics":[{"not_picked":["Astrolabe","Ectoplasm"],"picked":"Sozu"}],"items_purged_floors":[],"is_endless":false,"potions_floor_spawned":[3,5,12,14,18,24,27],"killed_by":"Snecko","ascension_level":5}