{"gold_per_floor":[116,134,134,13,13,13,27,39,109,27,47,47,57,77,77,179,179,197,197,197,207,223,223,20,20,88,104,154,154,171,188,188,188],"floor_reached":33,"playtime":2182,"items_purged":["Strike_R"],"score":289,"play_id":"b6b985be-799a-45c2-8252-fac916afd967","local_time":"20180629124236","is_ascension_mode":true,"campfire_choices":[{"floor":6,"key":"REST"},{"data":"Demon Form","floor":12,"key":"SMITH"},{"data":"Armaments","floor":15,"key":"SMITH"},{"floor":23,"key":"REST"},{"floor":25,"key":"REST"},{"floor":29,"key":"REST"},{"floor":32,"key":"REST"}],"neow_cost":"FIFTY_PERCENT_DAMAGE","seed_source_timestamp":405429962145099,"circlet_count":0,"master_deck":["Strike_R","Strike_R","Strike_R","Strike_R","Defend_R+1","Defend_R","Defend_R+1","Bash","Clash","Disarm","Flex","Clash","Demon Form+1","Inflame","Heavy Blade","Armaments+1","Thunderclap","Limit Break","Flame Barrier","Cleave","Shrug It Off","Feed"],"relics":["Burning Blood","Red Skull","War Paint","Mercury Hourglass","Runic Pyramid","Vajra","Gremlin Horn"],"potions_floor_usage":[16,16,21,21,27,33],"damage_taken":[{"damage":7,"enemies":"2 Louse","floor":1,"turns":3},{"damage":2,"enemies":"Jaw Worm","floor":2,"turns":3},{"damage":0,"enemies":"Cultist","floor":7,"turns":3},{"damage":0,"enemies":"2 Fungi Beasts","floor":8,"turns":3},{"damage":6,"enemies":"Exordium Thugs","floor":11,"turns":4},{"damage":0,"enemies":"3 Louse","floor":13,"turns":2},{"damage":7,"enemies":"Red Slaver","floor":14,"turns":3},{"damage":34,"enemies":"Hexaghost","floor":16,"turns":8},{"damage":22,"enemies":"Spheric Guardian","floor":18,"turns":4},{"damage":35,"enemies":"2 Thieves","floor":21,"turns":3},{"damage":24,"enemies":"Snake Plant","floor":22,"turns":2},{"damage":32,"enemies":"Centurion and Healer","floor":27,"turns":5},{"damage":35,"enemies":"Cultist and Chosen","floor":30,"turns":5},{"damage":11,"enemies":"Snecko","floor":31,"turns":4},{"damage":61,"enemies":"Collector","floor":33,"turns":6}],"seed_played":"6635784639506620991","potions_obtained":[{"floor":2,"key":"FearPotion"},{"floor":8,"key":"Block Potion"},{"floor":14,"key":"Dexterity Potion"},{"floor":16,"key":"SkillPotion"},{"floor":22,"key":"Explosive Potion"},{"floor":30,"key":"SmokeBomb"},{"floor":31,"key":"LiquidBronze"}],"is_trial":false,"path_per_floor":["M","M","?","$","?","R","M","M","T","$","M","R","M","M","R","B",null,"M","?","?","M","M","R","$","R","T","M","?","R","M","M","R"],"character_chosen":"IRONCLAD","items_purchased":["Flex","Inflame","Vajra","Shrug It Off"],"campfire_rested":5,"item_purchase_floors":[4,10,24,24],"current_hp_per_floor":[39,43,36,36,36,60,66,72,72,72,72,72,78,77,77,49,80,64,64,64,35,17,41,41,65,65,39,39,63,34,29,53,0],"gold":188,"neow_bonus":"ONE_RARE_RELIC","is_prod":false,"is_daily":false,"chose_seed":false,"campfire_upgraded":2,"win_rate":0,"timestamp":1530290556,"path_taken":["M","M","?","$","?","R","M","M","T","$","M","R","?","M","R","BOSS","M","?","?","M","M","R","$","R","T","?","?","R","M","M","R","BOSS"],"build_version":"2018-06-28","purchased_purges":1,"victory":false,"max_hp_per_floor":[80,80,80,80,80,80,80,80,80,80,80,80,80,80,80,80,80,80,80,80,80,80,80,80,80,80,80,80,80,80,80,80,80],"card_choices":[{"not_picked":["Anger","Intimidate"],"picked":"Clash","floor":1},{"not_picked":["Body Slam","Twin Strike"],"picked":"Disarm","floor":2},{"not_picked":["Warcry","Sentinel"],"picked":"Clash","floor":7},{"not_picked":["Rage","Havoc"],"picked":"Demon Form","floor":8},{"not_picked":["True Grit","Pommel Strike"],"picked":"Heavy Blade","floor":11},{"not_picked":["Fiend Fire","Sentinel"],"picked":"Armaments","floor":13},{"not_picked":["Clothesline","Twin Strike"],"picked":"Thunderclap","floor":14},{"not_picked":["Dark Embrace","Feed"],"picked":"Limit Break","floor":16},{"not_picked":["Burning Pact","Second Wind"],"picked":"Flame Barrier","floor":18},{"not_picked":["Headbutt","Rupture"],"picked":"Cleave","floor":21},{"not_picked":["Clothesline","Headbutt","Clash+1"],"picked":"SKIP","floor":22},{"not_picked":["Body Slam","Havoc","Clothesline+1"],"picked":"SKIP","floor":27},{"not_picked":["True Grit","Body Slam"],"picked":"Feed","floor":30},{"not_picked":["Seeing Red","Shrug It Off","Pommel Strike"],"picked":"SKIP","floor":31}],"player_experience":853650,"relics_obtained":[{"floor":9,"key":"Mercury Hourglass"},{"floor":26,"key":"Gremlin Horn"}],"event_choices":[{"event_name":"Scrap Ooze","player_choice":"success","floor":3,"damage_taken":7},{"event_name":"Purifier","player_choice":"One Purge","floor":5,"damage_taken":0},{"event_name":"Vampires","player_choice":"Ignored","floor":19,"damage_taken":0},{"event_name":"Ghosts","player_choice":"Ignored","floor":20,"damage_taken":0},{"event_name":"The Joust","player_choice":"Bet on Murderer","floor":28,"damage_taken":0}],"boss_relics":[{"not_picked":["Tiny House","Pandora\u0027s Box"],"picked":"Runic Pyramid"}],"items_purged_floors":[4],"is_endless":false,"potions_floor_spawned":[2,8,14,16,18,22,30,31],"killed_by":"Collector","ascension_level":4}