{"gold_per_floor":[117,133,133,79,79,79,105,105,159,159,193,204,235,235,235,308,308,325,354,367,380,403,403],"floor_reached":23,"playtime":844,"items_purged":[],"score":362,"play_id":"b830cc35-95c6-44fa-b134-7546fcf96086","local_time":"20180715162832","is_ascension_mode":true,"campfire_choices":[{"data":"Neutralize","floor":6,"key":"SMITH"},{"data":"Malaise","floor":8,"key":"SMITH"},{"floor":15,"key":"REST"}],"neow_cost":"","seed_source_timestamp":405517660951703,"circlet_count":0,"master_deck":["Defend_G","Defend_G","Defend_G","Defend_G","Defend_G+1","Strike_G","Strike_G+1","Strike_G","Strike_G","Strike_G","Survivor","Neutralize+1","AscendersBane","Flying Knee","Finisher","Slice","Malaise+1","Leg Sweep","Neutralize","Blur","Blade Dance","Wraith Form v2+1","Dagger Spray","PiercingWail","Glass Knife","Decay"],"relics":["Ring of the Snake","Frozen Egg 2","Blue Candle","Pen Nib","Vajra","Singing Bowl","Cursed Key","Red Mask","Happy Flower"],"potions_floor_usage":[7,16,19,23,23],"damage_taken":[{"damage":1,"enemies":"Small Slimes","floor":1,"turns":4},{"damage":3,"enemies":"Jaw Worm","floor":2,"turns":5},{"damage":17,"enemies":"Gremlin Nob","floor":7,"turns":4},{"damage":5,"enemies":"3 Sentries","floor":11,"turns":9},{"damage":0,"enemies":"Cultist","floor":12,"turns":2},{"damage":10,"enemies":"Lagavulin","floor":13,"turns":10},{"damage":33,"enemies":"Slime Boss","floor":16,"turns":13},{"damage":7,"enemies":"Shell Parasite","floor":18,"turns":8},{"damage":20,"floor":19,"turns":5},{"damage":10,"enemies":"Spheric Guardian","floor":20,"turns":4},{"damage":13,"enemies":"Snecko","floor":21,"turns":8},{"damage":2,"enemies":"Slavers","floor":23,"turns":1}],"seed_played":"-9221568138726394670","potions_obtained":[{"floor":1,"key":"Regen Potion"},{"floor":7,"key":"GhostInAJar"},{"floor":12,"key":"Dexterity Potion"},{"floor":20,"key":"SkillPotion"},{"floor":21,"key":"SkillPotion"}],"is_trial":false,"path_per_floor":["M","M","?","$","T","R","E","R","T","?","E","M","E","?","R","B",null,"M","?","M","M","T"],"character_chosen":"THE_SILENT","items_purchased":["Slice"],"campfire_rested":1,"item_purchase_floors":[4],"current_hp_per_floor":[58,55,35,35,35,35,30,30,30,30,25,25,15,15,34,1,50,45,25,15,2,2,0],"gold":403,"neow_bonus":"","is_prod":false,"is_daily":false,"chose_seed":false,"campfire_upgraded":2,"win_rate":0,"timestamp":1531664912,"path_taken":["M","M","?","$","?","R","E","R","T","?","E","M","E","?","R","BOSS","M","?","?","?","?","E"],"build_version":"2018-07-12","purchased_purges":0,"victory":false,"max_hp_per_floor":[66,66,66,66,66,66,66,66,66,66,66,66,66,66,66,66,66,68,68,68,68,68,68],"card_choices":[{"not_picked":["Reflex","Dodge and Roll"],"picked":"Flying Knee","floor":1},{"not_picked":["Acrobatics","Flying Knee"],"picked":"Finisher","floor":2},{"not_picked":["Expertise","Dagger Throw"],"picked":"Malaise","floor":7},{"not_picked":["Outmaneuver","Poisoned Stab","Eviscerate"],"picked":"SKIP","floor":11},{"not_picked":["Backflip","Underhanded Strike"],"picked":"Blur","floor":12},{"not_picked":["Eviscerate","Finisher"],"picked":"Blade Dance","floor":13},{"not_picked":["Phantasmal Killer","Tools of the Trade+1"],"picked":"Wraith Form v2+1","floor":16},{"not_picked":["Acrobatics","Deadly Poison","Bouncing Flask"],"picked":"Singing Bowl","floor":18},{"not_picked":["Deadly Poison","Dodge and Roll"],"picked":"Dagger Spray","floor":19},{"not_picked":["Poisoned Stab","Deflect"],"picked":"PiercingWail","floor":20},{"not_picked":["Reflex","Poisoned Stab"],"picked":"Glass Knife","floor":21}],"player_experience":1041146,"relics_obtained":[{"floor":5,"key":"Frozen Egg 2"},{"floor":7,"key":"Blue Candle"},{"floor":9,"key":"Pen Nib"},{"floor":11,"key":"Vajra"},{"floor":13,"key":"Singing Bowl"},{"floor":19,"key":"Red Mask"},{"floor":22,"key":"Happy Flower"}],"event_choices":[{"event_name":"Shining Light","player_choice":"Entered Light","floor":3,"damage_taken":0},{"event_name":"Match and Keep!","player_choice":"2 cards matched","floor":10,"damage_taken":0},{"event_name":"Dead Adventurer","player_choice":"Searched \u00270\u0027 times","floor":14,"damage_taken":0},{"event_name":"Masked Bandits","player_choice":"Fought over 325 gold","floor":19,"damage_taken":0}],"boss_relics":[{"not_picked":["Orrery","Coffee Dripper"],"picked":"Cursed Key"}],"items_purged_floors":[],"is_endless":false,"potions_floor_spawned":[1,7,12,20,21],"killed_by":"Slavers","ascension_level":15}