{"gold_per_floor":[119,119,119,137,137,163,182,199,224,239,23,23,23,40,40,119,119,134,163,163,179,190,190,219,235,235,235,235,247,273,273,273,273],"floor_reached":33,"playtime":1486,"items_purged":[],"score":584,"play_id":"1351ddd2-dc73-49a7-9491-6d78c2d616d6","local_time":"20190209203940","is_ascension_mode":true,"campfire_choices":[{"floor":12,"key":"REST"},{"data":"Buffer","floor":15,"key":"SMITH"},{"floor":23,"key":"REST"},{"floor":28,"key":"REST"},{"data":"Static Discharge","floor":32,"key":"SMITH"}],"neow_cost":"NONE","seed_source_timestamp":540655510893938,"circlet_count":0,"master_deck":["AscendersBane","Strike_B","Strike_B","Strike_B","Defend_B","Defend_B","Defend_B","Defend_B","Zap","Dualcast","Cold Snap","White Noise","Seek","FTL","Loop","Buffer+1","Coolheaded","Conserve Battery","Core Surge","Ball Lightning","Coolheaded","Static Discharge+1","Cold Snap","Sunder","Glacier"],"relics":["Cracked Core","Bag of Marbles","Orichalcum","Vajra","PreservedInsect","Sozu","Red Mask","Nloth\u0027s Gift","Sundial","Pantograph","Dream Catcher","MutagenicStrength"],"potions_floor_usage":[8,16,18,19],"damage_taken":[{"damage":0,"enemies":"Small Slimes","floor":1,"turns":1},{"damage":0,"enemies":"2 Louse","floor":4,"turns":1},{"damage":0,"enemies":"Gremlin Nob","floor":6,"turns":1},{"damage":7,"enemies":"Jaw Worm","floor":7,"turns":3},{"damage":7,"enemies":"Exordium Thugs","floor":8,"turns":2},{"damage":3,"enemies":"Looter","floor":10,"turns":2},{"damage":8,"enemies":"Blue Slaver","floor":14,"turns":3},{"damage":19,"enemies":"Hexaghost","floor":16,"turns":14},{"damage":0,"enemies":"Spheric Guardian","floor":18,"turns":6},{"damage":41,"enemies":"Masked Bandits","floor":19,"turns":5},{"damage":7,"enemies":"2 Thieves","floor":21,"turns":4},{"damage":0,"enemies":"Snecko","floor":22,"turns":5},{"damage":10,"enemies":"Slavers","floor":24,"turns":2},{"damage":0,"enemies":"Snake Plant","floor":25,"turns":5},{"damage":4,"enemies":"Centurion and Healer","floor":29,"turns":7},{"damage":98,"enemies":"Automaton","floor":33,"turns":12}],"seed_played":"7903846507985276208","potions_obtained":[{"floor":7,"key":"Explosive Potion"},{"floor":8,"key":"SteroidPotion"},{"floor":10,"key":"PowerPotion"},{"floor":16,"key":"Swift Potion"}],"is_trial":false,"path_per_floor":["M","?","?","M","?","E","M","M","T","M","$","R","$","M","R","B",null,"M","?","?","M","M","R","E","M","T","?","R","M","T","?","R","B"],"character_chosen":"DEFECT","items_purchased":["PreservedInsect","Coolheaded"],"campfire_rested":3,"item_purchase_floors":[11,11],"current_hp_per_floor":[64,57,62,62,57,57,50,43,43,40,40,62,62,54,54,35,66,66,25,25,18,18,40,30,30,30,45,67,63,63,63,63,0],"gold":273,"neow_bonus":"THREE_ENEMY_KILL","is_prod":false,"is_daily":false,"chose_seed":false,"campfire_upgraded":2,"win_rate":0,"timestamp":1549762780,"path_taken":["M","?","?","M","?","E","M","M","T","M","$","R","$","M","R","BOSS","M","?","?","?","M","R","E","M","T","?","R","M","?","?","R","BOSS"],"build_version":"2019-01-23","purchased_purges":0,"victory":false,"max_hp_per_floor":[71,71,76,76,76,76,76,76,76,76,76,76,76,76,76,76,76,76,76,76,76,76,76,76,76,76,76,76,76,76,76,76,76],"card_choices":[{"not_picked":["Go for the Eyes","Skim"],"picked":"Cold Snap","floor":1},{"not_picked":["Recycle","Turbo"],"picked":"White Noise","floor":4},{"not_picked":["Lockon","Genetic Algorithm"],"picked":"Seek","floor":6},{"not_picked":["Rebound","Leap"],"picked":"FTL","floor":7},{"not_picked":["Steam Power","Cold Snap"],"picked":"Loop","floor":8},{"not_picked":["Skim","Rip and Tear"],"picked":"Buffer","floor":10},{"not_picked":["Streamline","Turbo"],"picked":"Conserve Battery","floor":14},{"not_picked":["Rainbow","Meteor Strike"],"picked":"Core Surge","floor":16},{"not_picked":["Steam","Hologram"],"picked":"Ball Lightning","floor":18},{"not_picked":["Darkness","Stack"],"picked":"Coolheaded","floor":19},{"not_picked":["Machine Learning","Streamline"],"picked":"Static Discharge","floor":21},{"not_picked":["Fusion","Barrage"],"picked":"Cold Snap","floor":22},{"not_picked":["Scrape","Cold Snap","Rebound"],"picked":"SKIP","floor":24},{"not_picked":["Redo","Sweeping Beam"],"picked":"Sunder","floor":25},{"not_picked":["Steam Power","Coolheaded"],"picked":"Glacier","floor":29}],"player_experience":2376861,"relics_obtained":[{"floor":6,"key":"Orichalcum"},{"floor":9,"key":"Vajra"},{"floor":19,"key":"Red Mask"},{"floor":24,"key":"Sundial"},{"floor":26,"key":"Pantograph"},{"floor":30,"key":"Dream Catcher"}],"event_choices":[{"cards_removed":["Strike_B"],"damage_healed":0,"gold_gain":0,"player_choice":"Card Removal","damage_taken":7,"max_hp_gain":0,"max_hp_loss":0,"event_name":"Golden Wing","floor":2,"gold_loss":0},{"damage_healed":0,"gold_gain":0,"player_choice":"Donut","damage_taken":0,"max_hp_gain":5,"max_hp_loss":0,"event_name":"Big Fish","floor":3,"gold_loss":0},{"damage_healed":0,"gold_gain":0,"player_choice":"Success","damage_taken":5,"relics_obtained":["Bag of Marbles"],"max_hp_gain":0,"max_hp_loss":0,"event_name":"Scrap Ooze","floor":5,"gold_loss":0},{"damage_healed":0,"gold_gain":0,"player_choice":"Fought Bandits","damage_taken":0,"max_hp_gain":0,"max_hp_loss":0,"event_name":"Masked Bandits","floor":19,"gold_loss":0},{"damage_healed":0,"gold_gain":0,"player_choice":"Traded Relic","damage_taken":0,"relics_obtained":["Nloth\u0027s Gift"],"max_hp_gain":0,"max_hp_loss":0,"event_name":"N\u0027loth","floor":20,"relics_lost":["NeowsBlessing"],"gold_loss":0},{"damage_healed":15,"gold_gain":0,"player_choice":"Heal","damage_taken":0,"max_hp_gain":0,"max_hp_loss":0,"event_name":"The Library","floor":27,"gold_loss":0},{"damage_healed":0,"gold_gain":0,"player_choice":"Inject Mutagens","damage_taken":0,"relics_obtained":["MutagenicStrength"],"max_hp_gain":0,"max_hp_loss":0,"event_name":"Drug Dealer","floor":31,"gold_loss":0}],"is_beta":false,"boss_relics":[{"not_picked":["Runic Pyramid","Pandora\u0027s Box"],"picked":"Sozu"}],"items_purged_floors":[],"is_endless":false,"potions_floor_spawned":[7,8,10,14,16,18,19,22,24,29],"killed_by":"Automaton","ascension_level":20}