{"gold_per_floor":[118,130,130,143,143,175,186,5,31,31,57,72,72,87,87,87],"floor_reached":16,"playtime":806,"items_purged":[],"score":151,"play_id":"ab54640a-02a5-4f3c-8d98-9912f55883a1","local_time":"20180721155352","is_ascension_mode":true,"campfire_choices":[{"data":"Uppercut","floor":10,"key":"SMITH"},{"data":"True Grit","floor":13,"key":"SMITH"},{"floor":15,"key":"REST"}],"neow_cost":"","seed_source_timestamp":642120132152924,"circlet_count":0,"master_deck":["Strike_R","Strike_R","Strike_R","Strike_R","Strike_R","Defend_R","Defend_R","Defend_R","Defend_R","Bash","Uppercut+1","Dropkick","Sentinel","Feel No Pain","Anger","Shrug It Off","True Grit","True Grit+1"],"relics":["Burning Blood","Bag of Marbles","Boot","Bag of Preparation"],"potions_floor_usage":[6,16,16,16],"damage_taken":[{"damage":4,"enemies":"2 Louse","floor":1,"turns":3},{"damage":7,"enemies":"Small Slimes","floor":2,"turns":4},{"damage":0,"enemies":"Cultist","floor":4,"turns":3},{"damage":25,"enemies":"Lagavulin","floor":6,"turns":6},{"damage":7,"enemies":"Blue Slaver","floor":7,"turns":3},{"damage":17,"enemies":"Gremlin Nob","floor":11,"turns":4},{"damage":16,"enemies":"3 Louse","floor":12,"turns":4},{"damage":39,"enemies":"Gremlin Gang","floor":14,"turns":5},{"damage":39,"enemies":"Slime Boss","floor":16,"turns":7}],"seed_played":"-6802167197242413081","potions_obtained":[{"floor":1,"key":"Energy Potion"},{"floor":4,"key":"Poison Potion"},{"floor":7,"key":"Energy Potion"},{"floor":14,"key":"Ancient Potion"}],"is_trial":false,"path_per_floor":["M","M","?","M","?","E","M","$","T","R","E","M","R","M","R"],"character_chosen":"IRONCLAD","items_purchased":["Feel No Pain","Anger","Shrug It Off"],"campfire_rested":1,"item_purchase_floors":[8,8,8],"current_hp_per_floor":[74,73,78,84,84,65,64,64,64,64,53,43,43,10,35,0],"gold":87,"neow_bonus":"","is_prod":false,"is_daily":false,"chose_seed":false,"campfire_upgraded":2,"win_rate":0,"timestamp":1532206432,"path_taken":["M","M","?","M","?","E","M","$","T","R","E","M","R","M","R","BOSS"],"build_version":"2018-07-19","purchased_purges":0,"victory":false,"max_hp_per_floor":[80,80,85,85,85,85,85,85,85,85,85,85,85,85,85,85],"card_choices":[{"not_picked":["Armaments","Clothesline"],"picked":"Uppercut","floor":1},{"not_picked":["Headbutt","Immolate"],"picked":"Dropkick","floor":2},{"not_picked":["Body Slam","Corruption","Warcry"],"picked":"SKIP","floor":4},{"not_picked":["Whirlwind","Rampage"],"picked":"Sentinel","floor":6},{"not_picked":["Evolve","Flex","Fire Breathing"],"picked":"SKIP","floor":7},{"not_picked":["Metallicize","Heavy Blade"],"picked":"True Grit","floor":11},{"not_picked":["Searing Blow","Flame Barrier"],"picked":"True Grit","floor":12},{"not_picked":["Evolve","Juggernaut","Heavy Blade"],"picked":"SKIP","floor":14}],"player_experience":286576,"relics_obtained":[{"floor":6,"key":"Bag of Marbles"},{"floor":9,"key":"Boot"},{"floor":11,"key":"Bag of Preparation"}],"event_choices":[{"event_name":"Big Fish","player_choice":"Donut","floor":3,"damage_taken":0},{"event_name":"Liars Game","player_choice":"disagreed","floor":5,"damage_taken":0}],"is_beta":true,"boss_relics":[],"items_purged_floors":[],"is_endless":false,"potions_floor_spawned":[1,4,7,14],"killed_by":"Slime Boss","ascension_level":7}