{"gold_per_floor":[112,125,50,66,11,11,45,45,45,45,45,89,105,105,105,198,198,223,238,238,48,48,48,48,48,48,69,83,83,0,23,23,23],"floor_reached":33,"playtime":1018,"items_purged":["Strike_B"],"score":497,"play_id":"1c6ad06c-7fd9-4299-8f33-be97ea86b924","local_time":"20190201082727","is_ascension_mode":true,"campfire_choices":[{"data":"Coolheaded","floor":6,"key":"SMITH"},{"floor":11,"key":"REST"},{"floor":15,"key":"REST"},{"floor":23,"key":"REST"},{"floor":25,"key":"REST"},{"floor":32,"key":"REST"}],"neow_cost":"NONE","seed_source_timestamp":676493381669392,"circlet_count":0,"master_deck":["AscendersBane","Defend_B","Defend_B","Defend_B","Defend_B","Zap","Dualcast","Gash","Doom and Gloom","Coolheaded+1","Go for the Eyes","Electrodynamics","Static Discharge","FTL","Thunder Strike","Glacier","Coolheaded","Writhe","Defragment","Defragment","Gash","Beam Cell","Echo Form"],"relics":["Cracked Core","NeowsBlessing","Mercury Hourglass","The Courier","Singing Bowl","Golden Idol","Vajra","Empty Cage","Sundial","Bottled Lightning"],"potions_floor_usage":[12,16,24,28,33,33],"damage_taken":[{"damage":0,"enemies":"Small Slimes","floor":1,"turns":1},{"damage":0,"enemies":"2 Louse","floor":2,"turns":1},{"damage":0,"enemies":"Jaw Worm","floor":4,"turns":1},{"damage":31,"enemies":"Lagavulin","floor":7,"turns":6},{"damage":10,"enemies":"3 Sentries","floor":12,"turns":2},{"damage":6,"enemies":"Large Slime","floor":13,"turns":4},{"damage":35,"enemies":"The Guardian","floor":16,"turns":10},{"damage":30,"enemies":"Shell Parasite","floor":18,"turns":5},{"damage":4,"enemies":"Chosen","floor":19,"turns":5},{"damage":0,"enemies":"Sentry and Sphere","floor":24,"turns":1},{"damage":20,"enemies":"Centurion and Healer","floor":27,"turns":7},{"damage":11,"enemies":"Snecko","floor":28,"turns":5},{"damage":13,"enemies":"Snake Plant","floor":31,"turns":4},{"damage":31,"enemies":"Champ","floor":33,"turns":3}],"seed_played":"5436999081316380847","potions_obtained":[{"floor":4,"key":"SmokeBomb"},{"floor":7,"key":"Explosive Potion"},{"floor":12,"key":"PowerPotion"},{"floor":16,"key":"SkillPotion"},{"floor":27,"key":"AttackPotion"},{"floor":28,"key":"Explosive Potion"}],"is_trial":false,"path_per_floor":["M","M","?","M","$","R","E","?","T","?","R","E","M","?","R","B",null,"M","M","?","$","?","R","M","R","T","M","M","?","?","M","R","B"],"character_chosen":"DEFECT","items_purchased":["Go for the Eyes","Defragment","Defragment"],"campfire_rested":5,"item_purchase_floors":[5,21,21],"current_hp_per_floor":[64,64,64,64,64,64,33,28,28,28,47,37,31,31,50,15,52,22,18,18,18,18,37,37,56,56,36,25,25,25,12,31,0],"gold":23,"neow_bonus":"THREE_ENEMY_KILL","is_prod":false,"is_daily":false,"chose_seed":false,"campfire_upgraded":1,"win_rate":0,"timestamp":1549027647,"path_taken":["M","M","?","M","$","R","E","?","T","?","R","E","M","?","R","BOSS","M","M","?","$","?","R","M","R","T","?","M","?","?","M","R","BOSS"],"build_version":"2019-01-23","purchased_purges":1,"victory":false,"max_hp_per_floor":[71,71,71,71,71,71,71,71,71,64,64,64,64,64,64,64,64,64,64,64,64,64,64,64,64,64,64,64,64,64,64,64,64],"card_choices":[{"not_picked":["Rebound","Compile Driver"],"picked":"Gash","floor":1},{"not_picked":["Conserve Battery","Static Discharge"],"picked":"Doom and Gloom","floor":2},{"not_picked":["Leap","Streamline"],"picked":"Coolheaded","floor":4},{"not_picked":["Auto Shields","Fusion"],"picked":"Electrodynamics","floor":7},{"not_picked":["Stack","Force Field"],"picked":"Static Discharge","floor":12},{"not_picked":["Leap","Barrage"],"picked":"FTL","floor":13},{"not_picked":["All For One","Biased Cognition"],"picked":"Thunder Strike","floor":16},{"not_picked":["Hologram","Ball Lightning"],"picked":"Glacier","floor":18},{"not_picked":["Recycle","Sweeping Beam+1"],"picked":"Coolheaded","floor":19},{"not_picked":["Aggregate","Compile Driver"],"picked":"Gash","floor":27},{"not_picked":["Steam Power","Lockon"],"picked":"Beam Cell","floor":28},{"not_picked":["Streamline","Sweeping Beam"],"picked":"Echo Form","floor":31}],"player_experience":2263785,"relics_obtained":[{"floor":7,"key":"Mercury Hourglass"},{"floor":9,"key":"Singing Bowl"},{"floor":12,"key":"Vajra"},{"floor":26,"key":"Bottled Lightning"}],"event_choices":[{"cards_removed":["Strike_B"],"damage_healed":0,"gold_gain":0,"player_choice":"Card Removal","damage_taken":0,"max_hp_gain":0,"max_hp_loss":0,"event_name":"The Cleric","floor":3,"gold_loss":75},{"damage_healed":0,"gold_gain":0,"player_choice":"Success","damage_taken":5,"relics_obtained":["The Courier"],"max_hp_gain":0,"max_hp_loss":0,"event_name":"Scrap Ooze","floor":8,"gold_loss":0},{"damage_healed":0,"gold_gain":0,"player_choice":"Lose Max HP","damage_taken":0,"relics_obtained":["Golden Idol"],"max_hp_gain":0,"max_hp_loss":7,"event_name":"Golden Idol","floor":10,"gold_loss":0},{"damage_healed":0,"gold_gain":0,"player_choice":"Ignored","damage_taken":0,"max_hp_gain":0,"max_hp_loss":0,"event_name":"Shining Light","floor":14,"gold_loss":0},{"damage_healed":0,"gold_gain":0,"player_choice":"Opened","damage_taken":0,"relics_obtained":["Sundial"],"max_hp_gain":0,"max_hp_loss":0,"event_name":"The Mausoleum","floor":20,"gold_loss":0,"cards_obtained":["Writhe"]},{"damage_healed":0,"gold_gain":0,"player_choice":"Ignored","damage_taken":0,"max_hp_gain":0,"max_hp_loss":0,"event_name":"N\u0027loth","floor":22,"gold_loss":0},{"damage_healed":0,"gold_gain":0,"player_choice":"Ignored","damage_taken":0,"max_hp_gain":0,"max_hp_loss":0,"event_name":"Vampires","floor":29,"gold_loss":0},{"damage_healed":0,"gold_gain":0,"player_choice":"Paid Fearfully","damage_taken":0,"max_hp_gain":0,"max_hp_loss":0,"event_name":"Masked Bandits","floor":30,"gold_loss":83}],"is_beta":false,"boss_relics":[{"not_picked":["Eternal Feather","Busted Crown"],"picked":"Empty Cage"}],"items_purged_floors":[21],"is_endless":false,"potions_floor_spawned":[4,7,12,16,19,27,28],"killed_by":"Champ","ascension_level":19}