{"gold_per_floor":[119,119,129,129,143,143,68,88,88,8,20,20,54,12,12,115,115,132,132,148,148,167,167],"floor_reached":23,"playtime":1700,"items_purged":["Strike_G","Strike_G"],"score":248,"play_id":"5dd81050-352f-46a9-8112-9309b94d7cc4","local_time":"20180706172953","is_ascension_mode":true,"campfire_choices":[{"data":"Bouncing Flask","floor":6,"key":"SMITH"},{"floor":12,"key":"REST"},{"data":"Crippling Poison","floor":15,"key":"SMITH"}],"neow_cost":"","seed_source_timestamp":58476594056796,"circlet_count":0,"master_deck":["Defend_G","Defend_G","Defend_G","Defend_G","Defend_G","Strike_G","Strike_G","Strike_G","Survivor","Neutralize","Cloak And Dagger+1","Dagger Spray","Bouncing Flask+1","Backstab","Crippling Poison+1","Terror","Cloak And Dagger","Envenom","Malaise","Necronomicurse","PiercingWail+1","Burst"],"special_seed":0,"relics":["Ring of the Snake","Du-Vu Doll","The Courier","Regal Pillow","Runic Dome","Necronomicon"],"potions_floor_usage":[13,16],"damage_taken":[{"damage":9,"enemies":"Jaw Worm","floor":1,"turns":5},{"damage":1,"enemies":"2 Louse","floor":3,"turns":3},{"damage":0,"enemies":"Cultist","floor":5,"turns":4},{"damage":7,"enemies":"3 Louse","floor":8,"turns":3},{"damage":0,"enemies":"Exordium Thugs","floor":11,"turns":3},{"damage":4,"enemies":"3 Sentries","floor":13,"turns":6},{"damage":22,"enemies":"Hexaghost","floor":16,"turns":10},{"damage":2,"enemies":"Shell Parasite","floor":18,"turns":5},{"damage":13,"enemies":"Spheric Guardian","floor":20,"turns":4},{"damage":15,"enemies":"Centurion and Healer","floor":22,"turns":6},{"damage":24,"enemies":"Snecko","floor":23,"turns":4}],"seed_played":"788381872973692618","potions_obtained":[{"floor":8,"key":"SkillPotion"},{"floor":11,"key":"Energy Potion"}],"is_trial":false,"path_per_floor":["M","?","M","?","M","R","$","M","T","$","M","R","E","$","R","B",null,"M","?","M","?","M"],"character_chosen":"THE_SILENT","items_purchased":["Cloak And Dagger"],"campfire_rested":1,"item_purchase_floors":[14],"current_hp_per_floor":[54,42,41,41,41,41,41,34,34,34,34,55,51,51,51,29,60,58,42,29,29,14,0],"gold":167,"neow_bonus":"","is_prod":false,"is_daily":false,"chose_seed":false,"campfire_upgraded":2,"win_rate":0,"timestamp":1530890993,"path_taken":["M","?","M","?","M","R","?","?","T","$","?","R","E","?","R","BOSS","M","?","?","?","?","M"],"build_version":"2018-07-05","purchased_purges":2,"victory":false,"max_hp_per_floor":[70,70,70,70,70,70,70,70,70,70,70,70,70,70,70,70,70,70,70,70,70,70,70],"card_choices":[{"not_picked":["Slice","Malaise"],"picked":"Cloak And Dagger","floor":1},{"not_picked":["Deadly Poison","Endless Agony"],"picked":"Dagger Spray","floor":3},{"not_picked":["Concentrate","Calculated Gamble"],"picked":"Bouncing Flask","floor":5},{"not_picked":["Dagger Throw","Dagger Spray"],"picked":"Backstab","floor":8},{"not_picked":["Dagger Spray","Deflect"],"picked":"Crippling Poison","floor":11},{"not_picked":["Bane","Underhanded Strike"],"picked":"Terror","floor":13},{"not_picked":["Storm of Steel","Tactician"],"picked":"Envenom","floor":16},{"not_picked":["Dagger Spray+1","Flying Knee"],"picked":"Malaise","floor":18},{"not_picked":["Deadly Poison","Prepared"],"picked":"PiercingWail+1","floor":20},{"not_picked":["Poisoned Stab","Sucker Punch"],"picked":"Burst","floor":22}],"player_experience":283944,"relics_obtained":[{"floor":9,"key":"The Courier"},{"floor":13,"key":"Regal Pillow"},{"floor":19,"key":"Necronomicon"}],"event_choices":[{"event_name":"Scrap Ooze","player_choice":"success","floor":2,"damage_taken":12},{"event_name":"Living Wall","player_choice":"Grow","floor":4,"damage_taken":0},{"event_name":"Cursed Tome","player_choice":"Obtained Book","floor":19,"damage_taken":0},{"event_name":"The Woman in Blue","player_choice":"Bought 0 Potions","floor":21,"damage_taken":0}],"boss_relics":[{"not_picked":["Empty Cage","Pandora\u0027s Box"],"picked":"Runic Dome"}],"items_purged_floors":[7,10],"is_endless":false,"potions_floor_spawned":[8,11],"killed_by":"Snecko","ascension_level":6}