{"gold_per_floor":[118,130,130,7,24,24,59,59,59,59,77,103,103,118,118,215,215,230,249,249],"floor_reached":20,"playtime":1004,"items_purged":[],"score":294,"play_id":"df616c5b-560f-4e89-bf6d-cf0645197658","local_time":"20181030195601","is_ascension_mode":true,"campfire_choices":[{"data":"Predator","floor":6,"key":"SMITH"},{"data":"Caltrops","floor":8,"key":"SMITH"},{"floor":15,"key":"REST"}],"neow_cost":"NONE","seed_source_timestamp":1786640456094649,"circlet_count":0,"master_deck":["Defend_G","Defend_G","Defend_G","Defend_G","Defend_G","Strike_G","Strike_G","Survivor","Neutralize+1","AscendersBane","Predator+1","Blade Dance","Caltrops+1","PiercingWail","Backflip","Dodge and Roll","Flying Knee","Sucker Punch","Malaise","Cloak And Dagger","Jack Of All Trades","Infinite Blades","After Image","Dagger Spray","Noxious Fumes"],"relics":["Eternal Feather","The Specimen","Mummified Hand","Centennial Puzzle","Empty Cage"],"potions_floor_usage":[7,7,19],"damage_taken":[{"damage":2,"enemies":"Jaw Worm","floor":1,"turns":6},{"damage":0,"enemies":"Cultist","floor":2,"turns":3},{"damage":0,"enemies":"Small Slimes","floor":5,"turns":3},{"damage":24,"enemies":"Gremlin Nob","floor":7,"turns":4},{"damage":2,"enemies":"Red Slaver","floor":11,"turns":3},{"damage":28,"enemies":"Lagavulin","floor":12,"turns":10},{"damage":9,"enemies":"2 Fungi Beasts","floor":14,"turns":3},{"damage":45,"enemies":"Slime Boss","floor":16,"turns":13},{"damage":28,"enemies":"3 Byrds","floor":18,"turns":5},{"damage":16,"enemies":"Spheric Guardian","floor":19,"turns":4},{"damage":16,"enemies":"Centurion and Healer","floor":20,"turns":2}],"seed_played":"8624953997406867462","potions_obtained":[{"floor":2,"key":"Strength Potion"},{"floor":5,"key":"Swift Potion"},{"floor":16,"key":"AttackPotion"}],"is_trial":false,"path_per_floor":["M","M","?","$","M","R","E","R","T","?","M","E","?","M","R","B",null,"M","M"],"character_chosen":"THE_SILENT","items_purchased":["Caltrops","PiercingWail"],"campfire_rested":1,"item_purchase_floors":[4,4],"current_hp_per_floor":[61,61,61,61,61,70,46,55,55,55,53,25,25,16,49,4,54,26,10,0],"gold":249,"neow_bonus":"BOSS_RELIC","is_prod":false,"is_daily":false,"chose_seed":false,"campfire_upgraded":2,"win_rate":0,"timestamp":1540943761,"path_taken":["M","M","?","$","M","R","E","R","T","?","M","E","?","M","R","BOSS","M","M","M"],"build_version":"2018-10-25v2","purchased_purges":0,"victory":false,"max_hp_per_floor":[70,70,70,70,70,70,70,70,70,70,70,70,70,70,70,70,70,70,70,70],"card_choices":[{"not_picked":["Dagger Throw","Acrobatics"],"picked":"Predator","floor":1},{"not_picked":["Outmaneuver","Choke"],"picked":"Blade Dance","floor":2},{"not_picked":["Poisoned Stab","Calculated Gamble"],"picked":"Backflip","floor":5},{"not_picked":["Acrobatics","Cloak And Dagger"],"picked":"Dodge and Roll","floor":7},{"not_picked":["Masterful Stab","Prepared"],"picked":"Flying Knee","floor":11},{"not_picked":["Grand Finale","Reflex"],"picked":"Sucker Punch","floor":12},{"not_picked":["Underhanded Strike","Setup"],"picked":"Infinite Blades","floor":14},{"not_picked":["Tools of the Trade","Night Terror"],"picked":"After Image","floor":16},{"not_picked":["Slice","Dodge and Roll"],"picked":"Dagger Spray","floor":18},{"not_picked":["Backflip","Deadly Poison"],"picked":"Noxious Fumes","floor":19}],"player_experience":1609600,"relics_obtained":[{"floor":7,"key":"The Specimen"},{"floor":9,"key":"Mummified Hand"},{"floor":12,"key":"Centennial Puzzle"}],"event_choices":[{"damage_healed":0,"gold_gain":0,"player_choice":"Upgraded","damage_taken":0,"max_hp_gain":0,"max_hp_loss":0,"event_name":"Upgrade Shrine","floor":3,"gold_loss":0,"cards_upgraded":["Neutralize"]},{"cards_removed":["Strike_G"],"damage_healed":0,"gold_gain":0,"player_choice":"Offered Basic","damage_taken":0,"max_hp_gain":0,"max_hp_loss":0,"event_name":"Bonfire Elementals","floor":10,"gold_loss":0},{"damage_healed":0,"gold_gain":0,"player_choice":"3 cards matched","damage_taken":0,"max_hp_gain":0,"max_hp_loss":0,"event_name":"Match and Keep!","floor":13,"gold_loss":0,"cards_obtained":["Malaise","Cloak And Dagger","Jack Of All Trades"]}],"is_beta":false,"boss_relics":[{"not_picked":["Snecko Eye","Calling Bell"],"picked":"Empty Cage"}],"items_purged_floors":[],"is_endless":false,"potions_floor_spawned":[2,5,16],"killed_by":"Centurion and Healer","ascension_level":12}