{"path_per_floor":["M","M","M","M","M","R","?","R","T","R","M","E","?","M","R","B",null,"M","M","?","M","$","R","$","?","T","R","E","R","M","M","R"],"character_chosen":"IRONCLAD","items_purchased":["Bottled Flame","Uppercut"],"gold_per_floor":[110,128,146,162,179,179,179,179,179,179,196,230,255,265,265,367,397,409,428,428,442,110,110,41,41,41,41,69,69,80,93,93],"floor_reached":33,"campfire_rested":3,"playtime":2968,"current_hp_per_floor":[88,88,88,83,81,81,81,81,81,81,81,70,70,72,88,34,93,93,89,89,47,47,74,74,74,74,74,80,80,63,39,66],"items_purged":["Armaments"],"gold":93,"score":294,"play_id":"92a6e60c-1ed2-4620-a902-745855d8374b","local_time":"20180314233444","is_prod":false,"is_daily":false,"is_ascension_mode":false,"campfire_upgraded":5,"timestamp":1521063284,"path_taken":["M","M","M","M","M","R","?","R","T","R","M","E","?","M","R","BOSS","M","M","?","M","$","R","$","?","T","R","E","R","M","M","R","BOSS"],"build_version":"2018-03-09","purchased_purges":2,"victory":false,"master_deck":["Strike_R","Strike_R","Strike_R","Strike_R","Strike_R","Defend_R","Defend_R","Defend_R+1","Defend_R","Bash+1","Armaments+1","Twin Strike+1","Wild Strike+1","Headbutt","Metallicize","Anger","Dropkick","Sever Soul","Anger","Bludgeon","Dropkick","Armaments+1","Rampage+1","Uppercut","Rampage+1","Heavy Blade+1","Perfected Strike+1","Anger"],"max_hp_per_floor":[88,88,88,88,88,88,88,88,88,88,88,88,88,88,88,88,93,93,93,93,93,93,93,93,93,93,93,93,93,93,93,93],"relics":["Burning Blood","Charon\u0027s Ashes","Ancient Tea Set","Odd Mushroom","Tiny House","Bottled Flame","Frozen Egg 2","Bag of Preparation"],"card_choices":[{"not_picked":["Evolve","Hemokinesis"],"picked":"Armaments"},{"not_picked":["Iron Wave","Armaments"],"picked":"Twin Strike"},{"not_picked":["Offering","Second Wind"],"picked":"Wild Strike"},{"not_picked":["True Grit","Rage"],"picked":"Headbutt"},{"not_picked":["Shockwave","Twin Strike"],"picked":"Metallicize"},{"not_picked":["Iron Wave","Sword Boomerang"],"picked":"Anger"},{"not_picked":["Seeing Red","Body Slam"],"picked":"Dropkick"},{"not_picked":["Sword Boomerang","Headbutt"],"picked":"Sever Soul"},{"not_picked":["Clash","Thunderclap"],"picked":"Anger"},{"not_picked":["Brutality","Fiend Fire"],"picked":"Bludgeon"},{"not_picked":["Pommel Strike","Disarm"],"picked":"Dropkick"},{"not_picked":["Warcry","Rupture"],"picked":"Armaments"},{"not_picked":["Iron Wave","True Grit"],"picked":"Armaments"},{"not_picked":["Clothesline","Armaments"],"picked":"Rampage"},{"not_picked":["Clothesline","Carnage"],"picked":"Heavy Blade"},{"not_picked":["Rage","Armaments"],"picked":"Perfected Strike"},{"not_picked":["Iron Wave","Headbutt"],"picked":"Anger"}],"player_experience":100309,"potions_floor_usage":[12,12,13,18,19,28,28,33],"damage_taken":[{"damage":4,"enemies":"2 Louse","floor":1,"turns":3},{"damage":0,"enemies":"Small Slimes","floor":2,"turns":3},{"damage":1,"enemies":"Cultist","floor":3,"turns":3},{"damage":11,"enemies":"Exordium Wildlife","floor":4,"turns":4},{"damage":8,"enemies":"2 Fungi Beasts","floor":5,"turns":3},{"damage":6,"enemies":"Exordium Thugs","floor":11,"turns":5},{"damage":17,"enemies":"Gremlin Nob","floor":12,"turns":4},{"damage":6,"enemies":"The Mushroom Lair","floor":13,"turns":3},{"damage":4,"enemies":"Blue Slaver","floor":14,"turns":4},{"damage":60,"enemies":"The Guardian","floor":16,"turns":10},{"damage":0,"enemies":"3 Byrds","floor":18,"turns":6},{"damage":10,"enemies":"Spheric Guardian","floor":19,"turns":4},{"damage":48,"enemies":"Slaver and Parasite","floor":21,"turns":10},{"damage":0,"enemies":"Gremlin Leader","floor":28,"turns":5},{"damage":23,"enemies":"Snake Plant","floor":30,"turns":4},{"damage":30,"enemies":"Snecko","floor":31,"turns":4},{"damage":74,"enemies":"Champ","floor":33,"turns":12}],"event_choices":[{"event_name":"Liars Game","player_choice":"disagreed","floor":7,"damage_taken":0},{"event_name":"Mushrooms","player_choice":"Fought Mushrooms","floor":13,"damage_taken":0},{"event_name":"Accursed Blacksmith","player_choice":"Forge","floor":20,"damage_taken":0},{"event_name":"Duplicator","player_choice":"One dupe","floor":25,"damage_taken":0}],"boss_relics":[{"not_picked":["Runic Dome","Calling Bell"],"picked":"Tiny House"}],"potions_floor_spawned":[1,4,5,16,19,21,28],"seed_played":"6044192375590043475","killed_by":"Champ","ascension_level":0,"is_trial":false}