{"gold_per_floor":[119,133,133,148,223,223,248,248,248,248,265,275,289,305,305,305],"floor_reached":16,"playtime":494,"items_purged":[],"score":182,"play_id":"e1c7a9a0-3947-4a77-bd37-43a08aceec72","local_time":"20180710145148","is_ascension_mode":true,"campfire_choices":[{"data":"Crippling Poison","floor":6,"key":"SMITH"},{"data":"Neutralize","floor":8,"key":"SMITH"},{"floor":15,"key":"REST"}],"neow_cost":"NONE","seed_source_timestamp":251729752532543,"circlet_count":0,"master_deck":["Defend_G","Defend_G","Defend_G","Defend_G","Defend_G","Strike_G","Strike_G","Strike_G","Strike_G","Strike_G","Survivor","Neutralize+1","AscendersBane","Dagger Throw","Crippling Poison+1","Deadly Poison+1","Blur","Cloak And Dagger","All Out Attack","Wraith Form v2+1"],"relics":["Ring of the Snake","Frozen Egg 2","Dodecahedron"],"potions_floor_usage":[7,12,16],"damage_taken":[{"damage":1,"enemies":"2 Louse","floor":1,"turns":4},{"damage":7,"enemies":"Jaw Worm","floor":2,"turns":4},{"damage":8,"enemies":"Small Slimes","floor":4,"turns":7},{"damage":12,"enemies":"Lagavulin","floor":7,"turns":5},{"damage":0,"enemies":"2 Fungi Beasts","floor":11,"turns":3},{"damage":13,"enemies":"Gremlin Gang","floor":12,"turns":2},{"damage":0,"enemies":"Exordium Wildlife","floor":13,"turns":4},{"damage":0,"enemies":"3 Louse","floor":14,"turns":1},{"damage":39,"enemies":"Slime Boss","floor":16,"turns":7}],"seed_played":"-6748822558398499052","potions_obtained":[{"floor":1,"key":"Poison Potion"},{"floor":11,"key":"GamblersBrew"},{"floor":14,"key":"EssenceOfSteel"}],"is_trial":false,"path_per_floor":["M","M","?","M","?","R","E","R","T","?","M","M","M","M","R"],"character_chosen":"THE_SILENT","items_purchased":[],"campfire_rested":1,"item_purchase_floors":[],"current_hp_per_floor":[64,57,57,49,38,38,26,26,26,26,26,13,13,13,34,0],"gold":305,"neow_bonus":"TEN_PERCENT_HP_BONUS","is_prod":false,"is_daily":false,"chose_seed":false,"campfire_upgraded":2,"win_rate":0,"timestamp":1531227108,"path_taken":["M","M","?","M","?","R","E","R","T","?","M","?","M","?","R","BOSS"],"build_version":"2018-07-05","purchased_purges":0,"victory":false,"max_hp_per_floor":[72,72,72,72,72,72,72,72,72,72,72,72,72,72,72,72],"card_choices":[{"not_picked":["Escape Plan","Deadly Poison"],"picked":"Dagger Throw","floor":1},{"not_picked":["Reflex","Catalyst"],"picked":"Crippling Poison","floor":2},{"not_picked":["Deflect","Calculated Gamble"],"picked":"Deadly Poison","floor":4},{"not_picked":["Deadly Poison","Distraction","Eviscerate"],"picked":"SKIP","floor":7},{"not_picked":["Dodge and Roll","Quick Slash"],"picked":"Blur","floor":11},{"not_picked":["Deadly Poison","Finisher"],"picked":"Cloak And Dagger","floor":12},{"not_picked":["Outmaneuver","Acrobatics"],"picked":"All Out Attack","floor":13},{"not_picked":["Accuracy+1","Prepared"],"picked":"Wraith Form v2+1","floor":14}],"player_experience":1015917,"relics_obtained":[{"floor":7,"key":"Frozen Egg 2"},{"floor":9,"key":"Dodecahedron"}],"event_choices":[{"event_name":"Liars Game","player_choice":"disagreed","floor":3,"damage_taken":0},{"event_name":"World of Goop","player_choice":"Gather Gold","floor":5,"damage_taken":0},{"event_name":"Living Wall","player_choice":"Grow","floor":10,"damage_taken":0}],"boss_relics":[],"items_purged_floors":[],"is_endless":false,"potions_floor_spawned":[1,11,14],"killed_by":"Slime Boss","ascension_level":15}