{"gold_per_floor":[117,31,31,31,181,181,196,196,245,245,265,18,18,62,62,62],"floor_reached":16,"playtime":457,"items_purged":["Doubt"],"score":187,"play_id":"4dd66a73-44ab-467d-aec3-290bb6d03b16","local_time":"20190130141618","is_ascension_mode":true,"campfire_choices":[{"data":"Defragment","floor":6,"key":"SMITH"},{"data":"Capacitor","floor":10,"key":"SMITH"},{"floor":13,"key":"REST"},{"data":"Fusion","floor":15,"key":"SMITH"}],"neow_cost":"NONE","seed_source_timestamp":525202445817128,"circlet_count":0,"master_deck":["AscendersBane","Strike_B","Strike_B","Strike_B","Defend_B","Defend_B","Defend_B","Defend_B","Zap+1","Dualcast","Capacitor+1","Defragment+1","Conserve Battery","Self Repair","Fusion+1"],"relics":["Cracked Core","Golden Idol","Matryoshka","Molten Egg 2","Orichalcum","PreservedInsect","Pear"],"potions_floor_usage":[14,14],"damage_taken":[{"damage":5,"enemies":"Small Slimes","floor":1,"turns":3},{"damage":0,"enemies":"2 Louse","floor":7,"turns":3},{"damage":7,"enemies":"Jaw Worm","floor":11,"turns":3},{"damage":27,"enemies":"Gremlin Nob","floor":14,"turns":4},{"damage":69,"enemies":"The Guardian","floor":16,"turns":9}],"seed_played":"1404633091780069194","potions_obtained":[{"floor":7,"key":"Regen Potion"},{"floor":11,"key":"LiquidBronze"}],"is_trial":false,"path_per_floor":["M","$","?","?","?","R","M","T","T","R","M","$","R","E","R","B"],"character_chosen":"DEFECT","items_purchased":["Defragment","PreservedInsect"],"campfire_rested":1,"item_purchase_floors":[2,12],"current_hp_per_floor":[59,59,59,52,52,52,52,52,52,52,45,45,64,59,59,0],"gold":62,"neow_bonus":"UPGRADE_CARD","is_prod":false,"is_daily":false,"chose_seed":false,"campfire_upgraded":3,"win_rate":0,"timestamp":1548875778,"path_taken":["M","$","?","?","?","R","M","?","T","R","M","$","R","E","R","BOSS"],"build_version":"2019-01-23","purchased_purges":1,"victory":false,"max_hp_per_floor":[71,71,64,64,64,64,64,64,64,64,64,64,64,74,74,74],"card_choices":[{"not_picked":["Compile Driver","Hologram"],"picked":"Capacitor","floor":1},{"not_picked":["Streamline","Redo"],"picked":"Conserve Battery","floor":7},{"not_picked":["Barrage+1","Force Field"],"picked":"Self Repair","floor":11},{"not_picked":["Biased Cognition","Leap"],"picked":"Fusion","floor":14}],"player_experience":2233990,"relics_obtained":[{"floor":8,"key":"Matryoshka"},{"floor":9,"key":"Molten Egg 2"},{"floor":9,"key":"Orichalcum"},{"floor":14,"key":"Pear"}],"event_choices":[{"damage_healed":0,"gold_gain":0,"player_choice":"Lose Max HP","damage_taken":0,"relics_obtained":["Golden Idol"],"max_hp_gain":0,"max_hp_loss":7,"event_name":"Golden Idol","floor":3,"gold_loss":0},{"cards_removed":["Strike_B"],"damage_healed":0,"gold_gain":0,"player_choice":"Card Removal","damage_taken":7,"max_hp_gain":0,"max_hp_loss":0,"event_name":"Golden Wing","floor":4,"gold_loss":0},{"damage_healed":0,"gold_gain":150,"player_choice":"AGREE","damage_taken":0,"max_hp_gain":0,"max_hp_loss":0,"event_name":"Liars Game","floor":5,"gold_loss":0,"cards_obtained":["Doubt"]}],"is_beta":false,"boss_relics":[],"items_purged_floors":[12],"is_endless":false,"potions_floor_spawned":[7,11],"killed_by":"The Guardian","ascension_level":19}