{"gold_per_floor":[119,194,209,225,106,106,119,137,137,61,74,74,89,107,107,205,205,225,150,150,162,35,35],"floor_reached":23,"playtime":1484,"items_purged":[],"score":194,"play_id":"fdc186d5-e5bb-4f27-b590-02aa3d204879","local_time":"20190127114533","is_ascension_mode":true,"campfire_choices":[{"floor":6,"key":"REST"},{"data":"A Thousand Cuts","floor":12,"key":"SMITH"},{"floor":15,"key":"REST"}],"neow_cost":"NONE","seed_source_timestamp":1291157155141493,"circlet_count":0,"master_deck":["Defend_G","Defend_G","Defend_G","Defend_G","Strike_G","Strike_G","Strike_G","Strike_G","Survivor","Neutralize","Storm of Steel","Tactician","Leg Sweep","Cloak And Dagger","Footwork","Backflip","Accuracy","Dagger Throw","A Thousand Cuts+1","Backflip","Well Laid Plans","Burst","Adrenaline","Well Laid Plans","Infinite Blades","Noxious Fumes","Cloak And Dagger"],"relics":["Ring of the Snake","Darkstone Periapt","Black Star"],"potions_floor_usage":[23],"damage_taken":[{"damage":6,"enemies":"Cultist","floor":1,"turns":6},{"damage":2,"enemies":"2 Louse","floor":3,"turns":5},{"damage":2,"enemies":"Jaw Worm","floor":4,"turns":9},{"damage":0,"enemies":"Red Slaver","floor":7,"turns":6},{"damage":10,"enemies":"Exordium Wildlife","floor":8,"turns":6},{"damage":0,"enemies":"Blue Slaver","floor":11,"turns":6},{"damage":4,"enemies":"Lots of Slimes","floor":13,"turns":7},{"damage":0,"enemies":"3 Louse","floor":14,"turns":4},{"damage":10,"enemies":"Slime Boss","floor":16,"turns":11},{"damage":19,"enemies":"3 Byrds","floor":18,"turns":5},{"damage":10,"enemies":"Spheric Guardian","floor":21,"turns":5},{"damage":58,"enemies":"Slavers","floor":23,"turns":4}],"seed_played":"7686087559905699213","potions_obtained":[{"floor":1,"key":"SmokeBomb"},{"floor":3,"key":"Regen Potion"},{"floor":4,"key":"GamblersBrew"},{"floor":21,"key":"Swift Potion"}],"is_trial":false,"path_per_floor":["M","?","M","M","$","R","M","M","T","$","M","R","M","M","R","B",null,"M","?","$","M","$","E"],"character_chosen":"THE_SILENT","items_purchased":["Footwork","Backflip","A Thousand Cuts","Noxious Fumes","Cloak And Dagger"],"campfire_rested":2,"item_purchase_floors":[5,5,10,22,22],"current_hp_per_floor":[64,57,55,53,53,70,70,60,60,60,60,60,56,56,70,60,70,51,51,51,41,41,0],"gold":35,"neow_bonus":"TRANSFORM_CARD","is_prod":false,"is_daily":false,"chose_seed":false,"campfire_upgraded":1,"win_rate":0,"timestamp":1548560733,"path_taken":["M","?","?","M","$","R","M","M","T","$","M","R","M","M","R","BOSS","M","?","?","M","$","E"],"build_version":"2019-01-23","purchased_purges":0,"victory":false,"max_hp_per_floor":[70,70,70,70,70,70,70,70,70,70,70,70,70,70,70,70,70,70,70,70,70,70,70],"card_choices":[{"not_picked":["Quick Slash","Prepared"],"picked":"Tactician","floor":1},{"not_picked":["Outmaneuver","Acrobatics"],"picked":"Leg Sweep","floor":3},{"not_picked":["Dagger Throw","PiercingWail"],"picked":"Cloak And Dagger","floor":4},{"not_picked":["Underhanded Strike","Backflip"],"picked":"Accuracy","floor":7},{"not_picked":["Dagger Spray","Deadly Poison"],"picked":"Dagger Throw","floor":8},{"not_picked":["Endless Agony","Sucker Punch"],"picked":"Backflip","floor":11},{"not_picked":["Bane","Acrobatics"],"picked":"Well Laid Plans","floor":13},{"not_picked":["Quick Slash","Backflip"],"picked":"Burst","floor":14},{"not_picked":["Night Terror","Doppelganger"],"picked":"Adrenaline","floor":16},{"not_picked":["Calculated Gamble","Acrobatics"],"picked":"Well Laid Plans","floor":18},{"not_picked":["Deadly Poison+1","Crippling Poison"],"picked":"Infinite Blades","floor":21}],"player_experience":33246,"relics_obtained":[{"floor":9,"key":"Darkstone Periapt"}],"event_choices":[{"damage_healed":0,"gold_gain":75,"player_choice":"Touch","damage_taken":7,"max_hp_gain":0,"max_hp_loss":0,"event_name":"FaceTrader","floor":2,"gold_loss":0},{"cards_removed":["Defend_G"],"damage_healed":0,"gold_gain":0,"player_choice":"Gave Gold","damage_taken":0,"max_hp_gain":0,"max_hp_loss":0,"event_name":"Beggar","floor":19,"gold_loss":75}],"is_beta":false,"boss_relics":[{"not_picked":["White Beast Statue","WristBlade"],"picked":"Black Star"}],"items_purged_floors":[],"is_endless":false,"potions_floor_spawned":[1,3,4,11,21],"killed_by":"Slavers","ascension_level":1}