{"gold_per_floor":[116,133,148,163,163,178,178,192,192,271,14,27,45,45,45,145,145,157,157,175,193,193,193,225,125,172,507,507,537,537,557,557,661,661,673,673,673,673,548,548,559,590,590,590,590,118,147,161,161,161],"floor_reached":51,"playtime":3599,"items_purged":["Defend_G","Cloak And Dagger","Cloak And Dagger","Skewer"],"score":947,"play_id":"d621d0d4-a51e-4aa0-97ba-a429529e5492","local_time":"20180628044727","is_ascension_mode":true,"campfire_choices":[{"data":"Predator","floor":7,"key":"SMITH"},{"data":"Leg Sweep","floor":15,"key":"SMITH"},{"data":"Bouncing Flask","floor":23,"key":"SMITH"},{"floor":28,"key":"REST"},{"data":"Dash","floor":30,"key":"SMITH"},{"data":"Catalyst","floor":32,"key":"SMITH"},{"data":"Survivor","floor":40,"key":"SMITH"},{"data":"Crippling Poison","floor":44,"key":"SMITH"},{"floor":49,"key":"REST"}],"neow_cost":"NONE","seed_source_timestamp":110617096943752,"circlet_count":0,"master_deck":["Defend_G+1","Defend_G+1","Defend_G+1","Defend_G+1","Strike_G+1","Strike_G+1","Strike_G+1","Strike_G+1","Strike_G+1","Survivor+1","Predator+1","Bouncing Flask+1","Leg Sweep+1","Cloak And Dagger","Night Terror","Dash+1","Catalyst+1","Corpse Explosion+1","Madness","Madness","Crippling Poison+1","Pain","Corpse Explosion+1"],"relics":["Snecko Eye","Matryoshka","Blood Vial","Velvet Choker","Oddly Smooth Stone","Orichalcum","Potion Belt","Old Coin","Lantern","Cursed Key","Molten Egg 2","Ninja Scroll","Ornamental Fan","Bottled Lightning","Mercury Hourglass"],"potions_floor_usage":[4,16,16,27,29,33,42,48,50],"damage_taken":[{"damage":16,"enemies":"Jaw Worm","floor":1,"turns":6},{"damage":1,"enemies":"Cultist","floor":2,"turns":4},{"damage":0,"enemies":"2 Louse","floor":3,"turns":3},{"damage":14,"enemies":"Exordium Wildlife","floor":4,"turns":12},{"damage":3,"enemies":"3 Louse","floor":6,"turns":3},{"damage":20,"enemies":"Gremlin Gang","floor":8,"turns":4},{"damage":6,"enemies":"Red Slaver","floor":12,"turns":3},{"damage":0,"enemies":"2 Fungi Beasts","floor":13,"turns":2},{"damage":2,"enemies":"Slime Boss","floor":16,"turns":7},{"damage":0,"enemies":"Chosen","floor":18,"turns":3},{"damage":0,"enemies":"Spheric Guardian","floor":20,"turns":3},{"damage":17,"enemies":"Centurion and Healer","floor":21,"turns":5},{"damage":27,"enemies":"Slavers","floor":24,"turns":4},{"damage":5,"enemies":"Book of Stabbing","floor":27,"turns":4},{"damage":2,"enemies":"Slavers","floor":29,"turns":3},{"damage":0,"enemies":"3 Cultists","floor":31,"turns":3},{"damage":34,"enemies":"Automaton","floor":33,"turns":9},{"damage":0,"enemies":"Flame Bruiser 1 Orb","floor":35,"turns":3},{"damage":13,"enemies":"3 Shapes","floor":41,"turns":2},{"damage":0,"enemies":"Nemesis","floor":42,"turns":5},{"damage":0,"enemies":"2 Orb Walkers","floor":47,"turns":2},{"damage":7,"enemies":"Spire Growth","floor":48,"turns":4},{"damage":42,"enemies":"Awakened One","floor":50,"turns":9}],"seed_played":"-2281534179512147767","potions_obtained":[{"floor":2,"key":"Energy Potion"},{"floor":3,"key":"Strength Potion"},{"floor":8,"key":"GhostInAJar"},{"floor":13,"key":"GhostInAJar"},{"floor":18,"key":"Fire Potion"},{"floor":21,"key":"AttackPotion"},{"floor":33,"key":"Swift Potion"},{"floor":35,"key":"Explosive Potion"},{"floor":42,"key":"Energy Potion"}],"is_trial":false,"path_per_floor":["M","M","M","M","?","M","R","M","T","?","$","M","M","?","R","B",null,"M","?","M","M","?","R","E","$","T","E","R","E","R","M","R","B",null,"M","?","?","?","$","R","M","E","T","R","?","$","E","M","R","B"],"character_chosen":"THE_SILENT","items_purchased":["Cloak And Dagger","Blood Vial","Corpse Explosion+1","Bottled Lightning"],"campfire_rested":2,"item_purchase_floors":[11,11,46,46],"current_hp_per_floor":[54,53,53,39,32,29,29,9,9,9,9,5,7,7,7,7,70,70,57,59,44,44,44,19,19,19,16,38,38,38,40,40,8,75,75,75,75,66,66,66,55,57,57,57,57,57,59,54,75,33],"gold":161,"neow_bonus":"BOSS_RELIC","is_prod":false,"is_daily":false,"chose_seed":false,"campfire_upgraded":7,"win_rate":0,"timestamp":1530179247,"path_taken":["M","M","M","M","?","M","R","M","T","?","$","M","M","?","R","BOSS","M","?","M","M","?","R","E","$","T","E","R","E","R","M","R","BOSS","M","?","?","?","$","R","M","E","T","R","?","$","E","M","R","BOSS"],"build_version":"2018-06-26","purchased_purges":4,"victory":true,"max_hp_per_floor":[70,70,70,70,70,70,70,70,70,70,70,70,70,70,70,70,70,70,75,75,75,75,75,75,75,75,75,75,75,75,75,75,75,75,75,75,75,75,75,75,75,75,75,75,75,75,75,75,75,75],"card_choices":[{"not_picked":["Flying Knee","Sucker Punch","Escape Plan"],"picked":"SKIP","floor":1},{"not_picked":["Prepared","Flying Knee","Quick Slash"],"picked":"SKIP","floor":2},{"not_picked":["Dodge and Roll","Deflect"],"picked":"Cloak And Dagger","floor":3},{"not_picked":["Outmaneuver","Bane"],"picked":"Skewer","floor":4},{"not_picked":["Poisoned Stab","Blur"],"picked":"Predator","floor":6},{"not_picked":["Dodge and Roll","Calculated Gamble"],"picked":"Bouncing Flask","floor":8},{"not_picked":["Catalyst","Burst"],"picked":"Leg Sweep","floor":12},{"not_picked":["Quick Slash","Masterful Stab"],"picked":"Cloak And Dagger","floor":13},{"not_picked":["Die Die Die","A Thousand Cuts"],"picked":"Night Terror","floor":16},{"not_picked":["Terror+1","Acrobatics+1","Backflip"],"picked":"SKIP","floor":18},{"not_picked":["Blur","Prepared","Underhanded Strike"],"picked":"SKIP","floor":20},{"not_picked":["Slice","Dodge and Roll","Endless Agony"],"picked":"SKIP","floor":21},{"not_picked":["Deflect","Cloak And Dagger","Dagger Throw"],"picked":"SKIP","floor":24},{"not_picked":["Quick Slash","Dagger Spray","Bane"],"picked":"SKIP","floor":27},{"not_picked":["Quick Slash","Deflect"],"picked":"Dash","floor":29},{"not_picked":["Outmaneuver","Bane"],"picked":"Catalyst","floor":31},{"not_picked":["Glass Knife","After Image"],"picked":"Corpse Explosion","floor":33},{"not_picked":["Quick Slash","Poisoned Stab","Footwork"],"picked":"SKIP","floor":35},{"not_picked":["Backflip+1","Poisoned Stab","Well Laid Plans"],"picked":"SKIP","floor":41},{"not_picked":["Choke+1","PiercingWail+1"],"picked":"Crippling Poison","floor":42},{"not_picked":["Infinite Blades+1","Underhanded Strike+1","Prepared"],"picked":"SKIP","floor":47},{"not_picked":["Noxious Fumes+1","Deflect","Outmaneuver"],"picked":"SKIP","floor":48}],"player_experience":124349,"relics_obtained":[{"floor":9,"key":"Matryoshka"},{"floor":24,"key":"Oddly Smooth Stone"},{"floor":26,"key":"Orichalcum"},{"floor":26,"key":"Potion Belt"},{"floor":27,"key":"Old Coin"},{"floor":29,"key":"Lantern"},{"floor":42,"key":"Molten Egg 2"},{"floor":43,"key":"Ninja Scroll"},{"floor":43,"key":"Ornamental Fan"},{"floor":47,"key":"Mercury Hourglass"}],"event_choices":[{"event_name":"Wheel of Change","player_choice":"Damage","floor":5,"damage_taken":0},{"event_name":"Golden Wing","player_choice":"Gained Gold","floor":10,"damage_taken":0},{"event_name":"Bonfire Elementals","player_choice":"BASIC","floor":14,"damage_taken":0},{"event_name":"Forgotten Altar","player_choice":"Shed Blood","floor":19,"damage_taken":0},{"event_name":"Back to Basics","player_choice":"Simplicity","floor":22,"damage_taken":0},{"event_name":"Upgrade Shrine","player_choice":"Upgraded","floor":36,"damage_taken":0},{"event_name":"Wheel of Change","player_choice":"Full Heal","floor":37,"damage_taken":0},{"event_name":"Winding Halls","player_choice":"Embrace Madness","floor":38,"damage_taken":0},{"event_name":"Tomb of Lord Red Mask","player_choice":"Ignored","floor":45,"damage_taken":0}],"boss_relics":[{"not_picked":["Empty Cage","Pandora\u0027s Box"],"picked":"Velvet Choker"},{"not_picked":["Philosopher\u0027s Stone","Astrolabe"],"picked":"Cursed Key"}],"items_purged_floors":[11,25,39,46],"is_endless":false,"potions_floor_spawned":[2,3,8,13,18,21,33,35,42],"ascension_level":3}