{"gold_per_floor":[119,132,132,152,117,117,117,135,189,205,216,61,61,95,95,169,169,184,109,126,0,12,37,37,37,64,74,74,1,1,16,16,90,90,104,116,116,14,14,27,27,77,126,141,159,173,173,183,183,183],"floor_reached":50,"playtime":2314,"items_purged":["Pain"],"score":903,"play_id":"1fbbb3b2-3cf8-4a83-9708-bb1e46be7c3f","local_time":"20190125025856","is_ascension_mode":true,"campfire_choices":[{"floor":6,"key":"REST"},{"data":"Zap","floor":13,"key":"SMITH"},{"data":"White Noise","floor":15,"key":"SMITH"},{"floor":24,"key":"REST"},{"floor":30,"key":"REST"},{"floor":32,"key":"REST"},{"floor":41,"key":"REST"},{"floor":47,"key":"REST"},{"floor":49,"key":"REST"}],"neow_cost":"NONE","seed_source_timestamp":146796857666141,"circlet_count":0,"master_deck":["AscendersBane","Strike_B+1","Strike_B+1","Strike_B+1","Strike_B+1","Defend_B+1","Defend_B+1","Defend_B+1","Defend_B+1","Zap+1","Dualcast","All For One","White Noise+1","Cold Snap","Ball Lightning","Echo Form","FTL","Seek","FTL","Tempest","Glacier","Barrage+1","Auto Shields+1","Conserve Battery","Go for the Eyes+1","Electrodynamics"],"relics":["Cracked Core","DataDisk","Omamori","Calling Bell","Happy Flower","Question Card","Thread and Needle","Potion Belt","Art of War","Inserter","FaceOfCleric","Regal Pillow"],"potions_floor_usage":[14,14,20,22,23,31,33,40,48,50,50],"damage_taken":[{"damage":1,"enemies":"Cultist","floor":1,"turns":3},{"damage":2,"enemies":"2 Louse","floor":2,"turns":3},{"damage":7,"enemies":"Jaw Worm","floor":4,"turns":3},{"damage":0,"enemies":"Large Slime","floor":8,"turns":4},{"damage":3,"enemies":"Looter","floor":10,"turns":3},{"damage":14,"enemies":"3 Louse","floor":11,"turns":3},{"damage":0,"enemies":"Gremlin Nob","floor":14,"turns":3},{"damage":6,"enemies":"The Guardian","floor":16,"turns":10},{"damage":45,"enemies":"2 Thieves","floor":18,"turns":4},{"damage":10,"enemies":"Shell Parasite","floor":20,"turns":4},{"damage":7,"enemies":"Centurion and Healer","floor":22,"turns":5},{"damage":0,"enemies":"Gremlin Leader","floor":23,"turns":4},{"damage":9,"enemies":"Chosen and Byrds","floor":27,"turns":6},{"damage":5,"enemies":"Cultist and Chosen","floor":31,"turns":6},{"damage":63,"enemies":"Automaton","floor":33,"turns":11},{"damage":15,"enemies":"Orb Walker","floor":35,"turns":3},{"damage":12,"enemies":"3 Shapes","floor":36,"turns":4},{"damage":0,"enemies":"Jaw Worm Horde","floor":40,"turns":5},{"damage":14,"enemies":"Spire Growth","floor":44,"turns":5},{"damage":0,"enemies":"Maw","floor":45,"turns":7},{"damage":25,"enemies":"Sphere and 2 Shapes","floor":46,"turns":5},{"damage":26,"enemies":"3 Darklings","floor":48,"turns":7},{"damage":64,"enemies":"Awakened One","floor":50,"turns":5}],"seed_played":"3022090594543708252","potions_obtained":[{"floor":1,"key":"SkillPotion"},{"floor":2,"key":"Poison Potion"},{"floor":14,"key":"LiquidBronze"},{"floor":16,"key":"Swift Potion"},{"floor":20,"key":"Energy Potion"},{"floor":23,"key":"Dexterity Potion"},{"floor":36,"key":"Block Potion"},{"floor":44,"key":"SkillPotion"}],"is_trial":false,"path_per_floor":["M","M","?","M","?","R","?","M","T","M","M","$","R","E","R","B",null,"M","$","M","?","M","E","R","?","T","M","?","$","R","M","R","B",null,"M","M","$","$","?","M","R","?","T","M","M","M","R","M","R","B"],"character_chosen":"DEFECT","items_purchased":["Echo Form","Regen Potion","PowerPotion","Strength Potion"],"campfire_rested":7,"item_purchase_floors":[12,29,38,38],"current_hp_per_floor":[63,61,40,33,50,71,71,71,71,68,54,54,54,54,54,48,65,20,20,10,10,3,3,24,24,24,15,15,15,36,46,67,4,54,39,27,27,27,27,28,49,49,49,36,37,13,50,25,62,0],"gold":183,"neow_bonus":"ONE_RANDOM_RARE_CARD","is_prod":false,"is_daily":false,"chose_seed":false,"campfire_upgraded":2,"win_rate":0,"timestamp":1548352736,"path_taken":["M","M","?","M","?","R","?","M","T","M","M","?","R","E","R","BOSS","M","$","M","?","M","E","R","?","T","M","?","?","R","M","R","BOSS","M","M","?","$","?","?","R","?","T","?","M","M","R","M","R","BOSS"],"build_version":"2019-01-23","purchased_purges":1,"victory":false,"max_hp_per_floor":[71,71,71,71,71,71,71,71,71,71,71,71,71,71,71,71,71,71,71,71,71,71,71,71,71,71,71,71,71,71,71,71,71,71,71,71,71,71,71,72,72,72,72,73,74,75,75,76,76,76],"card_choices":[{"not_picked":["Coolheaded","Redo"],"picked":"White Noise","floor":1},{"not_picked":["Redo","Sweeping Beam","Chill"],"picked":"SKIP","floor":2},{"not_picked":["Scrape","Sweeping Beam","Compile Driver"],"picked":"SKIP","floor":4},{"not_picked":["Rebound","Amplify"],"picked":"Cold Snap","floor":8},{"not_picked":["Steam","Blizzard"],"picked":"Ball Lightning","floor":10},{"not_picked":["Force Field","Redo","Leap"],"picked":"SKIP","floor":11},{"not_picked":["Compile Driver","Barrage"],"picked":"FTL","floor":14},{"not_picked":["Multi-Cast","Biased Cognition"],"picked":"Seek","floor":16},{"not_picked":["Rebound","Stack","Steam+1"],"picked":"FTL","floor":18},{"not_picked":["Sweeping Beam","Rebound","Force Field"],"picked":"Tempest","floor":20},{"not_picked":["Capacitor","Sweeping Beam","Undo"],"picked":"Glacier","floor":22},{"not_picked":["Cold Snap","Beam Cell","Gash","Sweeping Beam"],"picked":"SKIP","floor":23},{"not_picked":["Echo Form","Turbo","Go for the Eyes"],"picked":"Barrage+1","floor":27},{"not_picked":["Barrage","Consume","Lockon","Beam Cell+1"],"picked":"SKIP","floor":31},{"not_picked":["Stack+1","Coolheaded","Streamline"],"picked":"Auto Shields+1","floor":35},{"not_picked":["Cold Snap","Coolheaded","Compile Driver"],"picked":"Conserve Battery","floor":36},{"not_picked":["Stack","Sweeping Beam","Cold Snap","Gash"],"picked":"SKIP","floor":40},{"not_picked":["Machine Learning","Compile Driver+1","Ball Lightning"],"picked":"Go for the Eyes+1","floor":44},{"not_picked":["Coolheaded+1","Lockon+1","Redo","Leap"],"picked":"SKIP","floor":45},{"not_picked":["Sweeping Beam","Steam","Conserve Battery","Beam Cell"],"picked":"SKIP","floor":46},{"not_picked":["Compile Driver+1","Stack+1","Storm"],"picked":"Electrodynamics","floor":48}],"player_experience":450491,"relics_obtained":[{"floor":9,"key":"DataDisk"},{"floor":14,"key":"Omamori"},{"floor":17,"key":"Happy Flower"},{"floor":17,"key":"Question Card"},{"floor":17,"key":"Thread and Needle"},{"floor":23,"key":"Potion Belt"},{"floor":26,"key":"Art of War"},{"floor":43,"key":"Regal Pillow"}],"event_choices":[{"damage_healed":0,"gold_gain":0,"player_choice":"Entered Light","damage_taken":21,"max_hp_gain":0,"max_hp_loss":0,"event_name":"Shining Light","floor":3,"gold_loss":0,"cards_upgraded":["Strike_B","Strike_B"]},{"damage_healed":17,"gold_gain":0,"player_choice":"Healed","damage_taken":0,"max_hp_gain":0,"max_hp_loss":0,"event_name":"The Cleric","floor":5,"gold_loss":35},{"damage_healed":0,"gold_gain":0,"player_choice":"Ignored","damage_taken":0,"max_hp_gain":0,"max_hp_loss":0,"event_name":"Liars Game","floor":7,"gold_loss":0},{"damage_healed":0,"gold_gain":0,"player_choice":"Paid Fearfully","damage_taken":0,"max_hp_gain":0,"max_hp_loss":0,"event_name":"Masked Bandits","floor":21,"gold_loss":126},{"damage_healed":0,"gold_gain":0,"player_choice":"Ignored","damage_taken":0,"max_hp_gain":0,"max_hp_loss":0,"event_name":"Beggar","floor":25,"gold_loss":0},{"damage_healed":0,"gold_gain":0,"player_choice":"Simplicity","damage_taken":0,"max_hp_gain":0,"max_hp_loss":0,"event_name":"Back to Basics","floor":28,"gold_loss":0,"cards_upgraded":["Strike_B","Strike_B","Defend_B","Defend_B","Defend_B","Defend_B"]},{"damage_healed":0,"gold_gain":0,"player_choice":"Trade","damage_taken":0,"relics_obtained":["FaceOfCleric"],"max_hp_gain":0,"max_hp_loss":0,"event_name":"FaceTrader","floor":39,"gold_loss":0},{"damage_healed":0,"gold_gain":50,"player_choice":"Pray","damage_taken":0,"max_hp_gain":0,"max_hp_loss":0,"event_name":"Golden Shrine","floor":42,"gold_loss":0}],"is_beta":false,"boss_relics":[{"not_picked":["FrozenCore","Black Star"],"picked":"Calling Bell"},{"not_picked":["Empty Cage","Runic Pyramid"],"picked":"Inserter"}],"items_purged_floors":[19],"is_endless":false,"potions_floor_spawned":[1,2,14,16,20,23,36,44],"killed_by":"Awakened One","ascension_level":15}