{"gold_per_floor":[116,42,117,130,141,141,141,141,167,167,185,205,221,234,234,234],"floor_reached":16,"playtime":522,"items_purged":[],"score":94,"play_id":"f60b3da6-9f57-480f-bcfe-f7da5336f2df","local_time":"20181214185543","is_ascension_mode":false,"campfire_choices":[{"data":"Armaments","floor":6,"key":"SMITH"},{"data":"Thunderclap","floor":8,"key":"SMITH"},{"data":"Cleave","floor":10,"key":"SMITH"},{"data":"Body Slam","floor":15,"key":"SMITH"}],"neow_cost":"NONE","seed_source_timestamp":1359886377615650,"circlet_count":0,"master_deck":["Strike_R","Strike_R","Strike_R","Strike_R","Strike_R","Defend_R","Defend_R","Defend_R","Defend_R","Bash","Thunderclap+1","Sever Soul","Armaments+1","Cleave+1","Body Slam+1","Dropkick"],"relics":["Velvet Choker"],"potions_floor_usage":[16,16,16,16,16],"damage_taken":[{"damage":10,"enemies":"Small Slimes","floor":1,"turns":3},{"damage":1,"enemies":"Jaw Worm","floor":4,"turns":3},{"damage":0,"enemies":"Cultist","floor":5,"turns":2},{"damage":16,"enemies":"Large Slime","floor":11,"turns":3},{"damage":4,"enemies":"2 Fungi Beasts","floor":12,"turns":2},{"damage":0,"enemies":"3 Louse","floor":13,"turns":2},{"damage":0,"enemies":"Large Slime","floor":14,"turns":3},{"damage":38,"enemies":"The Guardian","floor":16,"turns":10}],"seed_played":"-9026896309503397724","potions_obtained":[{"floor":4,"key":"FearPotion"},{"floor":7,"key":"Energy Potion"},{"floor":7,"key":"EntropicBrew"}],"is_trial":false,"path_per_floor":["M","$","?","M","M","R","?","R","T","R","M","M","M","M","R","B"],"character_chosen":"IRONCLAD","items_purchased":["Sever Soul"],"campfire_rested":0,"item_purchase_floors":[2],"current_hp_per_floor":[70,70,59,58,58,58,58,58,58,58,42,38,38,38,38,0],"gold":234,"neow_bonus":"BOSS_RELIC","is_prod":false,"is_daily":false,"chose_seed":false,"campfire_upgraded":4,"win_rate":0,"timestamp":1544781343,"path_taken":["M","$","?","M","M","R","?","R","T","R","M","M","M","M","R","BOSS"],"build_version":"2018-12-13","purchased_purges":0,"victory":false,"max_hp_per_floor":[80,80,80,80,80,80,80,80,80,80,80,80,80,80,80,80],"card_choices":[{"not_picked":["Heavy Blade","Burning Pact"],"picked":"Thunderclap","floor":1},{"not_picked":["Blood for Blood","True Grit"],"picked":"Armaments","floor":4},{"not_picked":["Shrug It Off","Heavy Blade"],"picked":"Cleave","floor":5},{"not_picked":["Limit Break","Iron Wave"],"picked":"Body Slam","floor":11},{"not_picked":["Clash","Twin Strike"],"picked":"Dropkick","floor":12},{"not_picked":["Iron Wave","Sever Soul","Power Through"],"picked":"SKIP","floor":13},{"not_picked":["Perfected Strike","Havoc","Anger"],"picked":"SKIP","floor":14}],"player_experience":195962,"relics_obtained":[],"event_choices":[{"damage_healed":0,"gold_gain":75,"player_choice":"Gather Gold","damage_taken":11,"max_hp_gain":0,"max_hp_loss":0,"event_name":"World of Goop","floor":3,"gold_loss":0},{"damage_healed":0,"gold_gain":0,"player_choice":"Got Potions","damage_taken":0,"max_hp_gain":0,"max_hp_loss":0,"event_name":"Lab","floor":7,"gold_loss":0}],"is_beta":false,"boss_relics":[],"items_purged_floors":[],"is_endless":false,"potions_floor_spawned":[4,12],"killed_by":"The Guardian","ascension_level":0}