{"gold_per_floor":[109,124,140,140,140,471,471,505,505,505,523,491,491,491,491,590,590,610,610,535,21,38,38,38],"floor_reached":24,"playtime":949,"items_purged":[],"score":263,"play_id":"dbbaee3b-41e0-42f5-8943-b753df7ddd1c","local_time":"20190117165621","is_ascension_mode":true,"campfire_choices":[{"floor":7,"key":"REST"},{"floor":10,"key":"REST"},{"floor":13,"key":"REST"},{"floor":15,"key":"REST"},{"floor":23,"key":"REST"}],"neow_cost":"NONE","seed_source_timestamp":746658602534969,"circlet_count":0,"master_deck":["Defend_G","Defend_G","Defend_G","Defend_G","Defend_G+1","Strike_G","Strike_G","Strike_G+1","Strike_G","Survivor","Neutralize+1","Panacea","Dagger Spray","Quick Slash","Riddle With Holes","Dagger Throw","After Image","Leg Sweep","Noxious Fumes","Masterful Stab+1","Cloak And Dagger","Dramatic Entrance+1","Dash+1"],"relics":["Ring of the Snake","Singing Bowl","Old Coin","Bottled Flame","Boot","Black Star","Molten Egg 2"],"potions_floor_usage":[11,16,16],"damage_taken":[{"damage":0,"enemies":"Jaw Worm","floor":1,"turns":6},{"damage":0,"enemies":"2 Louse","floor":2,"turns":2},{"damage":0,"enemies":"Cultist","floor":3,"turns":3},{"damage":47,"enemies":"Gremlin Nob","floor":6,"turns":6},{"damage":24,"enemies":"3 Sentries","floor":8,"turns":9},{"damage":0,"enemies":"3 Louse","floor":11,"turns":1},{"damage":43,"enemies":"Slime Boss","floor":16,"turns":13},{"damage":7,"enemies":"3 Byrds","floor":18,"turns":4},{"damage":11,"enemies":"2 Thieves","floor":22,"turns":4},{"damage":66,"enemies":"Gremlin Leader","floor":24,"turns":10}],"seed_played":"-1548705666527457850","potions_obtained":[{"floor":6,"key":"GamblersBrew"},{"floor":8,"key":"Strength Potion"},{"floor":11,"key":"Weak Potion"}],"is_trial":false,"path_per_floor":["M","M","M","?","T","E","R","E","T","R","M","?","R","?","R","B",null,"M","?","?","$","M","R","E"],"character_chosen":"THE_SILENT","items_purchased":["Noxious Fumes","Molten Egg 2","Masterful Stab+1","Cloak And Dagger","Dramatic Entrance+1"],"campfire_rested":5,"item_purchase_floors":[21,21,21,21,21],"current_hp_per_floor":[63,63,63,63,63,16,37,13,13,34,36,36,57,43,64,21,59,52,52,52,52,41,62,0],"gold":38,"neow_bonus":"RANDOM_COLORLESS","is_prod":false,"is_daily":false,"chose_seed":false,"campfire_upgraded":0,"win_rate":0,"timestamp":1547765781,"path_taken":["M","M","M","?","?","E","R","E","T","R","M","?","R","?","R","BOSS","M","?","?","$","M","R","E"],"build_version":"2019-01-16","purchased_purges":0,"victory":false,"max_hp_per_floor":[70,70,70,70,70,70,70,70,70,70,72,72,72,72,72,72,72,72,72,72,72,72,72,72],"card_choices":[{"not_picked":["Blade Dance","Prepared"],"picked":"Dagger Spray","floor":1},{"not_picked":["PiercingWail","Tactician"],"picked":"Quick Slash","floor":2},{"not_picked":["Heel Hook","Acrobatics","Deflect"],"picked":"SKIP","floor":3},{"not_picked":["Concentrate","Deflect"],"picked":"Riddle With Holes","floor":6},{"not_picked":["Riddle With Holes","Envenom"],"picked":"Dagger Throw","floor":8},{"not_picked":["Deadly Poison","Deflect","Slice"],"picked":"Singing Bowl","floor":11},{"not_picked":["Envenom","Malaise"],"picked":"After Image","floor":16},{"not_picked":["Dodge and Roll","Caltrops"],"picked":"Leg Sweep","floor":18},{"not_picked":["Dagger Throw+1","PiercingWail+1"],"picked":"Dash+1","floor":22}],"player_experience":604555,"relics_obtained":[{"floor":5,"key":"Singing Bowl"},{"floor":6,"key":"Old Coin"},{"floor":8,"key":"Bottled Flame"},{"floor":9,"key":"Boot"}],"event_choices":[{"damage_healed":0,"gold_gain":0,"player_choice":"Grow","damage_taken":0,"max_hp_gain":0,"max_hp_loss":0,"event_name":"Living Wall","floor":4,"gold_loss":0,"cards_upgraded":["Neutralize"]},{"damage_healed":0,"gold_gain":0,"player_choice":"Left Gold","damage_taken":0,"max_hp_gain":0,"max_hp_loss":0,"event_name":"World of Goop","floor":12,"gold_loss":32},{"damage_healed":0,"gold_gain":0,"player_choice":"Entered Light","damage_taken":14,"max_hp_gain":0,"max_hp_loss":0,"event_name":"Shining Light","floor":14,"gold_loss":0,"cards_upgraded":["Defend_G","Strike_G"]},{"damage_healed":0,"gold_gain":0,"player_choice":"Ignored","damage_taken":0,"max_hp_gain":0,"max_hp_loss":0,"event_name":"Cursed Tome","floor":19,"gold_loss":0},{"cards_removed":["Strike_G"],"damage_healed":0,"gold_gain":0,"player_choice":"Gave Gold","damage_taken":0,"max_hp_gain":0,"max_hp_loss":0,"event_name":"Beggar","floor":20,"gold_loss":75}],"is_beta":true,"boss_relics":[{"not_picked":["Snecko Eye","Philosopher\u0027s Stone"],"picked":"Black Star"}],"items_purged_floors":[],"is_endless":false,"potions_floor_spawned":[6,8,11],"killed_by":"Gremlin Leader","ascension_level":6}