{"path_per_floor":["M","?","M","M","$","E","?","M","T","R","?","M","M","$","R","B",null,"M","$","?","M","?","R","$","R","T","M","M","M"],"character_chosen":"IRONCLAD","items_purchased":["Bronze Scales","Flex","Metallicize","Poison Potion","Flex","Armaments","Rupture","Hemokinesis","Inflame"],"gold_per_floor":[210,285,305,322,1,26,26,49,49,49,49,65,89,14,14,135,135,103,18,168,191,191,191,69,69,145,163,186,186,186],"floor_reached":30,"campfire_rested":4,"playtime":1405,"item_purchase_floors":[5,5,5,5,14,14,19,19,24],"current_hp_per_floor":[76,65,65,65,65,48,28,33,33,57,57,61,60,60,80,45,80,69,69,69,34,34,58,58,80,80,61,25,31,0],"items_purged":["Strike_R+1"],"gold":186,"score":267,"play_id":"381427c6-bea3-4133-b0ed-d94d1fa833c9","local_time":"20180610161633","is_prod":false,"is_daily":false,"chose_seed":false,"is_ascension_mode":true,"campfire_upgraded":0,"win_rate":0,"timestamp":1528661793,"campfire_choices":[{"floor":10,"key":"REST"},{"floor":15,"key":"REST"},{"floor":23,"key":"REST"},{"floor":25,"key":"REST"}],"path_taken":["M","?","M","M","$","E","?","M","T","R","?","M","?","$","R","BOSS","M","$","?","?","?","R","?","R","T","?","M","M","M"],"build_version":"2018-06-07v3","seed_source_timestamp":334737688082859,"purchased_purges":1,"victory":false,"master_deck":["Strike_R+1","Strike_R+1","Strike_R+1","Strike_R+1","Defend_R+1","Defend_R+1","Defend_R+1","Defend_R+1","Bash","Thunderclap","Thunderclap","Shrug It Off","Flex","Metallicize+1","Blood for Blood","Power Through","Limit Break","Flex","Armaments","Brutality","Rampage","Rupture","Hemokinesis","Inflame","Inflame"],"max_hp_per_floor":[80,80,80,80,80,80,80,80,80,80,80,80,80,80,80,80,80,80,80,80,80,80,80,80,80,80,80,80,80,80],"relics":["Burning Blood","Bronze Scales","Torii","Golden Idol","The Courier","Sozu","Shuriken"],"card_choices":[{"not_picked":["Clash","Armaments"],"picked":"Thunderclap","floor":1},{"not_picked":["Searing Blow","Wild Strike"],"picked":"Thunderclap","floor":3},{"not_picked":["Thunderclap","Pommel Strike"],"picked":"Shrug It Off","floor":4},{"not_picked":["Fire Breathing","Headbutt","Body Slam"],"picked":"SKIP","floor":6},{"not_picked":["Iron Wave","Perfected Strike"],"picked":"Blood for Blood","floor":8},{"not_picked":["Body Slam","Fire Breathing"],"picked":"Power Through","floor":12},{"not_picked":["Rupture","Anger"],"picked":"Limit Break","floor":13},{"not_picked":["Double Tap","Barricade"],"picked":"Brutality","floor":16},{"not_picked":["Reckless Charge","Warcry"],"picked":"Rampage","floor":18},{"not_picked":["Shrug It Off","Clash"],"picked":"Inflame","floor":21},{"not_picked":["Havoc","Armaments","Reckless Charge"],"picked":"SKIP","floor":27},{"not_picked":["Twin Strike","Wild Strike+1","Sword Boomerang"],"picked":"SKIP","floor":28}],"player_experience":458658,"potions_floor_usage":[6,6,16,29],"damage_taken":[{"damage":10,"enemies":"Small Slimes","floor":1,"turns":4},{"damage":6,"enemies":"Cultist","floor":3,"turns":3},{"damage":6,"enemies":"2 Louse","floor":4,"turns":2},{"damage":23,"enemies":"Gremlin Nob","floor":6,"turns":4},{"damage":1,"enemies":"2 Fungi Beasts","floor":8,"turns":4},{"damage":2,"enemies":"Large Slime","floor":12,"turns":8},{"damage":7,"enemies":"Exordium Thugs","floor":13,"turns":5},{"damage":41,"enemies":"The Guardian","floor":16,"turns":13},{"damage":17,"enemies":"2 Thieves","floor":18,"turns":5},{"damage":41,"enemies":"Chosen","floor":21,"turns":9},{"damage":25,"enemies":"3 Cultists","floor":27,"turns":5},{"damage":42,"enemies":"Snecko","floor":28,"turns":6},{"damage":0,"enemies":"Cultist and Chosen","floor":29,"turns":1},{"damage":31,"enemies":"Snake Plant","floor":30,"turns":5}],"relics_obtained":[{"floor":6,"key":"Torii"},{"floor":9,"key":"The Courier"},{"floor":26,"key":"Shuriken"}],"event_choices":[{"event_name":"World of Goop","player_choice":"Gather Gold","floor":2,"damage_taken":0},{"event_name":"Golden Idol","player_choice":"Take Damage","floor":7,"damage_taken":0},{"event_name":"Upgrade Shrine","player_choice":"Upgraded","floor":11,"damage_taken":0},{"event_name":"Nest","player_choice":"Stole From Cult","floor":20,"damage_taken":0},{"event_name":"Back to Basics","player_choice":"Simplicity","floor":22,"damage_taken":0}],"boss_relics":[{"not_picked":["Eternal Feather","Runic Pyramid"],"picked":"Sozu"}],"items_purged_floors":[24],"potions_floor_spawned":[3,12,16,21,28,29],"seed_played":"1701507406080379211","killed_by":"Snake Plant","ascension_level":3,"potions_obtained":[{"floor":3,"key":"SteroidPotion"},{"floor":12,"key":"SteroidPotion"},{"floor":16,"key":"SmokeBomb"}],"is_trial":false}