{"gold_per_floor":[112,123,123,42,63,103,103,146,146,146],"floor_reached":10,"playtime":491,"items_purged":[],"score":118,"play_id":"53717d67-d206-4412-9e92-ddadfb731156","local_time":"20180807154126","is_ascension_mode":true,"campfire_choices":[{"floor":7,"key":"REST"}],"neow_cost":"NONE","seed_source_timestamp":999029128403276,"circlet_count":0,"master_deck":["Defend_G","Defend_G","Defend_G","Defend_G","Defend_G","Strike_G","Strike_G","Strike_G","Strike_G","Strike_G","Survivor","Neutralize","AscendersBane","Sucker Punch","Dagger Throw","Infinite Blades","Underhanded Strike","Adrenaline","Dagger Spray"],"relics":["Eternal Feather","Golden Idol","Orichalcum","Tough Bandages","Darkstone Periapt"],"potions_floor_usage":[8,10],"damage_taken":[{"damage":1,"enemies":"Small Slimes","floor":1,"turns":6},{"damage":9,"enemies":"Jaw Worm","floor":2,"turns":4},{"damage":2,"enemies":"Cultist","floor":5,"turns":4},{"damage":50,"enemies":"3 Sentries","floor":6,"turns":11},{"damage":7,"enemies":"Gremlin Nob","floor":8,"turns":3},{"damage":28,"enemies":"Lagavulin","floor":10,"turns":6}],"seed_played":"6754610480956630519","potions_obtained":[{"floor":6,"key":"SteroidPotion"},{"floor":8,"key":"GamblersBrew"}],"is_trial":false,"path_per_floor":["M","M","?","$","M","E","R","E","T"],"character_chosen":"THE_SILENT","items_purchased":["Infinite Blades"],"campfire_rested":1,"item_purchase_floors":[4],"current_hp_per_floor":[62,53,53,53,51,1,29,22,22,0],"gold":146,"neow_bonus":"BOSS_RELIC","is_prod":false,"is_daily":false,"chose_seed":false,"campfire_upgraded":0,"win_rate":0,"timestamp":1533674486,"path_taken":["M","M","?","$","M","E","R","E","T","E"],"build_version":"2018-08-06","purchased_purges":0,"victory":false,"max_hp_per_floor":[70,70,65,65,65,65,65,65,65,65],"card_choices":[{"not_picked":["Deflect","Deadly Poison"],"picked":"Sucker Punch","floor":1},{"not_picked":["Deflect","Backflip"],"picked":"Dagger Throw","floor":2},{"not_picked":["Acrobatics","Finisher"],"picked":"Underhanded Strike","floor":5},{"not_picked":["Concentrate","Catalyst"],"picked":"Adrenaline","floor":6},{"not_picked":["Bane","Predator"],"picked":"Dagger Spray","floor":8}],"player_experience":362197,"relics_obtained":[{"floor":6,"key":"Orichalcum"},{"floor":8,"key":"Tough Bandages"},{"floor":9,"key":"Darkstone Periapt"}],"event_choices":[{"event_name":"Golden Idol","player_choice":"Lose Max HP","floor":3,"damage_taken":0}],"is_beta":true,"boss_relics":[],"items_purged_floors":[],"is_endless":false,"potions_floor_spawned":[6,8],"killed_by":"Lagavulin","ascension_level":11}