{"gold_per_floor":[118,135,149,149,99,99,130,151,199,199,262,276,307,322,322,452,452,466,482,76,89,89,122,122,37,115,131,172,172,172,97,97,226,226,251,251,251,272,272,272,305,305,305,344,359,375,48,71,71,71],"floor_reached":51,"playtime":3104,"items_purged":[],"score":1015,"play_id":"8dd15da2-a016-4a30-b24e-521d1a2562eb","local_time":"20180731094705","is_ascension_mode":true,"campfire_choices":[{"data":"Uppercut","floor":6,"key":"SMITH"},{"data":"Bash","floor":15,"key":"SMITH"},{"data":"Ghostly","floor":24,"key":"SMITH"},{"data":"Ghostly","floor":29,"key":"SMITH"},{"data":"Ghostly","floor":32,"key":"SMITH"},{"data":"Ghostly","floor":40,"key":"SMITH"},{"data":"Ghostly","floor":42,"key":"SMITH"},{"data":"True Grit","floor":49,"key":"SMITH"}],"neow_cost":"NONE","seed_source_timestamp":370317147220297,"circlet_count":0,"master_deck":["Strike_R","Strike_R","Strike_R","Strike_R","Defend_R","Defend_R","Defend_R","Bash+1","Uppercut+1","True Grit+1","Hemokinesis+1","Iron Wave+1","Wild Strike+1","Dropkick+1","Uppercut+1","Hemokinesis+1","Reaper+1","Intimidate+1","Armaments+1","Power Through","Rupture","Ghostly+1","Ghostly+1","Ghostly+1","Ghostly+1","Ghostly+1","Sadistic Nature","Mayhem","Writhe","Corruption+1","Rupture"],"relics":["Burning Blood","Golden Idol","Molten Egg 2","Centennial Puzzle","Pen Nib","Tiny Chest","Pantograph","Velvet Choker","Singing Bowl","Self Forming Clay","Mercury Hourglass","Paper Frog","Bronze Scales","Dodecahedron","Snecko Eye","Whetstone","Lantern","Art of War","Sundial","Shuriken"],"potions_floor_usage":[11,14,18,23,33,44,50,50,50],"damage_taken":[{"damage":3,"enemies":"2 Louse","floor":1,"turns":4},{"damage":8,"enemies":"Jaw Worm","floor":2,"turns":6},{"damage":5,"enemies":"Small Slimes","floor":3,"turns":4},{"damage":20,"enemies":"3 Sentries","floor":7,"turns":7},{"damage":10,"enemies":"2 Fungi Beasts","floor":8,"turns":3},{"damage":7,"enemies":"Gremlin Nob","floor":11,"turns":4},{"damage":6,"enemies":"3 Louse","floor":12,"turns":2},{"damage":29,"enemies":"3 Sentries","floor":13,"turns":6},{"damage":15,"enemies":"Lots of Slimes","floor":14,"turns":3},{"damage":27,"enemies":"Hexaghost","floor":16,"turns":8},{"damage":8,"enemies":"Spheric Guardian","floor":18,"turns":3},{"damage":14,"enemies":"3 Byrds","floor":19,"turns":5},{"damage":5,"enemies":"Snecko","floor":21,"turns":3},{"damage":15,"enemies":"Gremlin Leader","floor":23,"turns":8},{"damage":16,"enemies":"Snake Plant","floor":27,"turns":4},{"damage":19,"enemies":"Book of Stabbing","floor":28,"turns":5},{"damage":45,"enemies":"Champ","floor":33,"turns":9},{"damage":16,"enemies":"Flame Bruiser 1 Orb","floor":35,"turns":5},{"damage":1,"enemies":"3 Shapes","floor":38,"turns":3},{"damage":43,"enemies":"Giant Head","floor":41,"turns":10},{"damage":10,"enemies":"Nemesis","floor":44,"turns":5},{"damage":7,"enemies":"Transient","floor":45,"turns":5},{"damage":2,"enemies":"Sphere and 2 Shapes","floor":46,"turns":5},{"damage":5,"enemies":"Flame Bruiser 2 Orb","floor":48,"turns":5},{"damage":69,"enemies":"Donu and Deca","floor":50,"turns":10}],"seed_played":"4064499579328394620","potions_obtained":[{"floor":2,"key":"EssenceOfSteel"},{"floor":8,"key":"Poison Potion"},{"floor":11,"key":"BloodPotion"},{"floor":13,"key":"Weak Potion"},{"floor":23,"key":"BloodPotion"},{"floor":28,"key":"Strength Potion"},{"floor":33,"key":"BloodPotion"},{"floor":38,"key":"Energy Potion"},{"floor":41,"key":"Fire Potion"},{"floor":46,"key":"Energy Potion"}],"is_trial":false,"path_per_floor":["M","M","M","?","?","R","E","M","T","?","E","M","E","M","R","B",null,"M","M","$","M","?","E","R","?","T","M","E","R","T","?","R","B",null,"M","?","T","M","?","R","E","R","T","E","M","M","$","M","R","B"],"character_chosen":"IRONCLAD","items_purchased":["Singing Bowl","Power Through","Rupture","Shuriken","Rupture"],"campfire_rested":0,"item_purchase_floors":[20,20,20,47,47],"current_hp_per_floor":[75,73,74,54,54,54,40,36,36,33,32,32,9,8,8,12,63,61,61,61,71,41,34,34,34,34,33,22,22,22,22,22,43,48,40,32,32,54,55,55,18,18,18,21,32,38,38,49,49,10],"gold":71,"neow_bonus":"THREE_CARDS","is_prod":false,"is_daily":false,"chose_seed":false,"campfire_upgraded":8,"win_rate":0,"timestamp":1533048425,"path_taken":["M","M","M","?","?","R","E","M","T","?","E","M","E","M","R","BOSS","M","M","$","M","?","E","R","?","T","?","E","R","?","?","R","BOSS","M","?","?","M","?","R","E","R","T","E","?","M","$","M","R","BOSS"],"build_version":"2018-07-30","purchased_purges":0,"victory":true,"max_hp_per_floor":[80,80,80,80,80,80,80,80,80,80,80,80,80,80,80,80,80,80,80,80,82,41,43,43,43,43,45,47,47,47,47,47,49,49,51,53,53,55,55,55,55,55,55,57,59,61,61,63,63,63],"card_choices":[{"not_picked":["Battle Trance","Headbutt"],"picked":"Uppercut","floor":0},{"not_picked":["Thunderclap","Heavy Blade"],"picked":"True Grit","floor":1},{"not_picked":["Warcry","Pommel Strike"],"picked":"Hemokinesis","floor":2},{"not_picked":["Havoc","Clash"],"picked":"Iron Wave","floor":3},{"not_picked":["Barricade","Uppercut","Second Wind"],"picked":"SKIP","floor":7},{"not_picked":["Seeing Red","Clash+1"],"picked":"Wild Strike+1","floor":8},{"not_picked":["Havoc","Sentinel"],"picked":"Dropkick+1","floor":11},{"not_picked":["True Grit","Cleave+1"],"picked":"Uppercut+1","floor":12},{"not_picked":["Dual Wield","Flame Barrier"],"picked":"Hemokinesis+1","floor":13},{"not_picked":["Second Wind","Sword Boomerang+1","Burning Pact"],"picked":"SKIP","floor":14},{"not_picked":["Dark Embrace","Brutality"],"picked":"Reaper+1","floor":16},{"not_picked":["Searing Blow+1","Warcry"],"picked":"Intimidate+1","floor":18},{"not_picked":["Pommel Strike+1","True Grit+1"],"picked":"Armaments+1","floor":19},{"not_picked":["True Grit","Limit Break","Rampage+1"],"picked":"Singing Bowl","floor":21},{"not_picked":["Thunderclap+1","True Grit+1","Body Slam+1"],"picked":"Singing Bowl","floor":23},{"not_picked":["Havoc","Warcry+1","Armaments"],"picked":"Singing Bowl","floor":27},{"not_picked":["Headbutt+1","Whirlwind+1","True Grit+1"],"picked":"Singing Bowl","floor":28},{"not_picked":["Dark Embrace","Berserk","Exhume"],"picked":"Singing Bowl","floor":33},{"not_picked":["Sword Boomerang+1","Iron Wave+1","Headbutt+1"],"picked":"Singing Bowl","floor":35},{"not_picked":["Secret Weapon","Jack Of All Trades"],"picked":"Sadistic Nature","floor":36},{"not_picked":["Good Instincts","The Bomb","Deep Breath"],"picked":"Singing Bowl","floor":36},{"not_picked":["Swift Strike+1","Bandage Up"],"picked":"Mayhem","floor":36},{"not_picked":["Searing Blow+1","Cleave+1","Thunderclap+1"],"picked":"Singing Bowl","floor":38},{"not_picked":["Wild Strike+1","Heavy Blade+1"],"picked":"Corruption+1","floor":41},{"not_picked":["Rampage+1","Clash+1","Clothesline+1"],"picked":"Singing Bowl","floor":44},{"not_picked":["Shrug It Off","Iron Wave+1","True Grit+1"],"picked":"Singing Bowl","floor":45},{"not_picked":["Twin Strike+1","Sword Boomerang+1","Infernal Blade+1"],"picked":"Singing Bowl","floor":46},{"not_picked":["Disarm+1","Offering","Bloodletting"],"picked":"Singing Bowl","floor":48}],"player_experience":304004,"relics_obtained":[{"floor":7,"key":"Molten Egg 2"},{"floor":9,"key":"Centennial Puzzle"},{"floor":11,"key":"Tiny Chest"},{"floor":13,"key":"Pantograph"},{"floor":23,"key":"Self Forming Clay"},{"floor":26,"key":"Paper Frog"},{"floor":28,"key":"Bronze Scales"},{"floor":30,"key":"Dodecahedron"},{"floor":37,"key":"Whetstone"},{"floor":41,"key":"Lantern"},{"floor":43,"key":"Art of War"},{"floor":44,"key":"Sundial"}],"event_choices":[{"event_name":"Golden Idol","player_choice":"Take Damage","floor":4,"damage_taken":0},{"event_name":"The Cleric","player_choice":"Card Removal","floor":5,"damage_taken":0},{"event_name":"Scrap Ooze","player_choice":"success","floor":10,"damage_taken":3},{"event_name":"Ghosts","player_choice":"Became a Ghost","floor":22,"damage_taken":0},{"event_name":"Addict","player_choice":"Obtained Relic","floor":25,"damage_taken":0},{"event_name":"Beggar","player_choice":"Gave Gold","floor":31,"damage_taken":0},{"event_name":"SensoryStone","player_choice":"Memory 3","floor":36,"damage_taken":0},{"event_name":"Winding Halls","player_choice":"Writhe","floor":39,"damage_taken":0}],"is_beta":true,"boss_relics":[{"not_picked":["Sozu","Empty Cage"],"picked":"Velvet Choker"},{"not_picked":["Black Blood","Cursed Key"],"picked":"Snecko Eye"}],"items_purged_floors":[],"is_endless":false,"potions_floor_spawned":[2,8,11,13,23,28,33,38,41,46],"ascension_level":7}