{"gold_per_floor":[116,135,154,0,18,18,35,35,61,77,77,127,162,2,2,78,78,89,89,101,1,12,12,12],"floor_reached":24,"playtime":1682,"items_purged":["Strike_B","Writhe"],"score":356,"play_id":"9bb9d055-72ad-46cf-a5b6-be35039a8ec6","local_time":"20190215000243","is_ascension_mode":true,"campfire_choices":[{"data":"Fission","floor":6.0,"key":"SMITH"},{"floor":8.0,"key":"REST"},{"data":"Zap","floor":11.0,"key":"SMITH"},{"data":"White Noise","floor":15.0,"key":"SMITH"},{"floor":23,"key":"REST"}],"neow_cost":"NONE","seed_source_timestamp":1903605220046600,"circlet_count":0,"master_deck":["AscendersBane","Strike_B","Strike_B","Strike_B","Defend_B+1","Defend_B","Defend_B","Defend_B","Zap+1","Dualcast","Leap","Cold Snap","Fission+1","Chill","Coolheaded","Darkness+1","Go for the Eyes","White Noise+1","Biased Cognition","Go for the Eyes","Loop","BootSequence"],"special_seed":0,"relics":["Inserter","Lantern","Ancient Tea Set","Bronze Scales","Sozu","War Paint"],"potions_floor_usage":[],"damage_taken":[{"damage":17.0,"enemies":"2 Louse","floor":1.0,"turns":3.0},{"damage":0.0,"enemies":"Cultist","floor":2.0,"turns":4.0},{"damage":9.0,"enemies":"Jaw Worm","floor":3.0,"turns":6.0},{"damage":9.0,"enemies":"Blue Slaver","floor":5.0,"turns":5.0},{"damage":5.0,"enemies":"Red Slaver","floor":7.0,"turns":5.0},{"damage":5.0,"enemies":"Large Slime","floor":10.0,"turns":4.0},{"damage":4.0,"enemies":"3 Sentries","floor":13.0,"turns":8.0},{"damage":11.0,"enemies":"The Guardian","floor":16.0,"turns":9.0},{"damage":11,"enemies":"3 Byrds","floor":18,"turns":2},{"damage":17,"enemies":"Shell Parasite","floor":20,"turns":6},{"damage":24,"enemies":"Shelled Parasite and Fungi","floor":22,"turns":4},{"damage":39,"enemies":"Gremlin Leader","floor":24,"turns":8}],"seed_played":"-8485444363891066861","potions_obtained":[{"floor":5.0,"key":"Block Potion"},{"floor":10.0,"key":"Poison Potion"}],"is_trial":false,"path_per_floor":["M","M","M","$","M","R","M","R","T","M","R","?","E","$","R","B",null,"M","?","M","$","M","R","E"],"character_chosen":"DEFECT","items_purchased":["Chill","Bronze Scales"],"campfire_rested":2,"item_purchase_floors":[4,14],"current_hp_per_floor":[47,47,38,38,29,29,24,45,45,40,40,40,36,36,36,25,60,49,49,32,32,8,29,0],"gold":12,"neow_bonus":"BOSS_RELIC","is_prod":false,"is_daily":false,"chose_seed":false,"campfire_upgraded":3,"win_rate":0,"timestamp":1550188963,"path_taken":["M","M","M","$","M","R","M","R","T","M","R","?","E","?","R","BOSS","M","?","M","$","M","R","E"],"build_version":"2019-01-23","purchased_purges":2,"victory":false,"max_hp_per_floor":[71,71,71,71,71,71,71,71,71,71,71,71,71,71,71,71,71,71,71,71,71,71,71,71],"card_choices":[{"not_picked":["Hologram","Beam Cell"],"picked":"Leap","floor":1.0},{"not_picked":["Steam","Steam Power"],"picked":"Cold Snap","floor":2.0},{"not_picked":["Hologram","Scrape"],"picked":"Fission","floor":3.0},{"not_picked":["Darkness","Reprogram"],"picked":"Coolheaded","floor":5.0},{"not_picked":["Reinforced Body","Aggregate"],"picked":"Darkness","floor":7.0},{"not_picked":["Sweeping Beam","Compile Driver"],"picked":"Go for the Eyes","floor":10.0},{"not_picked":["Reboot","Steam"],"picked":"White Noise","floor":13.0},{"not_picked":["Meteor Strike","Fission"],"picked":"Biased Cognition","floor":16.0},{"not_picked":["Coolheaded","Compile Driver"],"picked":"Go for the Eyes","floor":18},{"not_picked":["Heatsinks","Tempest"],"picked":"Loop","floor":20},{"not_picked":["Ball Lightning","Stack+1"],"picked":"BootSequence","floor":22}],"player_experience":300938,"relics_obtained":[{"floor":9.0,"key":"Lantern"},{"floor":13.0,"key":"Ancient Tea Set"}],"event_choices":[{"damage_healed":0.0,"max_hp_gain":0.0,"max_hp_loss":0.0,"gold_gain":50.0,"event_name":"Golden Shrine","player_choice":"Pray","floor":12.0,"gold_loss":0.0,"damage_taken":0.0},{"damage_healed":0,"gold_gain":0,"player_choice":"Opened","damage_taken":0,"relics_obtained":["War Paint"],"max_hp_gain":0,"max_hp_loss":0,"event_name":"The Mausoleum","floor":19,"gold_loss":0,"cards_obtained":["Writhe"]}],"is_beta":false,"boss_relics":[{"not_picked":["Astrolabe","Velvet Choker"],"picked":"Sozu"}],"items_purged_floors":[4,21],"is_endless":false,"potions_floor_spawned":[5,10,13,18,20],"killed_by":"Gremlin Leader","ascension_level":16}