{"gold_per_floor":[118,26,26,37,54,54,80,60,114,114,125,137,150,167,167,241,241,255,265,265,265,27,27],"floor_reached":23,"playtime":978,"items_purged":["Writhe"],"score":376,"play_id":"dfd9fefe-ca41-4b77-a147-4fcb437d60aa","local_time":"20190130140822","is_ascension_mode":true,"campfire_choices":[{"floor":6,"key":"REST"},{"data":"Defragment","floor":10,"key":"SMITH"},{"data":"Fission","floor":15,"key":"SMITH"}],"neow_cost":"NONE","seed_source_timestamp":524204062020539,"circlet_count":0,"master_deck":["AscendersBane","Strike_B+1","Defend_B","Defend_B","Defend_B","Defend_B","Zap","Dualcast","Ball Lightning","Defragment+1","Go for the Eyes","Steam","Seek","Compile Driver","Ball Lightning","Self Repair","Fission+1","Coolheaded","Echo Form","Capacitor+1","Multi-Cast+1","Meteor Strike+1","Coolheaded","Conserve Battery"],"relics":["Cracked Core","Whetstone","Bag of Marbles","Blood Vial","Astrolabe","Centennial Puzzle","Bottled Lightning","Vajra"],"potions_floor_usage":[7,12,16,18,23],"damage_taken":[{"damage":1,"enemies":"Cultist","floor":1,"turns":3},{"damage":7,"enemies":"Jaw Worm","floor":4,"turns":2},{"damage":0,"enemies":"Small Slimes","floor":5,"turns":3},{"damage":20,"enemies":"3 Sentries","floor":7,"turns":5},{"damage":9,"enemies":"Red Slaver","floor":11,"turns":3},{"damage":1,"enemies":"Blue Slaver","floor":12,"turns":2},{"damage":13,"enemies":"Exordium Wildlife","floor":13,"turns":3},{"damage":0,"enemies":"2 Fungi Beasts","floor":14,"turns":2},{"damage":31,"enemies":"The Guardian","floor":16,"turns":10},{"damage":29,"enemies":"Chosen","floor":18,"turns":4},{"damage":20,"enemies":"Spheric Guardian","floor":19,"turns":4},{"damage":35,"enemies":"Slavers","floor":23,"turns":2}],"seed_played":"-8110569830758782488","potions_obtained":[{"floor":4,"key":"Fire Potion"},{"floor":8,"key":"GamblersBrew"},{"floor":11,"key":"Poison Potion"},{"floor":16,"key":"AttackPotion"},{"floor":18,"key":"GamblersBrew"},{"floor":19,"key":"LiquidBronze"}],"is_trial":false,"path_per_floor":["M","$","?","M","M","R","E","?","T","R","M","M","M","M","R","B",null,"M","M","?","T","$","E"],"character_chosen":"DEFECT","items_purchased":["Defragment","Go for the Eyes","Vajra"],"campfire_rested":1,"item_purchase_floors":[2,2,22],"current_hp_per_floor":[63,63,63,56,56,71,51,51,51,51,44,45,41,43,43,21,59,39,28,28,28,28,0],"gold":27,"neow_bonus":"RANDOM_COMMON_RELIC","is_prod":false,"is_daily":false,"chose_seed":false,"campfire_upgraded":2,"win_rate":0,"timestamp":1548875302,"path_taken":["M","?","?","M","M","R","E","?","T","R","M","M","M","?","R","BOSS","M","M","?","?","$","E"],"build_version":"2019-01-23","purchased_purges":1,"victory":false,"max_hp_per_floor":[71,71,71,71,71,71,71,71,71,71,71,71,71,71,71,71,71,71,71,71,71,71,71],"card_choices":[{"not_picked":["Turbo","Cold Snap"],"picked":"Ball Lightning","floor":1},{"not_picked":["Stack","Sweeping Beam"],"picked":"Steam","floor":4},{"not_picked":["Beam Cell","Streamline"],"picked":"Seek","floor":5},{"not_picked":["Stack","Streamline"],"picked":"Compile Driver","floor":7},{"not_picked":["Redo","Streamline"],"picked":"Ball Lightning","floor":11},{"not_picked":["Ball Lightning","Heatsinks"],"picked":"Self Repair","floor":12},{"not_picked":["Turbo","Blizzard"],"picked":"Fission","floor":13},{"not_picked":["Hologram","Compile Driver"],"picked":"Coolheaded","floor":14},{"not_picked":["Seek","Amplify"],"picked":"Echo Form","floor":16},{"not_picked":["Cold Snap+1","Rebound+1"],"picked":"Coolheaded","floor":18},{"not_picked":["Gash","Aggregate"],"picked":"Conserve Battery","floor":19}],"player_experience":2233012,"relics_obtained":[{"floor":7,"key":"Bag of Marbles"},{"floor":9,"key":"Blood Vial"},{"floor":21,"key":"Bottled Lightning"}],"event_choices":[{"damage_healed":0,"gold_gain":0,"player_choice":"Leave","damage_taken":0,"max_hp_gain":0,"max_hp_loss":0,"event_name":"The Cleric","floor":3,"gold_loss":0},{"damage_healed":0,"gold_gain":0,"player_choice":"Bought 1 Potion","damage_taken":0,"max_hp_gain":0,"max_hp_loss":0,"event_name":"The Woman in Blue","floor":8,"gold_loss":0},{"damage_healed":0,"gold_gain":0,"player_choice":"Opened","damage_taken":0,"relics_obtained":["Centennial Puzzle"],"max_hp_gain":0,"max_hp_loss":0,"event_name":"The Mausoleum","floor":20,"gold_loss":0,"cards_obtained":["Writhe"]}],"is_beta":false,"boss_relics":[{"not_picked":["Pandora\u0027s Box","Orrery"],"picked":"Astrolabe"}],"items_purged_floors":[22],"is_endless":false,"potions_floor_spawned":[4,11,16,18,19],"killed_by":"Slavers","ascension_level":19}