{"gold_per_floor":[109,109,34,52,52,52,75,75],"floor_reached":8,"playtime":199,"items_purged":[],"score":87,"play_id":"478dc6d1-d9bd-4427-9825-453090bb6110","local_time":"20190102164317","is_ascension_mode":true,"campfire_choices":[{"floor":6,"key":"REST"}],"neow_cost":"TEN_PERCENT_HP_LOSS","seed_source_timestamp":1171196807206314,"circlet_count":0,"master_deck":["AscendersBane","Strike_B","Strike_B","Strike_B","Defend_B","Defend_B","Defend_B","Defend_B","Zap","Dualcast","Coolheaded","Doom and Gloom","White Noise"],"relics":["Cracked Core","Incense Burner","Golden Idol","Dodecahedron"],"potions_floor_usage":[],"damage_taken":[{"damage":7,"enemies":"Jaw Worm","floor":1,"turns":3},{"damage":0,"enemies":"2 Louse","floor":4,"turns":4},{"damage":11,"enemies":"Small Slimes","floor":7,"turns":3},{"damage":10,"enemies":"Gremlin Gang","floor":8,"turns":1}],"seed_played":"-6581752783834827867","potions_obtained":[{"floor":1,"key":"Poison Potion"}],"is_trial":false,"path_per_floor":["M","?","?","M","?","R","M","M"],"character_chosen":"DEFECT","items_purchased":[],"campfire_rested":1,"item_purchase_floors":[],"current_hp_per_floor":[57,57,57,57,1,18,7,0],"gold":75,"neow_bonus":"ONE_RARE_RELIC","is_prod":false,"is_daily":false,"chose_seed":false,"campfire_upgraded":0,"win_rate":0,"timestamp":1546465397,"path_taken":["M","?","?","M","?","R","M","M"],"build_version":"2018-12-20","purchased_purges":0,"victory":false,"max_hp_per_floor":[64,58,58,58,58,58,58,58],"card_choices":[{"not_picked":["Barrage","Ball Lightning"],"picked":"Coolheaded","floor":1},{"not_picked":["Stack","Ball Lightning"],"picked":"Doom and Gloom","floor":4},{"not_picked":["Genetic Algorithm","Turbo"],"picked":"White Noise","floor":7}],"player_experience":1988617,"relics_obtained":[],"event_choices":[{"damage_healed":0,"gold_gain":0,"player_choice":"Lose Max HP","damage_taken":0,"relics_obtained":["Golden Idol"],"max_hp_gain":0,"max_hp_loss":6,"event_name":"Golden Idol","floor":2,"gold_loss":0},{"cards_removed":["Strike_B"],"damage_healed":0,"gold_gain":0,"player_choice":"Card Removal","damage_taken":0,"max_hp_gain":0,"max_hp_loss":0,"event_name":"The Cleric","floor":3,"gold_loss":75},{"damage_healed":0,"gold_gain":0,"player_choice":"Success","damage_taken":56,"relics_obtained":["Dodecahedron"],"max_hp_gain":0,"max_hp_loss":0,"event_name":"Scrap Ooze","floor":5,"gold_loss":0}],"is_beta":false,"boss_relics":[],"items_purged_floors":[],"is_endless":false,"potions_floor_spawned":[1],"killed_by":"Gremlin Gang","ascension_level":18}