{"gold_per_floor":[110,210,88,88,18,52,66,66,66,89,129,129,143,143,143,143],"floor_reached":16,"playtime":1131,"items_purged":["Defend_R"],"score":108,"play_id":"5d256f2d-7157-4d77-8763-3a77453cb19f","local_time":"20190110134825","is_ascension_mode":false,"campfire_choices":[{"data":"Armaments","floor":8,"key":"SMITH"},{"data":"Blood for Blood","floor":12,"key":"SMITH"},{"floor":15,"key":"REST"}],"neow_cost":"PERCENT_DAMAGE","seed_source_timestamp":74787600036688,"circlet_count":0,"master_deck":["Strike_R","Strike_R","Strike_R+1","Defend_R","Defend_R","Defend_R","Bash","Ghostly Armor","Dropkick","Seeing Red","Pommel Strike+1","Uppercut","Armaments+1","Armaments","Rupture+1","Blood for Blood+1"],"relics":["Burning Blood","Golden Idol","Frozen Egg 2","Bottled Lightning","Whetstone"],"potions_floor_usage":[6,11,16],"damage_taken":[{"damage":1,"enemies":"Jaw Worm","floor":1,"turns":5},{"damage":14,"enemies":"Lagavulin","floor":6,"turns":9},{"damage":0,"enemies":"Cultist","floor":7,"turns":4},{"damage":0,"enemies":"2 Louse","floor":10,"turns":3},{"damage":36,"enemies":"3 Sentries","floor":11,"turns":10},{"damage":6,"enemies":"Blue Slaver","floor":13,"turns":4},{"damage":54,"enemies":"Hexaghost","floor":16,"turns":12}],"seed_played":"-5492611392780082987","potions_obtained":[{"floor":1,"key":"Block Potion"},{"floor":10,"key":"Regen Potion"},{"floor":13,"key":"Explosive Potion"}],"is_trial":false,"path_per_floor":["M","?","$","?","$","E","M","R","T","M","E","R","M","?","R","B"],"character_chosen":"IRONCLAD","items_purchased":["Pommel Strike","Uppercut"],"campfire_rested":1,"item_purchase_floors":[3,5],"current_hp_per_floor":[61,61,61,41,41,33,39,39,39,45,30,30,30,30,54,0],"gold":143,"neow_bonus":"TRANSFORM_TWO_CARDS","is_prod":false,"is_daily":false,"chose_seed":false,"campfire_upgraded":2,"win_rate":0,"timestamp":1547090305,"path_taken":["M","?","?","?","?","E","M","R","T","?","E","R","M","?","R","BOSS"],"build_version":"2019-01-03v4","purchased_purges":1,"victory":false,"max_hp_per_floor":[80,80,80,80,80,80,80,80,80,80,80,80,80,80,80,80],"card_choices":[{"not_picked":["Twin Strike","Warcry"],"picked":"Seeing Red","floor":1},{"not_picked":["Burning Pact","Evolve"],"picked":"Armaments","floor":6},{"not_picked":["Iron Wave","Warcry"],"picked":"Armaments","floor":7},{"not_picked":["Limit Break","Anger"],"picked":"Rupture+1","floor":10},{"not_picked":["True Grit","Iron Wave"],"picked":"Blood for Blood","floor":11},{"not_picked":["Feel No Pain+1","True Grit","Second Wind"],"picked":"SKIP","floor":13}],"player_experience":391745,"relics_obtained":[{"floor":6,"key":"Frozen Egg 2"},{"floor":9,"key":"Bottled Lightning"},{"floor":11,"key":"Whetstone"}],"event_choices":[{"damage_healed":0,"gold_gain":100,"player_choice":"Pray","damage_taken":0,"max_hp_gain":0,"max_hp_loss":0,"event_name":"Golden Shrine","floor":2,"gold_loss":0},{"damage_healed":0,"gold_gain":0,"player_choice":"Take Damage","damage_taken":20,"relics_obtained":["Golden Idol"],"max_hp_gain":0,"max_hp_loss":0,"event_name":"Golden Idol","floor":4,"gold_loss":0},{"damage_healed":0,"gold_gain":0,"player_choice":"Ignored","damage_taken":0,"max_hp_gain":0,"max_hp_loss":0,"event_name":"Liars Game","floor":14,"gold_loss":0}],"is_beta":false,"boss_relics":[],"items_purged_floors":[3],"is_endless":false,"potions_floor_spawned":[1,10,13],"killed_by":"Hexaghost","ascension_level":0}