{"path_per_floor":["M","M","?","$","M","R","?","E","T","R","$","E","M","E","R","B",null,"M","M","?","M","M","R","M","M","T","M","R","?","M","$","R","B",null,"M","?","M","?","M","R","M"],"character_chosen":"IRONCLAD","items_purchased":["Armaments","Limit Break","Heavy Blade"],"gold_per_floor":[113,125,125,27,43,43,43,76,76,76,76,108,127,190,190,295,295,310,320,320,335,345,345,357,371,396,414,414,339,351,39,39,139,139,153,153,163,263,283,283,297,297],"floor_reached":42,"campfire_rested":4,"playtime":2263,"item_purchase_floors":[4,31,31],"current_hp_per_floor":[80,80,80,80,80,80,80,76,76,76,76,54,60,63,63,31,80,70,71,63,65,57,80,61,48,48,36,60,60,33,33,57,46,80,80,62,50,50,17,41,16,0],"items_purged":["Defend_R","Strike_R"],"gold":297,"score":716,"play_id":"4a19c0f8-9a4b-4e77-8537-6cbedc69c005","local_time":"20180616233616","is_prod":false,"is_daily":false,"chose_seed":false,"is_ascension_mode":true,"campfire_upgraded":3,"win_rate":0,"timestamp":1529206576,"campfire_choices":[{"data":"Armaments","floor":6,"key":"SMITH"},{"data":"Rage","floor":10,"key":"SMITH"},{"data":"Spot Weakness","floor":15,"key":"SMITH"},{"floor":23,"key":"REST"},{"floor":28,"key":"REST"},{"floor":32,"key":"REST"},{"floor":40,"key":"REST"}],"path_taken":["M","M","?","$","?","R","?","E","T","R","$","E","M","E","R","BOSS","M","M","?","?","M","R","M","M","T","M","R","?","M","$","R","BOSS","M","?","M","?","?","R","M","M"],"build_version":"2018-06-14v2","seed_source_timestamp":243643941306610,"purchased_purges":2,"victory":false,"master_deck":["Strike_R","Strike_R","Strike_R","Defend_R","Defend_R","Bash","Spot Weakness+1","Rage+1","Metallicize","Armaments+1","Anger","Cleave","Intimidate","Offering","Heavy Blade","Flex","Shrug It Off","Blood for Blood","Thunderclap+1","Flex","Limit Break","Heavy Blade","Offering","Flex+1","Heavy Blade","Double Tap"],"max_hp_per_floor":[80,80,80,80,80,80,80,80,80,80,80,80,80,80,80,80,80,80,80,80,80,80,80,80,80,80,80,80,80,80,80,80,80,80,80,80,80,80,80,80,80,80],"relics":["Burning Blood","NeowsBlessing","Thread and Needle","Gambling Chip","Self Forming Clay","Tiny Chest","Lizard Tail","Pen Nib","Fusion Hammer","Peace Pipe"],"card_choices":[{"not_picked":["Clash","True Grit"],"picked":"Spot Weakness","floor":1},{"not_picked":["Power Through","True Grit"],"picked":"Rage","floor":2},{"not_picked":["Clash","Wild Strike","Body Slam"],"picked":"SKIP","floor":5},{"not_picked":["Clothesline","Body Slam","Clash"],"picked":"SKIP","floor":8},{"not_picked":["Armaments","Wild Strike"],"picked":"Anger","floor":12},{"not_picked":["Armaments","Hemokinesis"],"picked":"Cleave","floor":13},{"not_picked":["Wild Strike","Carnage"],"picked":"Intimidate","floor":14},{"not_picked":["Fiend Fire","Juggernaut"],"picked":"Offering","floor":16},{"not_picked":["Perfected Strike+1","Burning Pact"],"picked":"Heavy Blade","floor":18},{"not_picked":["Perfected Strike","Dark Embrace"],"picked":"Flex","floor":19},{"not_picked":["Sword Boomerang","Wild Strike"],"picked":"Shrug It Off","floor":21},{"not_picked":["Intimidate","Dual Wield"],"picked":"Blood for Blood","floor":22},{"not_picked":["Pummel+1","Headbutt"],"picked":"Thunderclap+1","floor":24},{"not_picked":["Twin Strike","Clash","Clothesline"],"picked":"SKIP","floor":25},{"not_picked":["Dual Wield","Clothesline+1"],"picked":"Flex","floor":27},{"not_picked":["Warcry","Twin Strike","True Grit"],"picked":"SKIP","floor":30},{"not_picked":["Immolate","Reaper"],"picked":"Offering","floor":33},{"not_picked":["Thunderclap","Pommel Strike+1","Twin Strike+1"],"picked":"SKIP","floor":35},{"not_picked":["Whirlwind+1","Rampage"],"picked":"Flex+1","floor":36},{"not_picked":["Armaments+1","Pommel Strike"],"picked":"Heavy Blade","floor":37},{"not_picked":["Iron Wave","Hemokinesis+1"],"picked":"Double Tap","floor":39},{"not_picked":["Thunderclap","Burning Pact+1","Twin Strike+1"],"picked":"SKIP","floor":41}],"player_experience":612079,"potions_floor_usage":[8,8,12,25,25,33,39,42],"damage_taken":[{"damage":0,"enemies":"Jaw Worm","floor":1,"turns":1},{"damage":0,"enemies":"Cultist","floor":2,"turns":1},{"damage":0,"enemies":"Small Slimes","floor":5,"turns":1},{"damage":10,"enemies":"3 Sentries","floor":8,"turns":5},{"damage":28,"enemies":"Gremlin Nob","floor":12,"turns":4},{"damage":0,"enemies":"Exordium Wildlife","floor":13,"turns":2},{"damage":3,"enemies":"3 Sentries","floor":14,"turns":5},{"damage":38,"enemies":"Hexaghost","floor":16,"turns":8},{"damage":16,"enemies":"Shell Parasite","floor":18,"turns":4},{"damage":5,"enemies":"Spheric Guardian","floor":19,"turns":4},{"damage":4,"enemies":"Centurion and Healer","floor":21,"turns":5},{"damage":14,"enemies":"Slaver and Parasite","floor":22,"turns":4},{"damage":25,"enemies":"Cultist and Chosen","floor":24,"turns":7},{"damage":19,"enemies":"Centurion and Healer","floor":25,"turns":3},{"damage":18,"enemies":"Sentry and Sphere","floor":27,"turns":4},{"damage":33,"enemies":"Snake Plant","floor":30,"turns":4},{"damage":64,"enemies":"Collector","floor":33,"turns":8},{"damage":0,"enemies":"Orb Walker","floor":35,"turns":2},{"damage":24,"floor":36,"turns":7},{"damage":18,"enemies":"3 Shapes","floor":37,"turns":3},{"damage":39,"enemies":"Maw","floor":39,"turns":6},{"damage":31,"enemies":"3 Darklings","floor":41,"turns":4}],"relics_obtained":[{"floor":8,"key":"Thread and Needle"},{"floor":9,"key":"Gambling Chip"},{"floor":12,"key":"Self Forming Clay"},{"floor":14,"key":"Tiny Chest"},{"floor":26,"key":"Pen Nib"},{"floor":36,"key":"Peace Pipe"}],"event_choices":[{"event_name":"Transmorgrifier","player_choice":"Transform","floor":3,"damage_taken":0},{"event_name":"The Lab","player_choice":"Got Potions","floor":7,"damage_taken":0},{"event_name":"Knowing Skull","player_choice":"","floor":20,"damage_taken":0},{"event_name":"Beggar","player_choice":"Gave Gold","floor":29,"damage_taken":0},{"event_name":"MindBloom","player_choice":"Fight","floor":36,"damage_taken":0},{"event_name":"Golden Shrine","player_choice":"Pray","floor":38,"damage_taken":0}],"boss_relics":[{"not_picked":["Velvet Choker","Pandora\u0027s Box"],"picked":"Lizard Tail"},{"not_picked":["Black Star","Astrolabe"],"picked":"Fusion Hammer"}],"items_purged_floors":[4,31],"is_endless":false,"potions_floor_spawned":[2,8,22,24,30,35,41],"seed_played":"-7678263026281664648","killed_by":"4 Shapes","ascension_level":4,"potions_obtained":[{"floor":2,"key":"FearPotion"},{"floor":7,"key":"SmokeBomb"},{"floor":7,"key":"AttackPotion"},{"floor":7,"key":"AttackPotion"},{"floor":8,"key":"SpeedPotion"},{"floor":22,"key":"SteroidPotion"},{"floor":24,"key":"Ancient Potion"},{"floor":30,"key":"EssenceOfSteel"},{"floor":35,"key":"EssenceOfSteel"},{"floor":41,"key":"SkillPotion"}],"is_trial":false}