{"gold_per_floor":[119,22,35,54,65,65,79,90,140,140,158,177,177,206,206,311,311,328,243,243,243,168,168,195,210,210,210,110,110,110,42,42,144,144,161,171,171,0,100,100,100,100,100,100,100,10,10,21,21,21],"floor_reached":51,"playtime":2294,"items_purged":["Strike_B","Strike_B"],"score":722,"play_id":"353ecfeb-0f86-4186-bc4c-1070fc49dd1a","local_time":"20181230181926","is_ascension_mode":true,"campfire_choices":[{"data":"Zap","floor":6,"key":"SMITH"},{"data":"Glacier","floor":13,"key":"SMITH"},{"data":"Blind","floor":15,"key":"SMITH"},{"data":"Defragment","floor":23,"key":"SMITH"},{"data":"Glacier","floor":27,"key":"SMITH"},{"data":"Blizzard","floor":32,"key":"SMITH"},{"data":"Redo","floor":40,"key":"SMITH"},{"data":"Dualcast","floor":42,"key":"SMITH"},{"data":"Reinforced Body","floor":44,"key":"SMITH"},{"data":"Coolheaded","floor":49,"key":"SMITH"}],"neow_cost":"NONE","seed_source_timestamp":407245763825071,"circlet_count":0,"master_deck":["Defend_B","Defend_B","Defend_B","Zap+1","Dualcast+1","Reinforced Body+1","Sweeping Beam","Blind+1","Coolheaded+1","Ball Lightning","Blizzard+1","Glacier+1","BootSequence","Redo+1","Cold Snap","Ball Lightning+1","Multi-Cast+1","Fusion+1","Defragment+1","Self Repair","Glacier+1","Thunder Strike+1","Go for the Eyes+1","Conserve Battery+1"],"relics":["Cracked Core","DataDisk","Gremlin Horn","Molten Egg 2","Nuclear Battery","Lantern","Juzu Bracelet","Kunai","Cursed Key","Red Mask","StoneCalendar"],"potions_floor_usage":[5,16,50,50,50],"damage_taken":[{"damage":1,"enemies":"Cultist","floor":1,"turns":3},{"damage":0,"enemies":"Small Slimes","floor":3,"turns":3},{"damage":4,"enemies":"Jaw Worm","floor":4,"turns":4},{"damage":3,"enemies":"2 Fungi Beasts","floor":5,"turns":2},{"damage":3,"enemies":"Looter","floor":7,"turns":3},{"damage":0,"enemies":"Red Slaver","floor":8,"turns":3},{"damage":5,"enemies":"Large Slime","floor":11,"turns":4},{"damage":6,"enemies":"3 Louse","floor":12,"turns":2},{"damage":7,"enemies":"Lagavulin","floor":14,"turns":7},{"damage":12,"enemies":"Slime Boss","floor":16,"turns":8},{"damage":0,"enemies":"2 Thieves","floor":18,"turns":4},{"damage":4,"enemies":"Gremlin Leader","floor":24,"turns":8},{"damage":13,"enemies":"Chosen","floor":25,"turns":5},{"damage":4,"enemies":"Colosseum Slavers","floor":30,"turns":5},{"damage":19,"enemies":"Champ","floor":33,"turns":14},{"damage":0,"enemies":"3 Shapes","floor":35,"turns":4},{"damage":2,"enemies":"Orb Walker","floor":36,"turns":4},{"damage":3,"enemies":"Mind Bloom Boss Battle","floor":39,"turns":7},{"damage":12,"enemies":"Jaw Worm Horde","floor":48,"turns":5},{"damage":21,"enemies":"Time Eater","floor":50,"turns":17}],"seed_played":"-3771445457950236901","potions_obtained":[{"floor":3,"key":"Poison Potion"},{"floor":11,"key":"Ancient Potion"},{"floor":14,"key":"Poison Potion"},{"floor":18,"key":"Energy Potion"},{"floor":25,"key":"Dexterity Potion"},{"floor":29,"key":"FocusPotion"},{"floor":48,"key":"FocusPotion"}],"is_trial":false,"path_per_floor":["M","$","M","M","M","R","M","M","T","?","M","M","R","E","R","B",null,"M","?","?","?","$","R","E","M","T","R","$","?","?","$","R","B",null,"M","M","?","?","?","R","?","R","T","R","?","?","$","M","R","B",null],"character_chosen":"DEFECT","items_purchased":["Blind","Thunder Strike+1"],"campfire_rested":0,"item_purchase_floors":[2,31],"current_hp_per_floor":[74,74,74,70,67,67,64,64,64,64,59,53,53,46,46,34,75,75,75,75,75,75,75,71,65,65,65,65,65,68,68,68,56,75,75,75,75,75,75,75,75,75,75,75,75,75,75,70,70,49],"gold":21,"neow_bonus":"TRANSFORM_CARD","is_prod":false,"is_daily":false,"chose_seed":false,"campfire_upgraded":10,"win_rate":0,"timestamp":1546161566,"path_taken":["M","$","M","M","?","R","M","M","T","?","M","?","R","E","R","BOSS","M","?","?","?","$","R","E","M","T","R","$","?","?","$","R","BOSS","M","M","?","?","?","R","?","R","T","R","?","?","$","M","R","BOSS"],"build_version":"2018-12-20","purchased_purges":2,"victory":true,"max_hp_per_floor":[75,75,75,75,75,75,75,75,75,75,75,75,75,75,75,75,75,75,75,75,75,75,75,75,75,75,75,75,75,75,75,75,75,75,75,75,75,75,75,75,75,75,75,75,75,75,75,75,75,75],"card_choices":[{"not_picked":["Steam","Go for the Eyes"],"picked":"Sweeping Beam","floor":1},{"not_picked":["Turbo","Steam Power"],"picked":"Coolheaded","floor":3},{"not_picked":["Sweeping Beam","Steam"],"picked":"Ball Lightning","floor":4},{"not_picked":["Steam","Gash"],"picked":"Blizzard","floor":5},{"not_picked":["Reinforced Body","Heatsinks"],"picked":"Glacier","floor":7},{"not_picked":["Hello World","Leap"],"picked":"BootSequence","floor":8},{"not_picked":["Sweeping Beam","Fission"],"picked":"Redo","floor":11},{"not_picked":["Redo","Hello World"],"picked":"Cold Snap","floor":12},{"not_picked":["Compile Driver","Cold Snap"],"picked":"Ball Lightning","floor":14},{"not_picked":["Rainbow","Biased Cognition"],"picked":"Multi-Cast","floor":16},{"not_picked":["Conserve Battery","Ball Lightning+1","Sweeping Beam+1"],"picked":"SKIP","floor":18},{"not_picked":["Static Discharge+1","All For One+1"],"picked":"Self Repair","floor":24},{"not_picked":["Storm","Rip and Tear+1"],"picked":"Glacier","floor":25},{"not_picked":["Hyperbeam+1","Thunder Strike+1"],"picked":"Echo Form","floor":33},{"not_picked":["Hologram+1","Steam+1"],"picked":"Go for the Eyes+1","floor":35},{"not_picked":["BootSequence+1","Barrage+1"],"picked":"Conserve Battery+1","floor":36},{"not_picked":["Sweeping Beam+1","Rebound+1","Self Repair"],"picked":"SKIP","floor":48}],"player_experience":277369,"relics_obtained":[{"floor":9,"key":"DataDisk"},{"floor":10,"key":"Gremlin Horn"},{"floor":14,"key":"Molten Egg 2"},{"floor":24,"key":"Juzu Bracelet"},{"floor":26,"key":"Kunai"},{"floor":39,"key":"StoneCalendar"}],"event_choices":[{"damage_healed":0,"gold_gain":0,"player_choice":"Relic","damage_taken":0,"max_hp_gain":0,"max_hp_loss":0,"event_name":"Wheel of Change","floor":10,"gold_loss":0},{"damage_healed":0,"gold_gain":0,"player_choice":"Obtained Relic","damage_taken":0,"relics_obtained":["Lantern"],"max_hp_gain":0,"max_hp_loss":0,"event_name":"Addict","floor":19,"gold_loss":85},{"damage_healed":0,"gold_gain":0,"cards_transformed":["Strike_B","Defend_B"],"player_choice":"Became Test Subject","damage_taken":0,"max_hp_gain":0,"max_hp_loss":0,"event_name":"Drug Dealer","floor":20,"gold_loss":0,"cards_obtained":["Heatsinks","Fusion"]},{"damage_healed":0,"gold_gain":0,"player_choice":"Read","damage_taken":0,"max_hp_gain":0,"max_hp_loss":0,"event_name":"The Library","floor":21,"gold_loss":0,"cards_obtained":["Defragment"]},{"damage_healed":0,"gold_gain":0,"player_choice":"Got Potions","damage_taken":0,"max_hp_gain":0,"max_hp_loss":0,"event_name":"Lab","floor":29,"gold_loss":0},{"damage_healed":0,"gold_gain":0,"player_choice":"Fight","damage_taken":0,"max_hp_gain":0,"max_hp_loss":0,"event_name":"Colosseum","floor":30,"gold_loss":0},{"damage_healed":0,"gold_gain":0,"player_choice":"Fled From Nobs","damage_taken":0,"max_hp_gain":0,"max_hp_loss":0,"event_name":"Colosseum","floor":30,"gold_loss":0},{"damage_healed":0,"gold_gain":0,"player_choice":"Ignored","damage_taken":0,"max_hp_gain":0,"max_hp_loss":0,"event_name":"Mysterious Sphere","floor":37,"gold_loss":0},{"damage_healed":0,"gold_gain":0,"player_choice":"Paid","damage_taken":0,"relics_obtained":["Red Mask"],"max_hp_gain":0,"max_hp_loss":0,"event_name":"Tomb of Lord Red Mask","floor":38,"gold_loss":171},{"damage_healed":0,"gold_gain":0,"player_choice":"Fight","damage_taken":0,"max_hp_gain":0,"max_hp_loss":0,"event_name":"MindBloom","floor":39,"gold_loss":0},{"damage_healed":0,"gold_gain":0,"player_choice":"Forge","damage_taken":0,"max_hp_gain":0,"max_hp_loss":0,"event_name":"Accursed Blacksmith","floor":41,"gold_loss":0,"cards_upgraded":["Multi-Cast"]},{"cards_removed":["Heatsinks"],"damage_healed":0,"gold_gain":0,"player_choice":"Removed Power","damage_taken":0,"max_hp_gain":0,"max_hp_loss":0,"event_name":"Falling","floor":45,"gold_loss":0},{"cards_removed":["Echo Form"],"damage_healed":0,"gold_gain":0,"player_choice":"Upgrade and Remove","damage_taken":0,"max_hp_gain":0,"max_hp_loss":0,"event_name":"Designer","floor":46,"gold_loss":90,"cards_upgraded":["Fusion"]}],"is_beta":false,"boss_relics":[{"not_picked":["Eternal Feather","Ectoplasm"],"picked":"Nuclear Battery"},{"not_picked":["Lizard Tail","Astrolabe"],"picked":"Cursed Key"}],"items_purged_floors":[22,28],"is_endless":false,"potions_floor_spawned":[3,11,14,18,25,30,48],"ascension_level":2}