{"path_per_floor":["M","?","?","M","?","R","?","R","T","E","M","T","$","M","R","B",null,"M","M","?","M","?","M","R","M","T","R"],"character_chosen":"IRONCLAD","items_purchased":["Toy Ornithopter"],"gold_per_floor":[111,111,111,131,96,96,159,159,159,188,208,234,30,50,50,153,153,171,184,184,198,198,209,209,227,227,227,227],"floor_reached":28,"campfire_rested":2,"playtime":1016,"current_hp_per_floor":[88,70,70,65,87,87,58,84,84,73,75,75,75,87,87,60,88,81,80,80,72,88,70,70,22,22,48,48],"items_purged":[],"gold":227,"score":240,"play_id":"d662a702-405e-48bf-b0a7-809425aca3d8","local_time":"20180423191632","is_prod":false,"is_daily":false,"chose_seed":false,"is_ascension_mode":true,"campfire_upgraded":3,"timestamp":1524500192,"path_taken":["M","?","?","M","?","R","?","R","T","E","M","?","?","?","R","BOSS","M","M","?","?","?","?","R","M","T","R","E"],"build_version":"2018-04-19","seed_source_timestamp":0,"purchased_purges":0,"victory":false,"master_deck":["Strike_R","Strike_R","Strike_R","Strike_R+1","Strike_R","Defend_R+1","Defend_R+1","Defend_R+1","Defend_R+1","Bash+1","Shrug It Off+1","Pommel Strike","Shrug It Off","Limit Break+1","Heavy Blade+1","Headbutt","Ghostly Armor","Pommel Strike","Heavy Blade+1","Clash"],"max_hp_per_floor":[88,88,88,88,88,88,88,88,88,88,88,88,88,88,88,88,88,88,88,88,88,88,88,88,88,88,88,88],"relics":["Burning Blood","War Paint","Lantern","Art of War","Vajra","Toy Ornithopter","Lizard Tail","Bottled Lightning"],"card_choices":[{"not_picked":["Whirlwind","Thunderclap"],"picked":"Shrug It Off","floor":7.0},{"not_picked":["Impervious","Body Slam"],"picked":"Pommel Strike","floor":10.0},{"not_picked":["Blood for Blood","Whirlwind"],"picked":"Rage","floor":11.0},{"not_picked":["Havoc","Heavy Blade"],"picked":"Shrug It Off","floor":14.0},{"not_picked":["Immolate","Impervious"],"picked":"Limit Break","floor":16.0},{"not_picked":["Dropkick","Battle Trance"],"picked":"Heavy Blade","floor":18.0},{"not_picked":["Sword Boomerang","Whirlwind"],"picked":"Headbutt","floor":19.0},{"not_picked":["Shrug It Off","Wild Strike"],"picked":"Pommel Strike","floor":21.0},{"not_picked":["Rupture","Seeing Red"],"picked":"Heavy Blade","floor":23.0},{"not_picked":["Entrench","Sword Boomerang"],"picked":"Clash","floor":25.0}],"player_experience":236865,"potions_floor_usage":[],"damage_taken":[{"damage":5.0,"enemies":"2 Louse","floor":1.0,"turns":3.0},{"damage":11.0,"enemies":"Jaw Worm","floor":4.0,"turns":4.0},{"damage":35.0,"enemies":"Gremlin Nob","floor":7.0,"turns":5.0},{"damage":17.0,"enemies":"Lagavulin","floor":10.0,"turns":7.0},{"damage":4.0,"enemies":"Small Slimes","floor":11.0,"turns":3.0},{"damage":3.0,"enemies":"Looter","floor":14.0,"turns":3.0},{"damage":33.0,"enemies":"The Guardian","floor":16.0,"turns":12.0},{"damage":16.0,"enemies":"Shell Parasite","floor":18.0,"turns":6.0},{"damage":13.0,"enemies":"Spheric Guardian","floor":19.0,"turns":4.0},{"damage":14.0,"enemies":"Snecko","floor":21.0,"turns":5.0},{"damage":24.0,"enemies":"Snake Plant","floor":23.0,"turns":4.0},{"damage":57.0,"enemies":"Slaver and Parasite","floor":25.0,"turns":16.0},{"damage":0,"enemies":"Slavers","floor":28,"turns":1}],"event_choices":[{"event_name":"Shining Light","player_choice":"Entered Light","floor":2.0,"damage_taken":0.0},{"event_name":"Living Wall","player_choice":"Grow","floor":3.0,"damage_taken":0.0},{"event_name":"The Cleric","player_choice":"Healed","floor":5.0,"damage_taken":0.0},{"event_name":"Dead Adventurer","player_choice":"Searched \u00271\u0027 times","floor":7.0,"damage_taken":0.0},{"event_name":"Match and Keep!","player_choice":"1 cards matched","floor":20.0,"damage_taken":0.0},{"event_name":"Bonfire Elementals","player_choice":"UNCOMMON","floor":22.0,"damage_taken":0.0}],"boss_relics":[],"potions_floor_spawned":[7,10,11,16,18,19],"seed_played":"1444464919296625696","killed_by":"Slavers","ascension_level":2,"is_trial":false}