{"gold_per_floor":[119,134,153,10,10,43,43,63,63,81,81,81,412,412,412,507,507,492,512,57,57,74,99,99,113,113,128,128,128],"floor_reached":29,"playtime":1612,"items_purged":["Strike_R"],"score":357,"play_id":"4ddb6a3a-893a-4c09-96c0-ad9f69870188","local_time":"20180730110401","is_ascension_mode":true,"campfire_choices":[{"data":"Metallicize","floor":7.0,"key":"SMITH"},{"floor":11.0,"key":"REST"},{"data":"1","floor":15.0,"key":"LIFT"},{"floor":24.0,"key":"REST"},{"floor":28,"key":"REST"}],"neow_cost":"NONE","seed_source_timestamp":407550465297927,"circlet_count":0,"master_deck":["Strike_R","Strike_R","Defend_R","Defend_R","Defend_R","Defend_R","Bash","Burning Pact","Metallicize+1","True Grit","Carnage","Pommel Strike","Shrug It Off","Shrug It Off","Juggernaut","Battle Trance","Dark Embrace","Pommel Strike","Rage","Immolate","Disarm","Body Slam","Sentinel","Body Slam"],"special_seed":0,"relics":["Burning Blood","Oddly Smooth Stone","Magic Flower","Girya","Old Coin","Mark of Pain","Peace Pipe","Bottled Flame","Frozen Egg 2"],"potions_floor_usage":[27,27],"damage_taken":[{"damage":6.0,"enemies":"Small Slimes","floor":1.0,"turns":4.0},{"damage":10.0,"enemies":"Cultist","floor":2.0,"turns":4.0},{"damage":3.0,"enemies":"2 Louse","floor":3.0,"turns":4.0},{"damage":20.0,"enemies":"Lagavulin","floor":6.0,"turns":6.0},{"damage":0.0,"enemies":"Large Slime","floor":8.0,"turns":5.0},{"damage":28.0,"enemies":"Exordium Thugs","floor":10.0,"turns":9.0},{"damage":15.0,"enemies":"3 Sentries","floor":13.0,"turns":13.0},{"damage":39.0,"enemies":"Slime Boss","floor":16.0,"turns":9.0},{"damage":20.0,"enemies":"2 Thieves","floor":18.0,"turns":4.0},{"damage":14.0,"enemies":"Spheric Guardian","floor":19.0,"turns":5.0},{"damage":2.0,"enemies":"Cultist and Chosen","floor":22.0,"turns":6.0},{"damage":48.0,"enemies":"Gremlin Leader","floor":23.0,"turns":9.0},{"damage":33.0,"enemies":"Sentry and Sphere","floor":25.0,"turns":6.0},{"damage":16,"enemies":"Chosen and Byrds","floor":27,"turns":7},{"damage":39,"enemies":"Snecko","floor":29,"turns":6}],"seed_played":"-8090907320058566929","potions_obtained":[{"floor":2.0,"key":"SpeedPotion"},{"floor":5.0,"key":"Fire Potion"},{"floor":5.0,"key":"Poison Potion"},{"floor":8.0,"key":"SpeedPotion"},{"floor":13.0,"key":"EssenceOfSteel"},{"floor":16.0,"key":"Ancient Potion"},{"floor":19.0,"key":"EntropicBrew"},{"floor":23.0,"key":"Fire Potion"},{"floor":25.0,"key":"Dexterity Potion"}],"is_trial":false,"path_per_floor":["M","M","M","$","?","E","R","M","T","M","R","?","E","?","R","B",null,"M","M","$","?","M","E","R","M","T","M","R"],"character_chosen":"IRONCLAD","items_purchased":["Carnage","Immolate","Peace Pipe"],"campfire_rested":3,"item_purchase_floors":[4,20,20],"current_hp_per_floor":[72,68,71,71,71,57,57,66,66,47,71,71,65,65,65,35,69,58,53,53,53,60,21,45,21,21,14,38,0],"gold":128,"neow_bonus":"RANDOM_COMMON_RELIC","is_prod":false,"is_daily":false,"chose_seed":false,"campfire_upgraded":1,"win_rate":0,"timestamp":1532963041,"path_taken":["M","M","M","$","?","E","R","M","T","M","R","?","E","?","R","BOSS","M","M","$","?","M","E","R","M","T","?","R","M"],"build_version":"2018-07-26","purchased_purges":1,"victory":false,"max_hp_per_floor":[80,80,80,80,80,80,80,80,80,80,80,80,80,80,80,80,80,80,80,80,80,80,80,80,80,80,80,80,80],"card_choices":[{"not_picked":["True Grit","Seeing Red"],"picked":"Burning Pact","floor":1.0},{"not_picked":["Feel No Pain","Whirlwind"],"picked":"Metallicize","floor":2.0},{"not_picked":["Heavy Blade","Flex"],"picked":"True Grit","floor":3.0},{"not_picked":["True Grit","Wild Strike"],"picked":"Pommel Strike","floor":6.0},{"not_picked":["Perfected Strike","Burning Pact"],"picked":"Shrug It Off","floor":8.0},{"not_picked":["Iron Wave","Intimidate"],"picked":"Shrug It Off","floor":10.0},{"not_picked":["Perfected Strike","Carnage"],"picked":"Battle Trance","floor":13.0},{"not_picked":["Brutality","Berserk"],"picked":"Dark Embrace","floor":16.0},{"not_picked":["Sever Soul","Searing Blow"],"picked":"Pommel Strike","floor":18.0},{"not_picked":["Perfected Strike+1","Sentinel"],"picked":"Rage","floor":19.0},{"not_picked":["Wild Strike","Havoc"],"picked":"Disarm","floor":22.0},{"not_picked":["Heavy Blade+1","Clash"],"picked":"Body Slam","floor":23.0},{"not_picked":["Sever Soul+1","Cleave"],"picked":"Sentinel","floor":25.0},{"not_picked":["Armaments","Pommel Strike"],"picked":"Body Slam","floor":27}],"player_experience":1355989,"relics_obtained":[{"floor":6.0,"key":"Magic Flower"},{"floor":9.0,"key":"Girya"},{"floor":13.0,"key":"Old Coin"},{"floor":23.0,"key":"Bottled Flame"},{"floor":26.0,"key":"Frozen Egg 2"}],"event_choices":[{"event_name":"The Lab","player_choice":"Got Potions","floor":5.0,"damage_taken":0.0},{"event_name":"Transmorgrifier","player_choice":"Transform","floor":12.0,"damage_taken":0.0},{"event_name":"Liars Game","player_choice":"disagreed","floor":14.0,"damage_taken":0.0},{"event_name":"Bonfire Elementals","player_choice":"BASIC","floor":21.0,"damage_taken":0.0}],"is_beta":false,"boss_relics":[{"not_picked":["Runic Cube","Black Star"],"picked":"Mark of Pain"}],"items_purged_floors":[4],"is_endless":false,"potions_floor_spawned":[2,8,13,16,19,23,25],"killed_by":"Snecko","ascension_level":8}