{"gold_per_floor":[113,126,138,138,158,158,171,171,171,171,2,34,0,20,20,116,116,135,154,174,186,186],"floor_reached":22,"playtime":2167,"items_purged":[],"score":190,"play_id":"7e5b02d8-7078-40db-b1f9-88bd6c7bb4c0","local_time":"20190106154746","is_ascension_mode":false,"campfire_choices":[{"data":"Noxious Fumes","floor":6,"key":"SMITH"},{"data":"Blade Dance","floor":8,"key":"SMITH"},{"data":"Deflect","floor":10,"key":"SMITH"},{"data":"Accuracy","floor":15,"key":"SMITH"}],"neow_cost":"NONE","seed_source_timestamp":1397578697870549,"circlet_count":0,"master_deck":["Defend_G","Defend_G","Defend_G","Defend_G","Defend_G","Strike_G","Strike_G","Strike_G","Strike_G","Strike_G","Survivor","Neutralize","A Thousand Cuts+1","PiercingWail","PiercingWail","Deflect+1","Noxious Fumes+1","Blade Dance+1","Accuracy+1","PiercingWail","Footwork","Blade Dance","Phantasmal Killer","Terror","Blade Dance"],"relics":["Ring of the Snake","Gremlin Horn","Strawberry","White Beast Statue"],"potions_floor_usage":[5,12,12,16,16,18,19,20,21,22],"damage_taken":[{"damage":0,"enemies":"Small Slimes","floor":1,"turns":5},{"damage":0,"enemies":"Cultist","floor":2,"turns":4},{"damage":0,"enemies":"2 Louse","floor":3,"turns":4},{"damage":0,"enemies":"Looter","floor":5,"turns":4},{"damage":0,"enemies":"3 Louse","floor":7,"turns":3},{"damage":19,"enemies":"3 Sentries","floor":12,"turns":5},{"damage":4,"enemies":"2 Fungi Beasts","floor":14,"turns":2},{"damage":4,"enemies":"Hexaghost","floor":16,"turns":10},{"damage":10,"enemies":"Chosen","floor":18,"turns":4},{"damage":3,"enemies":"3 Byrds","floor":19,"turns":3},{"damage":9,"enemies":"Centurion and Healer","floor":20,"turns":5},{"damage":0,"enemies":"Snake Plant","floor":21,"turns":5},{"damage":58,"enemies":"Cultist and Chosen","floor":22,"turns":6}],"seed_played":"7881327638328647449","potions_obtained":[{"floor":1,"key":"Explosive Potion"},{"floor":5,"key":"Regen Potion"},{"floor":12,"key":"Explosive Potion"},{"floor":16,"key":"Block Potion"},{"floor":18,"key":"Energy Potion"},{"floor":19,"key":"Swift Potion"},{"floor":20,"key":"EssenceOfSteel"},{"floor":21,"key":"Strength Potion"}],"is_trial":false,"path_per_floor":["M","M","M","?","M","R","M","R","T","R","$","E","$","M","R","B",null,"M","M","M","M","M"],"character_chosen":"THE_SILENT","items_purchased":["Accuracy","Energy Potion","GamblersBrew","Footwork"],"campfire_rested":0,"item_purchase_floors":[11,11,11,13],"current_hp_per_floor":[70,70,70,70,70,70,70,70,70,70,70,58,58,54,54,65,77,67,64,55,55,0],"gold":186,"neow_bonus":"ONE_RANDOM_RARE_CARD","is_prod":false,"is_daily":false,"chose_seed":false,"campfire_upgraded":4,"win_rate":0.0,"timestamp":1546818466,"path_taken":["M","M","M","?","M","R","M","R","T","R","$","E","?","M","R","BOSS","M","M","M","M","M"],"build_version":"2019-01-03v4","purchased_purges":0,"victory":false,"max_hp_per_floor":[70,70,70,70,70,70,70,70,70,70,70,77,77,77,77,77,77,77,77,77,77,77],"card_choices":[{"not_picked":["Distraction","Deflect"],"picked":"PiercingWail","floor":1},{"not_picked":["Dagger Spray","Poisoned Stab"],"picked":"PiercingWail","floor":2},{"not_picked":["Catalyst","Riddle With Holes"],"picked":"Deflect","floor":3},{"not_picked":["Dash","Reflex"],"picked":"Noxious Fumes","floor":5},{"not_picked":["Footwork","Distraction"],"picked":"Blade Dance","floor":7},{"not_picked":["Night Terror","Dash"],"picked":"PiercingWail","floor":12},{"not_picked":["Deflect","Dagger Spray"],"picked":"Blade Dance","floor":14},{"not_picked":["Adrenaline","Wraith Form v2"],"picked":"Phantasmal Killer","floor":16},{"not_picked":["Flechettes","Endless Agony","Skewer"],"picked":"SKIP","floor":18},{"not_picked":["Slice+1","Cloak And Dagger"],"picked":"Terror","floor":19},{"not_picked":["Dodge and Roll","Choke","Quick Slash"],"picked":"SKIP","floor":20},{"not_picked":["Sucker Punch+1","Poisoned Stab"],"picked":"Blade Dance","floor":21}],"player_experience":80916,"relics_obtained":[{"floor":9,"key":"Gremlin Horn"},{"floor":12,"key":"Strawberry"}],"event_choices":[{"damage_healed":0,"gold_gain":0,"player_choice":"Upgraded","damage_taken":0,"max_hp_gain":0,"max_hp_loss":0,"event_name":"Upgrade Shrine","floor":4,"gold_loss":0,"cards_upgraded":["A Thousand Cuts"]}],"is_beta":false,"boss_relics":[{"not_picked":["HoveringKite","Eternal Feather"],"picked":"White Beast Statue"}],"items_purged_floors":[],"is_endless":false,"potions_floor_spawned":[1,5,12,16,18,19,20,21],"killed_by":"Cultist and Chosen","ascension_level":0}