{"gold_per_floor":[113,125,138,151,167,196,207,207,207,242,265,278,34,0,0,130,130,99,99,22,46,7,7],"floor_reached":23,"playtime":1829,"items_purged":[],"score":287,"play_id":"cbd2c7c4-4f91-464f-8621-57987ba790a8","local_time":"20180702233053","is_ascension_mode":true,"campfire_choices":[{"data":"Neutralize","floor":15,"key":"SMITH"}],"neow_cost":"","seed_source_timestamp":525424932141411,"circlet_count":0,"master_deck":["Defend_G","Defend_G","Defend_G","Defend_G","Defend_G","Strike_G","Strike_G","Strike_G","Strike_G","Strike_G","Survivor","Neutralize+1","Dagger Spray","Backstab","Infinite Blades","Footwork","Choke","Footwork","Setup+1","Leg Sweep+1","Night Terror+1","Doubt","Flying Knee","Adrenaline+1","Calculated Gamble+1"],"relics":["Ring of the Snake","Omamori","Golden Idol","Toxic Egg 2","Blue Candle","Paper Crane","Calling Bell","Art of War","Dodecahedron","Ice Cream","Boot"],"potions_floor_usage":[6,10,16,16,23],"damage_taken":[{"damage":0,"enemies":"2 Louse","floor":1,"turns":2},{"damage":0,"enemies":"Small Slimes","floor":2,"turns":4},{"damage":7,"enemies":"Jaw Worm","floor":3,"turns":4},{"damage":8,"enemies":"Large Slime","floor":4,"turns":8},{"damage":1,"enemies":"2 Fungi Beasts","floor":5,"turns":4},{"damage":13,"enemies":"3 Sentries","floor":6,"turns":5},{"damage":0,"enemies":"3 Louse","floor":7,"turns":2},{"damage":16,"enemies":"Gremlin Nob","floor":10,"turns":3},{"damage":1,"enemies":"Blue Slaver","floor":11,"turns":3},{"damage":1,"enemies":"2 Fungi Beasts","floor":12,"turns":3},{"damage":5,"enemies":"The Guardian","floor":16,"turns":12},{"damage":21,"enemies":"2 Thieves","floor":18,"turns":5},{"damage":16,"enemies":"Shell Parasite","floor":21,"turns":5},{"damage":17,"enemies":"Gremlin Leader","floor":23,"turns":9}],"seed_played":"4991246928967983210","potions_obtained":[{"floor":5,"key":"Explosive Potion"},{"floor":6,"key":"LiquidBronze"},{"floor":7,"key":"SteroidPotion"},{"floor":12,"key":"Energy Potion"},{"floor":21,"key":"GamblersBrew"}],"is_trial":false,"path_per_floor":["M","M","M","M","M","E","M","?","T","E","M","M","$","?","R","B",null,"M","?","$","M","$"],"character_chosen":"THE_SILENT","items_purchased":["Paper Crane","Adrenaline+1","Calculated Gamble+1"],"campfire_rested":0,"item_purchase_floors":[13,20,22],"current_hp_per_floor":[63,63,56,48,47,34,34,34,34,18,17,16,16,16,16,11,52,31,31,31,15,15,0],"gold":7,"neow_bonus":"","is_prod":false,"is_daily":false,"chose_seed":false,"campfire_upgraded":1,"win_rate":0,"timestamp":1530592253,"path_taken":["M","M","M","M","M","E","M","?","T","E","M","M","$","?","R","BOSS","M","?","$","?","?","E"],"build_version":"2018-06-29","purchased_purges":0,"victory":false,"max_hp_per_floor":[70,70,70,70,70,70,70,65,65,65,65,65,65,65,65,65,65,65,65,65,65,65,65],"card_choices":[{"not_picked":["Slice","Bane"],"picked":"Dagger Spray","floor":1},{"not_picked":["Deflect","Quick Slash"],"picked":"Backstab","floor":2},{"not_picked":["All Out Attack","Acrobatics"],"picked":"Infinite Blades","floor":3},{"not_picked":["Deadly Poison","Deflect"],"picked":"Footwork","floor":4},{"not_picked":["Tactician","Outmaneuver"],"picked":"Choke","floor":5},{"not_picked":["Flying Knee","Heel Hook","Accuracy"],"picked":"SKIP","floor":6},{"not_picked":["Accuracy","Concentrate"],"picked":"Footwork","floor":7},{"not_picked":["Deflect+1","Dagger Throw"],"picked":"Setup+1","floor":10},{"not_picked":["Deflect+1","Bane","Slice"],"picked":"SKIP","floor":11},{"not_picked":["Dagger Spray","Venomology+1"],"picked":"Leg Sweep+1","floor":12},{"not_picked":["Envenom","Bullet Time+1"],"picked":"Night Terror+1","floor":16},{"not_picked":["Poisoned Stab","Footwork"],"picked":"Flying Knee","floor":18},{"not_picked":["Outmaneuver+1","Footwork","Bane"],"picked":"SKIP","floor":21}],"player_experience":244549,"relics_obtained":[{"floor":6,"key":"Omamori"},{"floor":9,"key":"Toxic Egg 2"},{"floor":10,"key":"Blue Candle"},{"floor":17,"key":"Art of War"},{"floor":17,"key":"Dodecahedron"},{"floor":17,"key":"Ice Cream"}],"event_choices":[{"event_name":"Golden Idol","player_choice":"Lose Max HP","floor":8,"damage_taken":0},{"event_name":"World of Goop","player_choice":"Left","floor":14,"damage_taken":0},{"event_name":"The Mausoleum","player_choice":"Yes","floor":19,"damage_taken":0}],"boss_relics":[{"not_picked":["Runic Pyramid","Eternal Feather"],"picked":"Calling Bell"}],"items_purged_floors":[],"is_endless":false,"potions_floor_spawned":[5,6,7,12,21],"killed_by":"Gremlin Leader","ascension_level":8}