{"gold_per_floor":[117,127,145,156,168,168,198,217,217,246,171,171,171,171,171,171],"floor_reached":16,"playtime":702,"items_purged":["Strike_G"],"score":240,"play_id":"6b50dedf-5ed3-49f6-9d23-07445e84cf48","local_time":"20180710143100","is_ascension_mode":true,"campfire_choices":[{"data":"Crippling Poison","floor":6,"key":"SMITH"},{"data":"Neutralize","floor":12,"key":"SMITH"},{"floor":15,"key":"REST"}],"neow_cost":"NONE","seed_source_timestamp":250275594366024,"circlet_count":0,"master_deck":["Defend_G","Defend_G","Defend_G","Defend_G","Defend_G","Strike_G","Strike_G","Strike_G","Strike_G","Survivor","Neutralize+1","AscendersBane","Sucker Punch","Well Laid Plans","Dagger Spray","Slice","Crippling Poison+1","Deflect"],"relics":["Ring of the Snake","Boot","Juzu Bracelet","Paper Crane","Blood Vial","Dodecahedron","Mummified Hand"],"potions_floor_usage":[10],"damage_taken":[{"damage":9,"enemies":"Cultist","floor":1,"turns":6},{"damage":1,"enemies":"Small Slimes","floor":2,"turns":4},{"damage":1,"enemies":"2 Louse","floor":3,"turns":3},{"damage":0,"enemies":"Blue Slaver","floor":4,"turns":4},{"damage":0,"enemies":"3 Louse","floor":5,"turns":2},{"damage":16,"enemies":"3 Sentries","floor":7,"turns":8},{"damage":0,"enemies":"Large Slime","floor":8,"turns":5},{"damage":0,"enemies":"Lagavulin","floor":10,"turns":7},{"damage":57,"enemies":"Slime Boss","floor":16,"turns":16}],"seed_played":"459055781619654696","potions_obtained":[{"floor":5,"key":"AttackPotion"},{"floor":7,"key":"Energy Potion"},{"floor":8,"key":"Ancient Potion"}],"is_trial":false,"path_per_floor":["M","M","M","M","M","R","E","M","T","E","$","R","?","?","R"],"character_chosen":"THE_SILENT","items_purchased":[],"campfire_rested":1,"item_purchase_floors":[],"current_hp_per_floor":[50,49,48,48,48,48,32,32,32,32,32,32,32,27,46,0],"gold":171,"neow_bonus":"RANDOM_COMMON_RELIC","is_prod":false,"is_daily":false,"chose_seed":false,"campfire_upgraded":2,"win_rate":0,"timestamp":1531225860,"path_taken":["M","M","?","?","M","R","E","M","T","E","$","R","?","?","R","BOSS"],"build_version":"2018-07-05","purchased_purges":1,"victory":false,"max_hp_per_floor":[66,66,66,66,66,66,66,66,66,66,66,66,66,66,66,66],"card_choices":[{"not_picked":["Dodge and Roll","Bouncing Flask"],"picked":"Sucker Punch","floor":1},{"not_picked":["Catalyst","Backflip"],"picked":"Well Laid Plans","floor":2},{"not_picked":["Quick Slash","Crippling Poison"],"picked":"Dagger Spray","floor":3},{"not_picked":["Sucker Punch","Outmaneuver"],"picked":"Slice","floor":4},{"not_picked":["Acrobatics","Cloak And Dagger"],"picked":"Crippling Poison","floor":5},{"not_picked":["Backflip","Prepared","Expertise"],"picked":"SKIP","floor":7},{"not_picked":["Sucker Punch","Poisoned Stab","Tactician"],"picked":"SKIP","floor":8},{"not_picked":["Outmaneuver","Choke"],"picked":"Deflect","floor":10}],"player_experience":1015215,"relics_obtained":[{"floor":7,"key":"Juzu Bracelet"},{"floor":9,"key":"Paper Crane"},{"floor":10,"key":"Blood Vial"}],"event_choices":[{"event_name":"Dead Adventurer","player_choice":"Searched \u00271\u0027 times","floor":13,"damage_taken":0},{"event_name":"Scrap Ooze","player_choice":"success","floor":14,"damage_taken":5}],"boss_relics":[],"items_purged_floors":[11],"is_endless":false,"potions_floor_spawned":[5,7,8],"killed_by":"Slime Boss","ascension_level":15}