{"gold_per_floor":[118,133,83,94,110,110,110,110,185,195,195,195,207,222,222,317,317,332,332,303,315,335,335,354,354,378,378,378,408,14,33,33,132,132,147,147,164,164,216,216,230,249,249,249,275,275,275,295,295,295],"floor_reached":50,"playtime":5793,"items_purged":[],"score":689,"play_id":"35265ec4-f1c6-4be5-bdbf-e93266861cd8","local_time":"20180709125255","is_ascension_mode":true,"campfire_choices":[{"data":"Neutralize","floor":6.0,"key":"SMITH"},{"data":"Dagger Spray","floor":8.0,"key":"SMITH"},{"data":"Dodge and Roll","floor":11.0,"key":"SMITH"},{"data":"Malaise","floor":15.0,"key":"SMITH"},{"data":"Tools of the Trade","floor":23.0,"key":"SMITH"},{"data":"Cloak And Dagger","floor":25.0,"key":"SMITH"},{"floor":32.0,"key":"REST"},{"data":"Noxious Fumes","floor":40,"key":"SMITH"},{"floor":44,"key":"REST"},{"data":"Dagger Spray","floor":46,"key":"SMITH"},{"floor":49,"key":"REST"}],"neow_cost":"","seed_source_timestamp":0,"circlet_count":0,"master_deck":["Defend_G","Defend_G","Defend_G","Defend_G","Strike_G","Strike_G","Strike_G","Strike_G","Survivor","Neutralize+1","Dodge and Roll+1","Blur+1","Malaise+1","Dagger Spray+1","Infinite Blades","Cloak And Dagger+1","Tools of the Trade+1","Footwork+1","Backflip","Deflect","Escape Plan","Well Laid Plans","Well Laid Plans","Noxious Fumes+1","Dagger Spray+1","Adrenaline","Madness","Madness","Backflip","Acrobatics+1","Dash+1","Backflip","Parasite","Backflip+1"],"special_seed":0,"relics":["Ring of the Snake","Omamori","Question Card","Cursed Key","Bronze Scales","Necronomicon","Sundial","Ancient Tea Set","Bag of Preparation","Runic Dome","Turnip","Molten Egg 2","Bag of Marbles"],"potions_floor_usage":[42],"damage_taken":[{"damage":1.0,"enemies":"Cultist","floor":1.0,"turns":4.0},{"damage":0.0,"enemies":"2 Louse","floor":2.0,"turns":4.0},{"damage":0.0,"enemies":"Small Slimes","floor":4.0,"turns":5.0},{"damage":1.0,"enemies":"Blue Slaver","floor":5.0,"turns":8.0},{"damage":1.0,"enemies":"2 Fungi Beasts","floor":10.0,"turns":4.0},{"damage":0.0,"enemies":"Lots of Slimes","floor":13.0,"turns":1.0},{"damage":6.0,"enemies":"Exordium Wildlife","floor":14.0,"turns":5.0},{"damage":26.0,"enemies":"Hexaghost","floor":16.0,"turns":17.0},{"damage":0.0,"enemies":"Shell Parasite","floor":18.0,"turns":9.0},{"damage":15.0,"enemies":"2 Thieves","floor":20.0,"turns":5.0},{"damage":6.0,"enemies":"Sentry and Sphere","floor":21.0,"turns":10.0},{"damage":9.0,"enemies":"Chosen and Byrds","floor":22.0,"turns":11.0},{"damage":3.0,"enemies":"Centurion and Healer","floor":24.0,"turns":7.0},{"damage":35.0,"enemies":"Slavers","floor":29.0,"turns":9.0},{"damage":0.0,"enemies":"Snake Plant","floor":31.0,"turns":6.0},{"damage":25.0,"enemies":"Collector","floor":33.0,"turns":15.0},{"damage":0.0,"enemies":"Orb Walker","floor":35.0,"turns":6.0},{"damage":2.0,"enemies":"3 Darklings","floor":37.0,"turns":5.0},{"damage":22,"floor":39,"turns":8},{"damage":0,"enemies":"Spire Growth","floor":41,"turns":7},{"damage":0,"enemies":"Flame Bruiser 2 Orb","floor":42,"turns":6},{"damage":0,"enemies":"Nemesis","floor":45,"turns":7},{"damage":0,"enemies":"4 Shapes","floor":48,"turns":1},{"damage":72,"enemies":"Time Eater","floor":50,"turns":14}],"seed_played":"6798894952701823611","potions_obtained":[{"floor":2.0,"key":"AttackPotion"},{"floor":5.0,"key":"Fruit Juice"},{"floor":13.0,"key":"Block Potion"},{"floor":14.0,"key":"SpeedPotion"},{"floor":18.0,"key":"Regen Potion"},{"floor":20.0,"key":"Poison Potion"},{"floor":22.0,"key":"Poison Potion"},{"floor":31.0,"key":"GhostInAJar"},{"floor":37.0,"key":"GhostInAJar"},{"floor":39,"key":"Energy Potion"}],"is_trial":false,"path_per_floor":["M","M","?","M","M","R","?","R","T","M","R","?","M","M","R","B",null,"M","?","M","M","M","R","M","R","T","?","?","E","$","M","R","B",null,"M","?","M","?","?","R","M","M","T","R","E","R","?","M","R"],"character_chosen":"THE_SILENT","items_purchased":["Ancient Tea Set","Bag of Preparation","Noxious Fumes"],"campfire_rested":3,"item_purchase_floors":[],"current_hp_per_floor":[62,62,62,62,61,61,54,54,54,58,58,58,58,52,52,26,63,63,63,48,42,33,33,45,45,45,70,54,19,19,19,41,16,60,60,51,49,49,27,27,27,27,27,49,49,49,49,49,71,0],"gold":295,"neow_bonus":"","is_prod":false,"is_daily":false,"chose_seed":false,"campfire_upgraded":8,"win_rate":0,"timestamp":1531133575,"path_taken":["M","?","?","M","M","R","?","R","T","M","R","?","M","?","R","BOSS","BOSS","M","?","?","M","M","R","M","R","T","?","?","E","$","M","R","BOSS","M","?","M","?","?","R","M","?","T","R","E","R","?","M","R","BOSS"],"build_version":"2018-07-05","purchased_purges":0,"victory":false,"max_hp_per_floor":[70,70,70,70,70,70,70,70,70,75,75,75,75,75,75,75,75,75,75,75,75,75,75,75,75,75,75,75,75,75,75,75,75,75,75,75,75,75,75,75,75,75,75,75,75,75,75,75,75,75],"card_choices":[{"not_picked":["Sucker Punch","All Out Attack"],"picked":"Dodge and Roll","floor":1.0},{"not_picked":["Backflip","Deflect"],"picked":"Blur","floor":2.0},{"not_picked":["Flying Knee","Reflex"],"picked":"Malaise","floor":4.0},{"not_picked":["Deadly Poison","Endless Agony"],"picked":"Dagger Spray","floor":5.0},{"not_picked":["Flying Knee","Outmaneuver","Dagger Throw"],"picked":"Infinite Blades","floor":10.0},{"not_picked":["Deadly Poison","Catalyst","Dagger Throw","Endless Agony"],"picked":"SKIP","floor":13.0},{"not_picked":["Outmaneuver","Grand Finale","Calculated Gamble"],"picked":"Cloak And Dagger","floor":14.0},{"not_picked":["Tactician","Venomology","Burst"],"picked":"Tools of the Trade","floor":16.0},{"not_picked":["Calculated Gamble","Prepared+1","Malaise+1"],"picked":"Footwork+1","floor":18.0},{"not_picked":["Quick Slash","Sucker Punch+1","Bane"],"picked":"Backflip","floor":20.0},{"not_picked":["Deadly Poison","Quick Slash","Storm of Steel"],"picked":"Deflect","floor":21.0},{"not_picked":["Masterful Stab","Bane","Outmaneuver"],"picked":"Escape Plan","floor":22.0},{"not_picked":["Underhanded Strike","Dash+1","Calculated Gamble"],"picked":"Well Laid Plans","floor":24.0},{"not_picked":["Calculated Gamble","Deadly Poison","Caltrops"],"picked":"Well Laid Plans","floor":29.0},{"not_picked":["Dagger Throw","Slice","Outmaneuver"],"picked":"Dagger Spray","floor":31.0},{"not_picked":["Phantasmal Killer","Tactician","Doppelganger"],"picked":"Adrenaline","floor":33.0},{"not_picked":["Backstab","Blade Dance","Masterful Stab"],"picked":"Infinite Blades+1","floor":35.0},{"not_picked":["Flying Knee+1","Prepared+1","Backstab"],"picked":"Backflip","floor":37.0},{"not_picked":["Dodge and Roll","Endless Agony","Poisoned Stab"],"picked":"Acrobatics+1","floor":39},{"not_picked":["Dodge and Roll+1","Finisher","Phantasmal Killer"],"picked":"Dash+1","floor":41},{"not_picked":["Acrobatics","Dodge and Roll","Quick Slash+1"],"picked":"Backflip","floor":42},{"not_picked":["Blade Dance+1","Concentrate+1","Acrobatics","Underhanded Strike+1"],"picked":"SKIP","floor":45},{"not_picked":["Setup+1","Underhanded Strike+1","Bane+1"],"picked":"Backflip+1","floor":48}],"player_experience":286053,"relics_obtained":[{"floor":9.0,"key":"Question Card"},{"floor":26.0,"key":"Bronze Scales"},{"floor":28.0,"key":"Necronomicon"},{"floor":29.0,"key":"Sundial"},{"floor":39,"key":"Turnip"},{"floor":43,"key":"Molten Egg 2"},{"floor":45,"key":"Bag of Marbles"}],"event_choices":[{"event_name":"The Cleric","player_choice":"Card Removal","floor":3.0,"damage_taken":0.0},{"event_name":"Scrap Ooze","player_choice":"success","floor":7.0,"damage_taken":7.0},{"event_name":"Wheel of Change","player_choice":"Card Removal","floor":12.0,"damage_taken":0.0},{"event_name":"Ghosts","player_choice":"Ignored","floor":19.0,"damage_taken":0.0},{"event_name":"The Library","player_choice":"Heal","floor":27.0,"damage_taken":0.0},{"event_name":"Cursed Tome","player_choice":"Obtained Book","floor":28.0,"damage_taken":0.0},{"event_name":"Winding Halls","player_choice":"Embrace Madness","floor":36.0,"damage_taken":0.0},{"event_name":"Falling","player_choice":"Removed Power","floor":38.0,"damage_taken":0.0},{"event_name":"Mysterious Sphere","player_choice":"Fight","floor":39,"damage_taken":0},{"event_name":"Upgrade Shrine","player_choice":"Upgraded","floor":47,"damage_taken":0}],"boss_relics":[{"not_picked":["Philosopher\u0027s Stone","White Beast Statue"],"picked":"Cursed Key"},{"not_picked":["Velvet Choker","Eternal Feather"],"picked":"Runic Dome"}],"items_purged_floors":[],"is_endless":false,"potions_floor_spawned":[2,5,13,14,18,20,22,31,37,39],"killed_by":"Time Eater","ascension_level":6}