{"gold_per_floor":[119,119,133,57,57,85,85,51,77,77,105,124,144,144,144,270,270,295,210,210,225,72,72,86,124,124,163,163,184,184,204,204,332,332,347,59,77,93,111,111,130,130,153,172,172,196,196,215,215,215,215,215,29,62,62],"floor_reached":55,"playtime":2787,"items_purged":["Injury"],"score":729,"play_id":"21822ee7-5e4b-4b34-9a76-044ed1e0ae74","local_time":"20181206190509","is_ascension_mode":false,"campfire_choices":[{"floor":7.0,"key":"REST"},{"data":"Capacitor","floor":10.0,"key":"SMITH"},{"data":"Echo Form","floor":15.0,"key":"SMITH"},{"floor":23.0,"key":"RECALL"},{"floor":30.0,"key":"REST"},{"floor":32.0,"key":"REST"},{"floor":40.0,"key":"REST"},{"floor":42,"key":"REST"},{"floor":47,"key":"REST"},{"floor":49,"key":"REST"},{"data":"Zap","floor":52,"key":"SMITH"}],"neow_cost":"NONE","seed_source_timestamp":340780650690906,"circlet_count":0,"master_deck":["Defend_B+1","Defend_B+1","Defend_B+1","Defend_B","Zap+1","Dualcast","Defragment+1","Machine Learning+1","Electrodynamics+1","Heatsinks","Defragment","Capacitor+1","Coolheaded+1","Static Discharge","Force Field","Echo Form+1","Machine Learning","Redo+1","Coolheaded","Skim","Barrage+1","Defragment+1","Core Surge","Defragment","Capacitor","Glacier+1","Heatsinks","Cold Snap+1","Doubt","Stack","Apotheosis","Storm+1"],"special_seed":0,"relics":["Astrolabe","Pear","Oddly Smooth Stone","Strawberry","Golden Idol","Lizard Tail","Vajra","War Paint","Red Mask","White Beast Statue","TheAbacus","Bronze Scales","Bag of Preparation"],"potions_floor_usage":[41,50,50,50,55],"damage_taken":[{"damage":8.0,"enemies":"Small Slimes","floor":1.0,"turns":2.0},{"damage":1.0,"enemies":"Cultist","floor":3.0,"turns":4.0},{"damage":17.0,"enemies":"3 Sentries","floor":6.0,"turns":3.0},{"damage":8.0,"enemies":"Lagavulin","floor":11.0,"turns":6.0},{"damage":4.0,"enemies":"Jaw Worm","floor":12.0,"turns":5.0},{"damage":10.0,"enemies":"Looter","floor":13.0,"turns":3.0},{"damage":19.0,"enemies":"The Guardian","floor":16.0,"turns":10.0},{"damage":21.0,"enemies":"2 Thieves","floor":18.0,"turns":3.0},{"damage":5.0,"enemies":"3 Byrds","floor":21.0,"turns":2.0},{"damage":14.0,"enemies":"Snake Plant","floor":24.0,"turns":4.0},{"damage":32.0,"enemies":"Gremlin Leader","floor":25.0,"turns":8.0},{"damage":62.0,"enemies":"Masked Bandits","floor":27.0,"turns":6.0},{"damage":12.0,"enemies":"Centurion and Healer","floor":29.0,"turns":8.0},{"damage":0.0,"enemies":"Snecko","floor":31.0,"turns":5.0},{"damage":1.0,"enemies":"Champ","floor":33.0,"turns":9.0},{"damage":36.0,"enemies":"3 Darklings","floor":35.0,"turns":7.0},{"damage":19.0,"enemies":"Orb Walker","floor":37.0,"turns":5.0},{"damage":17.0,"enemies":"4 Shapes","floor":38.0,"turns":3.0},{"damage":5.0,"enemies":"Maw","floor":39.0,"turns":11.0},{"damage":17,"enemies":"Jaw Worm Horde","floor":41,"turns":3},{"damage":30,"enemies":"3 Darklings","floor":44,"turns":5},{"damage":56,"enemies":"Transient","floor":46,"turns":5},{"damage":12,"enemies":"4 Shapes","floor":48,"turns":3},{"damage":37,"enemies":"Donu and Deca","floor":50,"turns":8},{"damage":74,"enemies":"Shield and Spear","floor":54,"turns":14},{"damage":20,"enemies":"The Heart","floor":55,"turns":2}],"seed_played":"-4852899427255849544","potions_obtained":[{"floor":3.0,"key":"Regen Potion"},{"floor":6.0,"key":"SteroidPotion"},{"floor":12.0,"key":"FearPotion"},{"floor":18.0,"key":"Block Potion"},{"floor":21.0,"key":"SpeedPotion"},{"floor":31.0,"key":"Block Potion"},{"floor":35.0,"key":"PowerPotion"},{"floor":37.0,"key":"FocusPotion"},{"floor":39.0,"key":"FocusPotion"},{"floor":41,"key":"EssenceOfSteel"},{"floor":46,"key":"FocusPotion"},{"floor":54,"key":"Explosive Potion"}],"is_trial":false,"path_per_floor":["M","?","M","$","?","E","R","$","T","R","E","M","M","?","R","B",null,"M","?","$","M","$","R","M","E","T","?","?","M","R","M","R","B",null,"M","$","M","M","M","R","M","R","T","M","?","M","R","M","R","B",null,"R","$","E","B"],"character_chosen":"DEFECT","items_purchased":["Capacitor","Static Discharge","Skim","TheAbacus","Capacitor","Apotheosis"],"campfire_rested":7,"item_purchase_floors":[4,8,22,36,36,53],"current_hp_per_floor":[67,52,51,51,51,49,74,74,74,74,73,69,59,59,59,40,92,71,71,71,66,66,66,52,20,20,13,13,1,28,28,55,54,92,56,56,37,20,15,42,25,52,52,22,92,36,63,51,78,41,92,92,92,18,0],"gold":62,"neow_bonus":"BOSS_RELIC","is_prod":false,"is_daily":false,"chose_seed":false,"campfire_upgraded":3,"win_rate":0,"timestamp":1544141109,"path_taken":["M","?","M","$","?","E","R","$","T","R","E","?","M","?","R","BOSS","M","?","$","M","$","R","M","E","T","?","?","M","R","M","R","BOSS","M","$","M","?","M","R","M","R","T","M","?","M","R","M","R","BOSS","R","$","E","BOSS"],"build_version":"2018-11-15","purchased_purges":1,"victory":false,"max_hp_per_floor":[75,75,75,75,75,85,85,85,85,85,92,92,92,92,92,92,92,92,92,92,92,92,92,92,92,92,92,92,92,92,92,92,92,92,92,92,92,92,92,92,92,92,92,92,92,92,92,92,92,92,92,92,92,92,92],"card_choices":[{"not_picked":["Turbo","Ball Lightning"],"picked":"Heatsinks","floor":1.0},{"not_picked":["Blizzard","Turbo"],"picked":"Defragment","floor":3.0},{"not_picked":["Amplify","Steam Power"],"picked":"Coolheaded","floor":6.0},{"not_picked":["Compile Driver","Turbo","Sweeping Beam"],"picked":"SKIP","floor":11.0},{"not_picked":["Beam Cell","Stack"],"picked":"Force Field","floor":12.0},{"not_picked":["Hologram","Aggregate"],"picked":"Echo Form","floor":13.0},{"not_picked":["Rainbow","Reboot"],"picked":"Machine Learning","floor":16.0},{"not_picked":["Gash","Conserve Battery"],"picked":"Redo+1","floor":18.0},{"not_picked":["Undo","Redo+1"],"picked":"Coolheaded","floor":21.0},{"not_picked":["Redo","Steam Power","All For One"],"picked":"SKIP","floor":24.0},{"not_picked":["Conserve Battery+1","Consume"],"picked":"Barrage+1","floor":25.0},{"not_picked":["Rebound+1","Sunder","Stack+1"],"picked":"SKIP","floor":29.0},{"not_picked":["Steam","Hologram","Cold Snap"],"picked":"SKIP","floor":31.0},{"not_picked":["Multi-Cast","Reboot"],"picked":"Core Surge","floor":33.0},{"not_picked":["Loop","Steam+1"],"picked":"Defragment","floor":35.0},{"not_picked":["Go for the Eyes+1","Cold Snap"],"picked":"Glacier+1","floor":37.0},{"not_picked":["Turbo+1","Gash"],"picked":"Heatsinks","floor":38.0},{"not_picked":["Redo+1","Steam Power"],"picked":"Cold Snap+1","floor":39.0},{"not_picked":["Beam Cell+1","Go for the Eyes+1","Rebound"],"picked":"SKIP","floor":41},{"not_picked":["Hello World","Rebound+1","Cold Snap"],"picked":"SKIP","floor":44},{"not_picked":["Cold Snap","Steam+1"],"picked":"Stack","floor":46},{"not_picked":["Compile Driver+1","Rebound+1","Beam Cell"],"picked":"SKIP","floor":48},{"not_picked":["Hologram","Beam Cell"],"picked":"Storm+1","floor":54}],"player_experience":1783682,"relics_obtained":[{"floor":6.0,"key":"Pear"},{"floor":9.0,"key":"Oddly Smooth Stone"},{"floor":11.0,"key":"Strawberry"},{"floor":25.0,"key":"War Paint"},{"floor":27.0,"key":"Red Mask"},{"floor":43,"key":"Bronze Scales"},{"floor":54,"key":"Bag of Preparation"}],"event_choices":[{"damage_healed":0.0,"max_hp_gain":0.0,"max_hp_loss":0.0,"gold_gain":0.0,"event_name":"Shining Light","player_choice":"Entered Light","floor":2.0,"gold_loss":0.0,"damage_taken":15.0,"cards_upgraded":["Defend_B","Defend_B"]},{"cards_removed":["Strike_B"],"damage_healed":0.0,"max_hp_gain":0.0,"max_hp_loss":0.0,"gold_gain":0.0,"event_name":"Bonfire Elementals","player_choice":"Offered Basic","floor":5.0,"gold_loss":0.0,"damage_taken":0.0},{"damage_healed":0.0,"max_hp_gain":0.0,"max_hp_loss":0.0,"gold_gain":0.0,"event_name":"Golden Idol","player_choice":"Take Wound","floor":14.0,"gold_loss":0.0,"damage_taken":0.0,"relics_obtained":["Golden Idol"],"cards_obtained":["Injury"]},{"damage_healed":0.0,"max_hp_gain":0.0,"max_hp_loss":0.0,"gold_gain":0.0,"event_name":"Addict","player_choice":"Obtained Relic","floor":19.0,"gold_loss":85.0,"damage_taken":0.0,"relics_obtained":["Vajra"]},{"damage_healed":0.0,"max_hp_gain":0.0,"max_hp_loss":0.0,"gold_gain":0.0,"event_name":"Masked Bandits","player_choice":"Fought Bandits","floor":27.0,"gold_loss":0.0,"damage_taken":0.0},{"damage_healed":0.0,"max_hp_gain":0.0,"max_hp_loss":0.0,"gold_gain":0.0,"event_name":"Duplicator","player_choice":"Copied","floor":28.0,"gold_loss":0.0,"damage_taken":0.0,"cards_obtained":["Defragment"]},{"damage_healed":70,"gold_gain":0,"player_choice":"Heal","damage_taken":0,"max_hp_gain":0,"max_hp_loss":0,"event_name":"MindBloom","floor":45,"gold_loss":0,"cards_obtained":["Doubt"]}],"is_beta":false,"boss_relics":[{"not_picked":["Tiny House","Pandora\u0027s Box"],"picked":"Lizard Tail"},{"not_picked":["Coffee Dripper","Orrery"],"picked":"White Beast Statue"}],"items_purged_floors":[22],"is_endless":false,"potions_floor_spawned":[3,6,12,18,21,31,35,37,38,39,41,44,46,48,54],"killed_by":"The Heart","ascension_level":0}