{"gold_per_floor":[166,166,17,32,48,73,73,98,98,108,118,218,40,55,55,159,159,172,172,203,217,237,262,262,273,298,318,318,337,337,352,352,454,454,465,687,698,746,758,773,792,792,792,792,806,821,245,264,264,264],"floor_reached":50,"playtime":4685,"items_purged":["Strike_B"],"score":582,"play_id":"653430ae-851f-4f1a-8192-7ab870f7ace4","local_time":"20181209151243","is_ascension_mode":false,"campfire_choices":[{"floor":7.0,"key":"REST"},{"data":"White Noise","floor":15.0,"key":"SMITH"},{"data":"Static Discharge","floor":24.0,"key":"SMITH"},{"floor":28.0,"key":"RECALL"},{"data":"Heatsinks","floor":30.0,"key":"SMITH"},{"data":"Creative AI","floor":32.0,"key":"SMITH"},{"data":"Glacier","floor":42.0,"key":"SMITH"},{"data":"Glacier","floor":49.0,"key":"SMITH"}],"neow_cost":"NONE","seed_source_timestamp":0,"circlet_count":0,"master_deck":["Strike_B","Strike_B","Defend_B","Defend_B","Defend_B+1","Defend_B","Zap","Dualcast","Genetic Algorithm","Cold Snap","Heatsinks+1","Leap","Glacier+1","Coolheaded","Self Repair","Conserve Battery","Self Repair","White Noise+1","Seek","Compile Driver","Self Repair","Rebound","Chill","Static Discharge+1","Steam","Glacier+1","Ball Lightning","Creative AI+1","Core Surge","Redo+1","Force Field+1","BootSequence","Stack","Self Repair","Steam+1","Buffer","Mind Blast"],"special_seed":0,"relics":["Tiny House","DataDisk","Pear","Meat on the Bone","Sozu","Red Mask","Bottled Lightning","Ancient Tea Set","Eternal Feather","Gambling Chip","Nunchaku","Symbiotic Virus"],"potions_floor_usage":[],"damage_taken":[{"damage":8.0,"enemies":"2 Louse","floor":1.0,"turns":3.0},{"damage":1.0,"enemies":"Jaw Worm","floor":4.0,"turns":4.0},{"damage":0.0,"enemies":"Cultist","floor":5.0,"turns":5.0},{"damage":37.0,"enemies":"Gremlin Nob","floor":6.0,"turns":9.0},{"damage":9.0,"enemies":"Lagavulin","floor":8.0,"turns":8.0},{"damage":0.0,"enemies":"Blue Slaver","floor":10.0,"turns":5.0},{"damage":1.0,"enemies":"Exordium Wildlife","floor":11.0,"turns":8.0},{"damage":0.0,"enemies":"Large Slime","floor":14.0,"turns":6.0},{"damage":14.0,"enemies":"The Guardian","floor":16.0,"turns":9.0},{"damage":0.0,"enemies":"Chosen","floor":18.0,"turns":7.0},{"damage":28.0,"enemies":"Masked Bandits","floor":20.0,"turns":6.0},{"damage":1.0,"enemies":"3 Byrds","floor":21.0,"turns":4.0},{"damage":9.0,"enemies":"3 Cultists","floor":22.0,"turns":5.0},{"damage":85.0,"enemies":"Book of Stabbing","floor":23.0,"turns":12.0},{"damage":5.0,"enemies":"Shelled Parasite and Fungi","floor":25.0,"turns":15.0},{"damage":7.0,"enemies":"Snake Plant","floor":27.0,"turns":5.0},{"damage":2.0,"enemies":"Centurion and Healer","floor":29.0,"turns":12.0},{"damage":9.0,"enemies":"3 Cultists","floor":31.0,"turns":6.0},{"damage":43.0,"enemies":"Collector","floor":33.0,"turns":8.0},{"damage":21.0,"enemies":"Orb Walker","floor":35.0,"turns":6.0},{"damage":5.0,"enemies":"3 Shapes","floor":37.0,"turns":7.0},{"damage":42.0,"enemies":"2 Orb Walkers","floor":38.0,"turns":7.0},{"damage":61.0,"enemies":"Transient","floor":39.0,"turns":5.0},{"damage":38.0,"enemies":"Spire Growth","floor":40.0,"turns":7.0},{"damage":15.0,"enemies":"4 Shapes","floor":41.0,"turns":6.0},{"damage":40.0,"enemies":"3 Darklings","floor":45.0,"turns":5.0},{"damage":49.0,"enemies":"Jaw Worm Horde","floor":46.0,"turns":12.0},{"damage":0.0,"enemies":"Sphere and 2 Shapes","floor":48.0,"turns":10.0},{"damage":103,"enemies":"Awakened One","floor":50,"turns":32}],"seed_played":"35316890604616587","potions_obtained":[{"floor":0.0,"key":"FocusPotion"},{"floor":1.0,"key":"SteroidPotion"},{"floor":4.0,"key":"Poison Potion"},{"floor":8.0,"key":"Strength Potion"},{"floor":10.0,"key":"LiquidBronze"}],"is_trial":false,"path_per_floor":["M","?","$","M","M","E","R","E","T","M","M","?","$","M","R","B",null,"M","?","?","M","M","E","R","M","T","M","R","M","R","M","R","B",null,"M","?","M","?","M","M","M","R","T","?","M","M","$","M","R","B"],"character_chosen":"DEFECT","items_purchased":["DataDisk","Self Repair","Fruit Juice","Buffer","Mind Blast","Symbiotic Virus"],"campfire_rested":1,"item_purchase_floors":[3,13,13,47,47,47],"current_hp_per_floor":[72,72,72,71,71,44,71,62,62,62,68,68,73,87,87,87,95,95,95,81,95,95,43,43,71,71,78,78,95,95,95,95,73,95,95,95,95,74,46,41,66,87,87,87,87,95,95,95,95,0],"gold":264,"neow_bonus":"BOSS_RELIC","is_prod":false,"is_daily":false,"chose_seed":false,"campfire_upgraded":6,"win_rate":0,"timestamp":1544386363,"path_taken":["M","?","$","M","M","E","R","E","T","M","M","?","$","?","R","BOSS","M","?","?","M","M","E","R","M","T","M","R","M","R","?","R","BOSS","M","?","M","?","M","M","M","R","T","?","M","M","$","M","R","BOSS"],"build_version":"2018-12-06","purchased_purges":1,"victory":false,"max_hp_per_floor":[80,80,80,80,80,90,90,90,90,90,90,90,95,95,95,95,95,95,95,95,95,95,95,95,95,95,95,95,95,95,95,95,95,95,95,95,95,95,95,95,95,95,95,95,95,95,95,95,95,95],"card_choices":[{"not_picked":["Go for the Eyes","Beam Cell"],"picked":"Genetic Algorithm","floor":0.0},{"not_picked":["Hello World","Conserve Battery"],"picked":"Cold Snap","floor":1.0},{"not_picked":["Tempest","Compile Driver"],"picked":"Leap","floor":4.0},{"not_picked":["Cold Snap","Steam"],"picked":"Glacier","floor":5.0},{"not_picked":["Beam Cell","Cold Snap"],"picked":"Doom and Gloom","floor":6.0},{"not_picked":["Aggregate","Rainbow"],"picked":"Coolheaded","floor":8.0},{"not_picked":["Coolheaded","Cold Snap"],"picked":"Self Repair","floor":10.0},{"not_picked":["Gash","Hologram"],"picked":"Conserve Battery","floor":11.0},{"not_picked":["Genetic Algorithm","Streamline"],"picked":"White Noise","floor":14.0},{"not_picked":["Rainbow","Reboot"],"picked":"Seek","floor":16.0},{"not_picked":["Steam Power+1","Steam+1"],"picked":"Compile Driver","floor":18.0},{"not_picked":["Double Energy","Sweeping Beam"],"picked":"Self Repair","floor":20.0},{"not_picked":["Stack","Genetic Algorithm"],"picked":"Rebound","floor":21.0},{"not_picked":["Compile Driver","Scrape"],"picked":"Chill","floor":22.0},{"not_picked":["Capacitor","Steam Power"],"picked":"Static Discharge","floor":23.0},{"not_picked":["Compile Driver","Barrage+1"],"picked":"Steam","floor":25.0},{"not_picked":["Beam Cell","Coolheaded"],"picked":"Glacier","floor":27.0},{"not_picked":["Redo","Leap"],"picked":"Ball Lightning","floor":29.0},{"not_picked":["Lockon","Auto Shields+1"],"picked":"Creative AI","floor":31.0},{"not_picked":["Rainbow","Fission"],"picked":"Core Surge","floor":33.0},{"not_picked":["Leap+1","Compile Driver+1"],"picked":"Redo+1","floor":35.0},{"not_picked":["Rebound","Hologram+1"],"picked":"Force Field+1","floor":37.0},{"not_picked":["Sweeping Beam+1","Heatsinks"],"picked":"BootSequence","floor":38.0},{"not_picked":["Double Energy+1","Barrage+1"],"picked":"Stack","floor":39.0},{"not_picked":["Barrage","Machine Learning"],"picked":"Self Repair","floor":40.0},{"not_picked":["Barrage","Sweeping Beam+1"],"picked":"Steam+1","floor":41.0},{"not_picked":["Sunder+1","Chaos+1","Leap"],"picked":"SKIP","floor":45.0},{"not_picked":["Turbo","Compile Driver+1","Gash"],"picked":"SKIP","floor":46.0},{"not_picked":["Sweeping Beam","Doom and Gloom+1","Turbo+1"],"picked":"SKIP","floor":48.0}],"player_experience":1816884,"relics_obtained":[{"floor":6.0,"key":"Pear"},{"floor":8.0,"key":"Meat on the Bone"},{"floor":20.0,"key":"Red Mask"},{"floor":23.0,"key":"Bottled Lightning"},{"floor":26.0,"key":"Ancient Tea Set"},{"floor":38.0,"key":"Gambling Chip"},{"floor":43.0,"key":"Nunchaku"}],"event_choices":[{"damage_healed":0.0,"max_hp_gain":0.0,"max_hp_loss":0.0,"gold_gain":0.0,"cards_transformed":["Strike_B"],"event_name":"Living Wall","player_choice":"Change","floor":2.0,"gold_loss":0.0,"damage_taken":0.0,"cards_obtained":["Heatsinks"]},{"damage_healed":0.0,"max_hp_gain":0.0,"max_hp_loss":0.0,"gold_gain":100.0,"event_name":"Golden Shrine","player_choice":"Pray","floor":12.0,"gold_loss":0.0,"damage_taken":0.0},{"damage_healed":0.0,"max_hp_gain":0.0,"max_hp_loss":0.0,"gold_gain":0.0,"event_name":"Vampires","player_choice":"Ignored","floor":19.0,"gold_loss":0.0,"damage_taken":0.0},{"damage_healed":0.0,"max_hp_gain":0.0,"max_hp_loss":0.0,"gold_gain":0.0,"event_name":"Masked Bandits","player_choice":"Fought Bandits","floor":20.0,"gold_loss":0.0,"damage_taken":0.0},{"damage_healed":0.0,"max_hp_gain":0.0,"max_hp_loss":0.0,"gold_gain":222.0,"event_name":"Tomb of Lord Red Mask","player_choice":"Wore Mask","floor":36.0,"gold_loss":0.0,"damage_taken":0.0},{"damage_healed":0.0,"max_hp_gain":0.0,"max_hp_loss":0.0,"gold_gain":0.0,"event_name":"Mysterious Sphere","player_choice":"Fight","floor":38.0,"gold_loss":0.0,"damage_taken":0.0},{"cards_removed":["Doom and Gloom"],"damage_healed":0.0,"max_hp_gain":0.0,"max_hp_loss":0.0,"gold_gain":0.0,"event_name":"Falling","player_choice":"Removed Attack","floor":44.0,"gold_loss":0.0,"damage_taken":0.0}],"is_beta":false,"boss_relics":[{"not_picked":["Snecko Eye","Runic Dome"],"picked":"Sozu"},{"not_picked":["Nuclear Battery","Fusion Hammer"],"picked":"Eternal Feather"}],"items_purged_floors":[47],"is_endless":false,"potions_floor_spawned":[1,4,8,10,18,20,27,31,37,39,41,45],"killed_by":"Awakened One","ascension_level":0}