{"gold_per_floor":[114,189,189,206,222,250,30,30,53,53,63,90,100,129,129,226,226,244,254,254,19,38,38,48,48,72,94,106,143,155,190,202,214],"floor_reached":33,"playtime":2204,"items_purged":["Pain"],"score":501,"play_id":"2e841f9b-5241-4b93-b329-5b2f13a07b32","local_time":"20190214002910","is_ascension_mode":true,"campfire_choices":[{"floor":8.0,"key":"REST"},{"data":"Streamline","floor":10.0,"key":"SMITH"},{"floor":15.0,"key":"REST"},{"floor":23.0,"key":"REST"},{"data":"Rainbow","floor":25.0,"key":"SMITH"},{"floor":28.0,"key":"REST"},{"floor":32.0,"key":"REST"}],"neow_cost":"NONE","seed_source_timestamp":16133390898776,"circlet_count":0,"master_deck":["Strike_B","Strike_B","Strike_B","Strike_B","Defend_B","Defend_B","Defend_B","Defend_B","Zap","Dualcast","Go for the Eyes","Cold Snap","Streamline+1","Coolheaded","Hologram","Ball Lightning","Rainbow+1","Doubt","Regret","Recycle","Conserve Battery","Reinforced Body+1","Chill+1"],"special_seed":0,"relics":["White Beast Statue","Regal Pillow","Medical Kit","Bronze Scales","StoneCalendar","Art of War","Calling Bell","Blood Vial","Mercury Hourglass","Girya","GremlinMask","Membership Card","MawBank","Omamori","Frozen Egg 2","Dream Catcher"],"potions_floor_usage":[33],"damage_taken":[{"damage":7.0,"enemies":"2 Louse","floor":1.0,"turns":2.0},{"damage":0.0,"enemies":"Small Slimes","floor":4.0,"turns":3.0},{"damage":1.0,"enemies":"Cultist","floor":5.0,"turns":3.0},{"damage":39.0,"enemies":"3 Sentries","floor":6.0,"turns":9.0},{"damage":3.0,"enemies":"Looter","floor":11.0,"turns":3.0},{"damage":16.0,"enemies":"Lagavulin","floor":12.0,"turns":7.0},{"damage":17.0,"enemies":"Exordium Wildlife","floor":13.0,"turns":4.0},{"damage":9.0,"enemies":"Gremlin Nob","floor":14.0,"turns":4.0},{"damage":14.0,"enemies":"Hexaghost","floor":16.0,"turns":9.0},{"damage":8.0,"enemies":"3 Byrds","floor":18.0,"turns":2.0},{"damage":17.0,"enemies":"Shell Parasite","floor":19.0,"turns":4.0},{"damage":21.0,"enemies":"Centurion and Healer","floor":22.0,"turns":7.0},{"damage":30.0,"enemies":"3 Cultists","floor":24.0,"turns":7.0},{"damage":19.0,"enemies":"Snake Plant","floor":27.0,"turns":6.0},{"damage":33.0,"enemies":"Gremlin Leader","floor":29.0,"turns":7.0},{"damage":78,"enemies":"Collector","floor":33,"turns":6}],"seed_played":"5621691609390497077","potions_obtained":[{"floor":1.0,"key":"Ancient Potion"},{"floor":4.0,"key":"GamblersBrew"},{"floor":5.0,"key":"Dexterity Potion"},{"floor":6.0,"key":"Weak Potion"},{"floor":11.0,"key":"FocusPotion"},{"floor":12.0,"key":"FearPotion"},{"floor":13.0,"key":"Block Potion"},{"floor":14.0,"key":"Fire Potion"},{"floor":16.0,"key":"SkillPotion"},{"floor":18.0,"key":"SteroidPotion"},{"floor":19.0,"key":"EntropicBrew"},{"floor":22.0,"key":"Energy Potion"},{"floor":24.0,"key":"FearPotion"},{"floor":27.0,"key":"FearPotion"},{"floor":29.0,"key":"GamblersBrew"}],"is_trial":false,"path_per_floor":["M","?","$","M","M","E","$","R","T","R","M","E","M","E","R","B",null,"M","M","?","$","M","R","M","R","T","M","R","E","?","T","R","B"],"character_chosen":"DEFECT","items_purchased":["Medical Kit","Streamline","Membership Card"],"campfire_rested":5,"item_purchase_floors":[7,7,21],"current_hp_per_floor":[61,50,50,50,49,10,10,47,47,47,44,28,11,2,39,25,63,57,42,42,42,23,60,32,32,32,15,52,21,21,21,58,0],"gold":214,"neow_bonus":"BOSS_RELIC","is_prod":false,"is_daily":false,"chose_seed":false,"campfire_upgraded":2,"win_rate":0,"timestamp":1550066350,"path_taken":["M","?","$","M","M","E","$","R","T","R","M","E","M","E","R","BOSS","M","M","?","$","?","R","M","R","T","M","R","E","?","?","R","BOSS"],"build_version":"2019-01-23","purchased_purges":1,"victory":false,"max_hp_per_floor":[75,75,75,75,75,75,75,75,75,75,75,75,75,75,75,75,75,75,75,75,75,75,75,75,75,75,75,75,75,75,75,75,75],"card_choices":[{"not_picked":["Rebound","Turbo","Scrape"],"picked":"SKIP","floor":1.0},{"not_picked":["Skim","Undo"],"picked":"Go for the Eyes","floor":4.0},{"not_picked":["Streamline","Sweeping Beam","Turbo"],"picked":"SKIP","floor":5.0},{"not_picked":["Amplify","BootSequence"],"picked":"Cold Snap","floor":6.0},{"not_picked":["Steam Power","Heatsinks","Gash"],"picked":"SKIP","floor":11.0},{"not_picked":["Darkness","Redo"],"picked":"Coolheaded","floor":12.0},{"not_picked":["Loop","Leap"],"picked":"Hologram","floor":13.0},{"not_picked":["Amplify","Compile Driver"],"picked":"Ball Lightning","floor":14.0},{"not_picked":["Echo Form","Seek"],"picked":"Rainbow","floor":16.0},{"not_picked":["Sweeping Beam+1","Chill"],"picked":"Recycle","floor":18.0},{"not_picked":["Undo+1","Sweeping Beam"],"picked":"Conserve Battery","floor":19.0},{"not_picked":["Doom and Gloom","Hologram"],"picked":"Reinforced Body+1","floor":22.0},{"not_picked":["Turbo","Compile Driver","Stack+1"],"picked":"SKIP","floor":24.0},{"not_picked":["Lockon","White Noise","Skim+1"],"picked":"SKIP","floor":27.0},{"not_picked":["Stack+1","Barrage","Reinforced Body"],"picked":"SKIP","floor":29.0},{"not_picked":["Coolheaded","Cold Snap"],"picked":"Chill+1","floor":32.0}],"player_experience":580580,"relics_obtained":[{"floor":6.0,"key":"Regal Pillow"},{"floor":9.0,"key":"Bronze Scales"},{"floor":12.0,"key":"StoneCalendar"},{"floor":14.0,"key":"Art of War"},{"floor":17.0,"key":"Blood Vial"},{"floor":17.0,"key":"Mercury Hourglass"},{"floor":17.0,"key":"Girya"},{"floor":26.0,"key":"MawBank"},{"floor":29.0,"key":"Omamori"},{"floor":31.0,"key":"Dream Catcher"}],"event_choices":[{"damage_healed":0.0,"max_hp_gain":0.0,"max_hp_loss":0.0,"gold_gain":75.0,"event_name":"World of Goop","player_choice":"Gather Gold","floor":2.0,"gold_loss":0.0,"damage_taken":11.0},{"damage_healed":0.0,"max_hp_gain":0.0,"max_hp_loss":0.0,"gold_gain":0.0,"event_name":"FaceTrader","player_choice":"Trade","floor":20.0,"gold_loss":0.0,"damage_taken":0.0,"relics_obtained":["GremlinMask"]},{"damage_healed":0.0,"max_hp_gain":0.0,"max_hp_loss":0.0,"gold_gain":0.0,"event_name":"The Mausoleum","player_choice":"Opened","floor":30.0,"gold_loss":0.0,"damage_taken":0.0,"relics_obtained":["Frozen Egg 2"]}],"is_beta":false,"boss_relics":[{"not_picked":["Cursed Key","Snecko Eye"],"picked":"Calling Bell"}],"items_purged_floors":[21],"is_endless":false,"potions_floor_spawned":[1,4,5,6,11,12,13,14,16,18,19,22,24,27,29],"killed_by":"Collector","ascension_level":6}