{"gold_per_floor":[110,185,185,150,166,166,195,195,219,249,70,81,100,116,116,191,191,191,191,176,176,176,176,176,176,176,176,176,176,176,176,176,176],"floor_reached":33,"playtime":1097,"items_purged":["Strike_R"],"score":515,"play_id":"a1f91468-fe7c-4d47-9ba2-4c5556323a75","local_time":"20190209161206","is_ascension_mode":true,"campfire_choices":[{"data":"Uppercut","floor":6.0,"key":"SMITH"},{"data":"Shrug It Off","floor":8.0,"key":"SMITH"},{"floor":15.0,"key":"REST"},{"data":"Whirlwind","floor":23,"key":"SMITH"},{"floor":28,"key":"REST"},{"floor":32,"key":"REST"}],"neow_cost":"NONE","seed_source_timestamp":1491543461995022,"circlet_count":0,"master_deck":["AscendersBane","Strike_R","Strike_R","Strike_R","Defend_R","Defend_R","Defend_R","Defend_R","Bash","Uppercut+1","Shrug It Off+1","Flex","Whirlwind+1","Metallicize","Battle Trance","Evolve","Double Tap","Dropkick","Demon Form","Flame Barrier"],"special_seed":0,"relics":["Burning Blood","NeowsBlessing","Omamori","Bag of Marbles","Pen Nib","Odd Mushroom","Ectoplasm","Strawberry","Happy Flower","Ancient Tea Set"],"potions_floor_usage":[33,33],"damage_taken":[{"damage":0.0,"enemies":"Small Slimes","floor":1.0,"turns":1.0},{"damage":0.0,"enemies":"2 Louse","floor":5.0,"turns":1.0},{"damage":0.0,"enemies":"Gremlin Nob","floor":7.0,"turns":1.0},{"damage":15.0,"enemies":"The Mushroom Lair","floor":10.0,"turns":3.0},{"damage":2.0,"enemies":"Jaw Worm","floor":12.0,"turns":3.0},{"damage":37.0,"enemies":"Exordium Wildlife","floor":13.0,"turns":7.0},{"damage":12.0,"enemies":"Gremlin Gang","floor":14.0,"turns":3.0},{"damage":21.0,"enemies":"Slime Boss","floor":16.0,"turns":11.0},{"damage":10.0,"enemies":"Spheric Guardian","floor":18.0,"turns":4.0},{"damage":11,"enemies":"2 Thieves","floor":20,"turns":2},{"damage":21,"enemies":"Sentry and Sphere","floor":21,"turns":5},{"damage":14,"enemies":"3 Cultists","floor":22,"turns":4},{"damage":7,"enemies":"Shelled Parasite and Fungi","floor":24,"turns":5},{"damage":6,"enemies":"Centurion and Healer","floor":25,"turns":3},{"damage":30,"enemies":"Book of Stabbing","floor":30,"turns":4},{"damage":24,"enemies":"Snake Plant","floor":31,"turns":3},{"damage":54,"enemies":"Champ","floor":33,"turns":4}],"seed_played":"-342813677785708984","potions_obtained":[{"floor":7.0,"key":"Strength Potion"},{"floor":10.0,"key":"Strength Potion"},{"floor":13.0,"key":"SpeedPotion"},{"floor":18.0,"key":"Swift Potion"},{"floor":21,"key":"Swift Potion"},{"floor":22,"key":"Energy Potion"},{"floor":31,"key":"AttackPotion"}],"is_trial":false,"path_per_floor":["M","?","?","?","M","R","E","R","T","?","$","M","M","M","R","B",null,"M","?","M","M","M","R","M","M","T","?","R","?","E","M","R","B"],"character_chosen":"IRONCLAD","items_purchased":["Flex","Whirlwind"],"campfire_rested":3,"item_purchase_floors":[11,11],"current_hp_per_floor":[74,63,52,70,75,75,75,75,75,66,66,70,39,33,55,40,66,62,62,57,42,34,34,33,33,40,40,64,64,40,22,46,0],"gold":176,"neow_bonus":"THREE_ENEMY_KILL","is_prod":false,"is_daily":false,"chose_seed":false,"campfire_upgraded":3,"win_rate":0,"timestamp":1549696326,"path_taken":["M","?","?","?","M","R","E","R","T","?","$","?","M","M","R","BOSS","M","?","M","M","?","R","?","?","T","?","R","?","E","M","R","BOSS"],"build_version":"2019-01-23","purchased_purges":1,"victory":false,"max_hp_per_floor":[75,75,75,75,75,75,75,75,75,75,75,75,75,75,75,75,75,75,75,75,75,75,75,75,75,82,82,82,82,82,82,82,82],"card_choices":[{"not_picked":["Clothesline","Warcry"],"picked":"Uppercut","floor":1.0},{"not_picked":["Fire Breathing","Headbutt","Thunderclap"],"picked":"SKIP","floor":5.0},{"not_picked":["Barricade","Feel No Pain"],"picked":"Shrug It Off","floor":7.0},{"not_picked":["Feel No Pain","Twin Strike"],"picked":"Metallicize","floor":12.0},{"not_picked":["Headbutt","Body Slam"],"picked":"Battle Trance","floor":13.0},{"not_picked":["Perfected Strike","Sword Boomerang"],"picked":"Evolve","floor":14.0},{"not_picked":["Impervious","Brutality"],"picked":"Double Tap","floor":16.0},{"not_picked":["Clash","Warcry","Hemokinesis"],"picked":"SKIP","floor":18.0},{"not_picked":["Thunderclap","Armaments","Flex"],"picked":"SKIP","floor":20},{"not_picked":["Combust","Spot Weakness"],"picked":"Dropkick","floor":21},{"not_picked":["Warcry","Clash","Anger"],"picked":"SKIP","floor":22},{"not_picked":["Heavy Blade","Clash"],"picked":"Demon Form","floor":24},{"not_picked":["Cleave","Body Slam","Corruption"],"picked":"SKIP","floor":25},{"not_picked":["Juggernaut","Shrug It Off"],"picked":"Flame Barrier","floor":30},{"not_picked":["True Grit","Cleave","Second Wind"],"picked":"SKIP","floor":31}],"player_experience":504428,"relics_obtained":[{"floor":7.0,"key":"Bag of Marbles"},{"floor":9.0,"key":"Pen Nib"},{"floor":10.0,"key":"Odd Mushroom"},{"floor":26,"key":"Strawberry"},{"floor":30,"key":"Ancient Tea Set"}],"event_choices":[{"damage_healed":0.0,"max_hp_gain":0.0,"max_hp_loss":0.0,"gold_gain":75.0,"event_name":"World of Goop","player_choice":"Gather Gold","floor":2.0,"gold_loss":0.0,"damage_taken":11.0},{"damage_healed":0.0,"max_hp_gain":0.0,"max_hp_loss":0.0,"gold_gain":0.0,"event_name":"Scrap Ooze","player_choice":"Success","floor":3.0,"gold_loss":0.0,"damage_taken":11.0,"relics_obtained":["Omamori"]},{"damage_healed":18.0,"max_hp_gain":0.0,"max_hp_loss":0.0,"gold_gain":0.0,"event_name":"The Cleric","player_choice":"Healed","floor":4.0,"gold_loss":35.0,"damage_taken":0.0},{"damage_healed":0.0,"max_hp_gain":0.0,"max_hp_loss":0.0,"gold_gain":0.0,"event_name":"Mushrooms","player_choice":"Fought Mushrooms","floor":10.0,"gold_loss":0.0,"damage_taken":0.0},{"cards_removed":["Strike_R"],"damage_healed":0.0,"max_hp_gain":0.0,"max_hp_loss":0.0,"gold_gain":0.0,"event_name":"Bonfire Elementals","player_choice":"Offered Basic","floor":19.0,"gold_loss":0.0,"damage_taken":0.0},{"damage_healed":0,"gold_gain":0,"player_choice":"Opened","damage_taken":0,"relics_obtained":["Happy Flower"],"max_hp_gain":0,"max_hp_loss":0,"event_name":"The Mausoleum","floor":27,"gold_loss":0,"cards_obtained":["Writhe"]},{"damage_healed":0,"gold_gain":0,"player_choice":"Ignored","damage_taken":0,"max_hp_gain":0,"max_hp_loss":0,"event_name":"Vampires","floor":29,"gold_loss":0}],"is_beta":false,"boss_relics":[{"not_picked":["Tiny House","Coffee Dripper"],"picked":"Ectoplasm"}],"items_purged_floors":[11],"is_endless":false,"potions_floor_spawned":[7,10,13,18,21,22,30,31],"killed_by":"Champ","ascension_level":15}