{"gold_per_floor":[115,115,134,151,5,5,21,21,46,46,59,81,106,125,125,125],"floor_reached":16,"playtime":902,"items_purged":["Strike_R"],"score":110,"play_id":"35adf102-ec6e-4acc-8a11-6c512eca7a47","local_time":"20180629115538","is_ascension_mode":true,"campfire_choices":[{"data":"Barricade","floor":6,"key":"SMITH"},{"data":"Flame Barrier","floor":10,"key":"SMITH"},{"floor":15,"key":"REST"}],"neow_cost":"NONE","seed_source_timestamp":0,"circlet_count":0,"master_deck":["Strike_R","Strike_R","Strike_R","Strike_R","Defend_R","Defend_R","Defend_R","Defend_R","Bash","Shrug It Off","Shrug It Off","Barricade+1","Flame Barrier+1","Cleave"],"special_seed":0,"relics":["Burning Blood","Happy Flower","Singing Bowl","Odd Mushroom","Potion Belt"],"potions_floor_usage":[12,16],"damage_taken":[{"damage":6,"enemies":"2 Louse","floor":1,"turns":2},{"damage":2,"enemies":"Jaw Worm","floor":3,"turns":5},{"damage":6,"enemies":"Cultist","floor":4,"turns":3},{"damage":4,"enemies":"3 Louse","floor":7,"turns":7},{"damage":3,"enemies":"Blue Slaver","floor":11,"turns":6},{"damage":15,"floor":12,"turns":5},{"damage":14,"enemies":"Looter","floor":14,"turns":3},{"damage":87,"enemies":"Hexaghost","floor":16,"turns":16}],"seed_played":"-2883739280949898186","potions_obtained":[{"floor":4,"key":"Fire Potion"},{"floor":12,"key":"SmokeBomb"},{"floor":14,"key":"Explosive Potion"}],"is_trial":false,"path_per_floor":["M","?","M","M","$","R","M","?","T","R","M","?","T","M","R"],"character_chosen":"IRONCLAD","items_purchased":["Flame Barrier"],"campfire_rested":1,"item_purchase_floors":[5],"current_hp_per_floor":[80,80,80,80,80,80,80,80,80,80,82,75,75,69,86,0],"gold":125,"neow_bonus":"RANDOM_COMMON_RELIC","is_prod":false,"is_daily":false,"chose_seed":false,"campfire_upgraded":2,"win_rate":0,"timestamp":1530287738,"path_taken":["M","?","?","M","$","R","M","?","T","R","M","?","?","M","R","BOSS"],"build_version":"2018-06-28","purchased_purges":1,"victory":false,"max_hp_per_floor":[80,80,80,80,80,80,80,80,80,80,82,84,84,86,86,86],"card_choices":[{"not_picked":["True Grit","Cleave"],"picked":"Shrug It Off","floor":1},{"not_picked":["Wild Strike","Headbutt"],"picked":"Shrug It Off","floor":3},{"not_picked":["Perfected Strike","Dropkick"],"picked":"Barricade","floor":4},{"not_picked":["Clash","Wild Strike"],"picked":"Cleave","floor":7},{"not_picked":["Carnage","Cleave","True Grit"],"picked":"Singing Bowl","floor":11},{"not_picked":["Perfected Strike","Battle Trance","Cleave"],"picked":"Singing Bowl","floor":12},{"not_picked":["Brutality","Burning Pact","Perfected Strike"],"picked":"Singing Bowl","floor":14}],"player_experience":852748,"relics_obtained":[{"floor":9,"key":"Singing Bowl"},{"floor":12,"key":"Odd Mushroom"},{"floor":13,"key":"Potion Belt"}],"event_choices":[{"event_name":"Liars Game","player_choice":"disagreed","floor":2,"damage_taken":0},{"event_name":"Golden Idol","player_choice":"Ignored","floor":8,"damage_taken":0},{"event_name":"Mushrooms","player_choice":"Fought Mushrooms","floor":12,"damage_taken":0}],"boss_relics":[],"items_purged_floors":[5],"is_endless":false,"potions_floor_spawned":[4,12,14],"killed_by":"Hexaghost","ascension_level":4}