{"gold_per_floor":[111,25,36,36,50,94,94,135,135,153,153,169,185,201,201,297,297,322,237,237,29,29,29,29,42,42,42,58,77,95,15,15,93,93,106,106,125,136,60,60,74,74,74,90,90,104,104,117,117,117],"floor_reached":51,"playtime":2032,"items_purged":[],"score":1153,"play_id":"df12a479-0e9c-4ea0-9809-4bb3fd03e0ed","local_time":"20190205005718","is_ascension_mode":true,"campfire_choices":[{"floor":7.0,"key":"REST"},{"data":"Sunder","floor":11.0,"key":"SMITH"},{"data":"Self Repair","floor":15.0,"key":"SMITH"},{"data":"Defragment","floor":23.0,"key":"SMITH"},{"data":"Defragment","floor":32,"key":"SMITH"},{"data":"Echo Form","floor":40,"key":"SMITH"},{"data":"Auto Shields","floor":42,"key":"SMITH"},{"data":"Biased Cognition","floor":49,"key":"SMITH"}],"neow_cost":"NONE","seed_source_timestamp":1090104963668772,"circlet_count":0,"master_deck":["AscendersBane","Strike_B","Strike_B","Strike_B","Defend_B","Defend_B","Defend_B","Defend_B","Zap+1","Dualcast","Ball Lightning","Sunder+1","Conserve Battery","Self Repair+1","Sweeping Beam+1","Auto Shields+1","Go for the Eyes+1","Cold Snap+1","All For One+1","Defragment+1","Barrage+1","Flash of Steel+1","Defragment+1","Go for the Eyes+1","Biased Cognition+1","Electrodynamics","Echo Form+1","Defragment+1","Core Surge+1","Reinforced Body+1"],"special_seed":0,"relics":["Cracked Core","Bloody Idol","Molten Egg 2","Happy Flower","Mummified Hand","Nuclear Battery","Ornamental Fan","Blue Candle","Eternal Feather","Ice Cream","NlothsMask"],"potions_floor_usage":[33,33,50,50],"damage_taken":[{"damage":0.0,"enemies":"2 Louse","floor":1.0,"turns":3.0},{"damage":0.0,"enemies":"Small Slimes","floor":3.0,"turns":3.0},{"damage":7.0,"enemies":"Jaw Worm","floor":5.0,"turns":3.0},{"damage":21.0,"enemies":"3 Sentries","floor":6.0,"turns":6.0},{"damage":16.0,"enemies":"Lagavulin","floor":8.0,"turns":6.0},{"damage":6.0,"enemies":"Looter","floor":10.0,"turns":2.0},{"damage":9.0,"enemies":"Exordium Thugs","floor":12.0,"turns":3.0},{"damage":16.0,"enemies":"Gremlin Gang","floor":13.0,"turns":5.0},{"damage":0.0,"enemies":"2 Fungi Beasts","floor":14.0,"turns":2.0},{"damage":17.0,"enemies":"Hexaghost","floor":16.0,"turns":12.0},{"damage":15.0,"enemies":"2 Thieves","floor":18.0,"turns":4.0},{"damage":19.0,"enemies":"Colosseum Slavers","floor":20.0,"turns":4.0},{"damage":19.0,"enemies":"Spheric Guardian","floor":25.0,"turns":4.0},{"damage":4,"enemies":"Centurion and Healer","floor":28,"turns":4},{"damage":3,"enemies":"Cultist and Chosen","floor":29,"turns":5},{"damage":0,"enemies":"Shelled Parasite and Fungi","floor":30,"turns":3},{"damage":41,"enemies":"Automaton","floor":33,"turns":8},{"damage":11,"enemies":"3 Shapes","floor":35,"turns":5},{"damage":9,"enemies":"Orb Walker","floor":37,"turns":3},{"damage":6,"enemies":"Sphere and 2 Shapes","floor":38,"turns":3},{"damage":30,"enemies":"Spire Growth","floor":41,"turns":5},{"damage":40,"enemies":"3 Darklings","floor":44,"turns":6},{"damage":0,"enemies":"Maw","floor":46,"turns":6},{"damage":14,"enemies":"Writhing Mass","floor":48,"turns":5},{"damage":56,"enemies":"Awakened One","floor":50,"turns":9}],"seed_played":"1192406022986446140","potions_obtained":[{"floor":3.0,"key":"Energy Potion"},{"floor":6.0,"key":"EssenceOfSteel"},{"floor":8.0,"key":"Dexterity Potion"},{"floor":10.0,"key":"SpeedPotion"},{"floor":14.0,"key":"Explosive Potion"},{"floor":18.0,"key":"Energy Potion"},{"floor":29,"key":"FocusPotion"},{"floor":35,"key":"PowerPotion"},{"floor":38,"key":"SkillPotion"}],"is_trial":false,"path_per_floor":["M","$","M","?","M","E","R","E","T","M","R","M","M","M","R","B",null,"M","?","?","$","?","R","$","M","T","$","M","M","M","$","R","B",null,"M","?","M","M","$","R","M","R","T","M","?","M","?","M","R","B",null],"character_chosen":"DEFECT","items_purchased":["Sunder","Defragment","Barrage+1","Flash of Steel+1","Electrodynamics","Core Surge+1"],"campfire_rested":1,"item_purchase_floors":[2,21,21,21,31,39],"current_hp_per_floor":[64,64,64,64,57,36,55,46,46,40,40,38,22,22,22,15,52,47,47,38,38,38,38,38,34,34,34,45,57,62,62,62,36,57,51,51,57,56,56,64,49,64,64,49,49,64,64,64,64,18],"gold":117,"neow_bonus":"UPGRADE_CARD","is_prod":false,"is_daily":false,"chose_seed":false,"campfire_upgraded":7,"win_rate":0,"timestamp":1549295838,"path_taken":["M","$","M","?","M","E","R","E","T","M","R","M","M","M","R","BOSS","M","?","?","$","?","R","$","M","T","?","M","M","M","?","R","BOSS","M","?","?","M","$","R","M","R","T","M","?","?","?","M","R","BOSS"],"build_version":"2019-01-23","purchased_purges":0,"victory":true,"max_hp_per_floor":[71,71,71,64,64,64,64,64,64,64,64,64,64,64,64,64,64,64,64,64,64,64,64,64,64,64,64,64,64,64,64,64,64,64,64,64,64,64,64,64,64,64,64,64,64,64,64,64,64,64],"card_choices":[{"not_picked":["Beam Cell","Gash"],"picked":"Ball Lightning","floor":1.0},{"not_picked":["Beam Cell","Sunder"],"picked":"Conserve Battery","floor":3.0},{"not_picked":["Compile Driver","Stack","Static Discharge"],"picked":"SKIP","floor":5.0},{"not_picked":["Steam","Sweeping Beam"],"picked":"Self Repair","floor":6.0},{"not_picked":["Coolheaded","Steam"],"picked":"Sweeping Beam+1","floor":8.0},{"not_picked":["Rebound+1","Compile Driver+1"],"picked":"Auto Shields","floor":10.0},{"not_picked":["Double Energy","Buffer"],"picked":"Go for the Eyes+1","floor":12.0},{"not_picked":["Rebound+1","Ball Lightning+1","Doom and Gloom+1"],"picked":"SKIP","floor":13.0},{"not_picked":["Consume","Beam Cell+1"],"picked":"Cold Snap+1","floor":14.0},{"not_picked":["Seek","Reboot"],"picked":"All For One+1","floor":16.0},{"not_picked":["Recycle+1","Coolheaded","Stack"],"picked":"SKIP","floor":18.0},{"not_picked":["Hello World","Lockon+1","Genetic Algorithm"],"picked":"SKIP","floor":25.0},{"not_picked":["Streamline+1","Heatsinks"],"picked":"Defragment","floor":28},{"not_picked":["Streamline+1","Stack"],"picked":"Go for the Eyes+1","floor":29},{"not_picked":["Heatsinks","Turbo"],"picked":"Biased Cognition","floor":30},{"not_picked":["Multi-Cast","Amplify"],"picked":"Echo Form","floor":33},{"not_picked":["Turbo","Coolheaded","Leap"],"picked":"SKIP","floor":35},{"not_picked":["Ball Lightning+1","Conserve Battery","Scrape+1"],"picked":"SKIP","floor":37},{"not_picked":["Gash+1","Compile Driver+1","Turbo"],"picked":"SKIP","floor":38},{"not_picked":["Consume","Cold Snap+1"],"picked":"Reinforced Body+1","floor":41},{"not_picked":["Loop","Darkness+1","Coolheaded"],"picked":"SKIP","floor":44},{"not_picked":["Tempest","Reboot","Leap+1"],"picked":"SKIP","floor":46},{"not_picked":["Compile Driver+1","Gash+1","Coolheaded"],"picked":"SKIP","floor":48}],"player_experience":465586,"relics_obtained":[{"floor":6.0,"key":"Molten Egg 2"},{"floor":8.0,"key":"Happy Flower"},{"floor":9.0,"key":"Mummified Hand"},{"floor":26.0,"key":"Blue Candle"},{"floor":43,"key":"Ice Cream"}],"event_choices":[{"damage_healed":0.0,"max_hp_gain":0.0,"max_hp_loss":7.0,"gold_gain":0.0,"event_name":"Golden Idol","player_choice":"Lose Max HP","floor":4.0,"gold_loss":0.0,"damage_taken":0.0,"relics_obtained":["Golden Idol"]},{"damage_healed":0.0,"max_hp_gain":0.0,"max_hp_loss":0.0,"gold_gain":0.0,"event_name":"Addict","player_choice":"Obtained Relic","floor":19.0,"gold_loss":85.0,"damage_taken":0.0,"relics_obtained":["Ornamental Fan"]},{"damage_healed":0.0,"max_hp_gain":0.0,"max_hp_loss":0.0,"gold_gain":0.0,"event_name":"Colosseum","player_choice":"Fight","floor":20.0,"gold_loss":0.0,"damage_taken":0.0},{"damage_healed":0.0,"max_hp_gain":0.0,"max_hp_loss":0.0,"gold_gain":0.0,"event_name":"Colosseum","player_choice":"Fled From Nobs","floor":20.0,"gold_loss":0.0,"damage_taken":0.0},{"damage_healed":0.0,"max_hp_gain":0.0,"max_hp_loss":0.0,"gold_gain":0.0,"event_name":"Forgotten Altar","player_choice":"Gave Idol","floor":22.0,"relics_lost":["Golden Idol"],"gold_loss":0.0,"damage_taken":0.0,"relics_obtained":["Bloody Idol"]},{"damage_healed":0,"gold_gain":0,"player_choice":"Copied","damage_taken":0,"max_hp_gain":0,"max_hp_loss":0,"event_name":"Duplicator","floor":36,"gold_loss":0,"cards_obtained":["Defragment"]},{"cards_removed":["Strike_B"],"damage_healed":0,"gold_gain":0,"player_choice":"Purged","damage_taken":0,"max_hp_gain":0,"max_hp_loss":0,"event_name":"Purifier","floor":45,"gold_loss":0},{"damage_healed":0,"gold_gain":0,"player_choice":"Trade","damage_taken":0,"relics_obtained":["NlothsMask"],"max_hp_gain":0,"max_hp_loss":0,"event_name":"FaceTrader","floor":47,"gold_loss":0}],"is_beta":false,"boss_relics":[{"not_picked":["Ectoplasm","Inserter"],"picked":"Nuclear Battery"},{"not_picked":["Runic Pyramid","Tiny House"],"picked":"Eternal Feather"}],"items_purged_floors":[],"is_endless":false,"potions_floor_spawned":[3,6,8,10,14,18,29,30,35,38,46],"ascension_level":16}