{"gold_per_floor":[210,220,233,16,85,85,104,104,104,118,118,129,145,164,164,262,262,282,302,127,127],"floor_reached":21,"playtime":991,"items_purged":["Strike_B","Strike_B"],"score":280,"play_id":"44dcd6d2-fc7f-4d27-afdf-3096d7ceb613","local_time":"20180720171041","is_ascension_mode":true,"campfire_choices":[{"data":"Defragment","floor":6,"key":"SMITH"},{"floor":11,"key":"REST"},{"floor":15,"key":"REST"}],"neow_cost":"NONE","seed_source_timestamp":584480123511941,"circlet_count":0,"master_deck":["Strike_B","Strike_B","Defend_B","Defend_B","Defend_B","Defend_B","Zap+1","Dualcast","AscendersBane","FTL","Cold Snap","Defragment","Defragment+1","Coolheaded","Leap","Compile Driver","Leap","Core Surge","Leap","Genetic Algorithm","Blizzard"],"relics":["Cracked Core","Shuriken","Darkstone Periapt","Inserter"],"potions_floor_usage":[16],"damage_taken":[{"damage":1,"enemies":"Cultist","floor":1,"turns":3},{"damage":9,"enemies":"Jaw Worm","floor":2,"turns":3},{"damage":6,"enemies":"2 Louse","floor":3,"turns":2},{"damage":20,"enemies":"Lots of Slimes","floor":7,"turns":3},{"damage":13,"enemies":"Exordium Thugs","floor":10,"turns":4},{"damage":6,"enemies":"Looter","floor":12,"turns":3},{"damage":17,"enemies":"Lots of Slimes","floor":13,"turns":4},{"damage":3,"enemies":"2 Fungi Beasts","floor":14,"turns":3},{"damage":9,"enemies":"Slime Boss","floor":16,"turns":12},{"damage":1,"enemies":"Chosen","floor":18,"turns":7},{"damage":18,"enemies":"Spheric Guardian","floor":19,"turns":6},{"damage":44,"enemies":"Slaver and Parasite","floor":21,"turns":4}],"seed_played":"-5761268713539723970","potions_obtained":[{"floor":2,"key":"Weak Potion"},{"floor":3,"key":"GamblersBrew"},{"floor":16,"key":"Ancient Potion"},{"floor":18,"key":"Dexterity Potion"}],"is_trial":false,"path_per_floor":["M","M","M","$","T","R","M","?","T","M","R","M","M","M","R","B",null,"M","M","$"],"character_chosen":"DEFECT","items_purchased":["Defragment","Coolheaded","Leap","Blizzard"],"campfire_rested":2,"item_purchase_floors":[4,4,4,20],"current_hp_per_floor":[67,58,52,52,52,52,32,32,32,19,41,35,18,15,37,28,63,62,44,44,0],"gold":127,"neow_bonus":"HUNDRED_GOLD","is_prod":false,"is_daily":false,"chose_seed":false,"campfire_upgraded":1,"win_rate":0,"timestamp":1532121041,"path_taken":["M","M","M","?","?","R","?","?","T","M","R","M","M","M","R","BOSS","M","M","$","M"],"build_version":"2018-07-19v2","purchased_purges":2,"victory":false,"max_hp_per_floor":[75,75,75,75,75,75,75,75,75,75,75,75,75,75,75,75,75,75,75,75,75],"card_choices":[{"not_picked":["Compile Driver","Hello World"],"picked":"FTL","floor":1},{"not_picked":["White Noise","Leap"],"picked":"Cold Snap","floor":2},{"not_picked":["Rebound","Streamline"],"picked":"Defragment","floor":3},{"not_picked":["Streamline","Rebound","Steam Power"],"picked":"SKIP","floor":7},{"not_picked":["Go for the Eyes","Gash","Force Field"],"picked":"SKIP","floor":10},{"not_picked":["Go for the Eyes","Sunder"],"picked":"Compile Driver","floor":12},{"not_picked":["Hello World","Gash"],"picked":"Leap","floor":13},{"not_picked":["Fusion","Compile Driver","Reprogram"],"picked":"SKIP","floor":14},{"not_picked":["Reboot","Biased Cognition"],"picked":"Core Surge","floor":16},{"not_picked":["Auto Shields+1","Conserve Battery"],"picked":"Leap","floor":18},{"not_picked":["Sweeping Beam","Barrage"],"picked":"Genetic Algorithm","floor":19}],"player_experience":1202178,"relics_obtained":[{"floor":5,"key":"Shuriken"},{"floor":9,"key":"Darkstone Periapt"}],"event_choices":[{"event_name":"Accursed Blacksmith","player_choice":"Forge","floor":8,"damage_taken":0}],"is_beta":false,"boss_relics":[{"not_picked":["Lizard Tail","Nuclear Battery"],"picked":"Inserter"}],"items_purged_floors":[4,20],"is_endless":false,"potions_floor_spawned":[2,3,16,18],"killed_by":"Slaver and Parasite","ascension_level":12}