{"gold_per_floor":[144,189,234,279,229,119,209,209,264,264,309,117,117,162,162,462,462,507,552,597,597,642,642,8,8,33,123,123,168,213,258,258,558,558,603,648,48,93,138,138,183,183,183,228,318,418,463,508,508,508],"floor_reached":51,"playtime":2024,"items_purged":["Corpse Explosion"],"score":907,"play_id":"cb646315-0e4b-4e65-ba45-67f08dc42a8a","local_time":"20181118110010","daily_mods":["Specialized","Uncertain Future","Midas"],"is_ascension_mode":false,"campfire_choices":[{"floor":8,"key":"REST"},{"floor":10,"key":"REST"},{"floor":15,"key":"REST"},{"floor":23,"key":"REST"},{"floor":28,"key":"REST"},{"floor":32,"key":"REST"},{"floor":42,"key":"REST"},{"floor":49,"key":"REST"}],"neow_cost":"","seed_source_timestamp":0,"circlet_count":0,"master_deck":["Defend_G","Defend_G","Defend_G+1","Defend_G","Defend_G","Strike_G","Strike_G","Strike_G","Strike_G","Survivor+1","Neutralize","Corpse Explosion","Corpse Explosion","Corpse Explosion","Corpse Explosion","Slice","Dagger Spray","Bane","Cloak And Dagger","Footwork","Cloak And Dagger","Malaise","Apotheosis","Caltrops","Malaise","Deadly Poison+1","PiercingWail","Dash","Cloak And Dagger+1","Footwork","Malaise","Cloak And Dagger+1","Deflect","Bane+1","Finesse","Master of Strategy","Deflect+1","Footwork","Dodge and Roll+1","Leg Sweep+1"],"special_seed":17853,"relics":["Ring of the Serpent","Pen Nib","Tiny Chest","WristBlade","Chemical X","Mercury Hourglass","Strawberry","Pantograph","Boot","Bag of Preparation","Kunai","Oddly Smooth Stone","Lee\u0027s Waffle","Bottled Lightning","Incense Burner"],"potions_floor_usage":[4,16,33,33,33,50,50,50],"damage_taken":[{"damage":0,"enemies":"Small Slimes","floor":1,"turns":3},{"damage":6,"enemies":"Jaw Worm","floor":2,"turns":3},{"damage":1,"enemies":"2 Louse","floor":3,"turns":2},{"damage":16,"enemies":"Exordium Thugs","floor":4,"turns":2},{"damage":12,"enemies":"3 Sentries","floor":7,"turns":3},{"damage":0,"enemies":"Gremlin Gang","floor":11,"turns":1},{"damage":0,"enemies":"Blue Slaver","floor":14,"turns":4},{"damage":0,"enemies":"The Guardian","floor":16,"turns":10},{"damage":14,"enemies":"Spheric Guardian","floor":18,"turns":4},{"damage":10,"enemies":"Shell Parasite","floor":19,"turns":6},{"damage":6,"enemies":"Snecko","floor":20,"turns":8},{"damage":5,"enemies":"Centurion and Healer","floor":22,"turns":6},{"damage":9,"enemies":"Slavers","floor":27,"turns":3},{"damage":1,"enemies":"Cultist and Chosen","floor":29,"turns":3},{"damage":12,"enemies":"Shelled Parasite and Fungi","floor":30,"turns":7},{"damage":4,"enemies":"Centurion and Healer","floor":31,"turns":5},{"damage":33,"enemies":"Automaton","floor":33,"turns":10},{"damage":11,"enemies":"3 Darklings","floor":35,"turns":3},{"damage":3,"enemies":"Orb Walker","floor":36,"turns":4},{"damage":30,"enemies":"Transient","floor":38,"turns":5},{"damage":9,"enemies":"Sphere and 2 Shapes","floor":39,"turns":5},{"damage":1,"enemies":"Maw","floor":41,"turns":8},{"damage":0,"enemies":"Transient","floor":44,"turns":5},{"damage":7,"enemies":"Giant Head","floor":45,"turns":12},{"damage":20,"enemies":"4 Shapes","floor":47,"turns":4},{"damage":20,"enemies":"Jaw Worm Horde","floor":48,"turns":2},{"damage":18,"enemies":"Donu and Deca","floor":50,"turns":8}],"seed_played":"-3488631435737580364","potions_obtained":[{"floor":1,"key":"Energy Potion"},{"floor":3,"key":"Dexterity Potion"},{"floor":7,"key":"GhostInAJar"},{"floor":14,"key":"Ancient Potion"},{"floor":20,"key":"Block Potion"},{"floor":21,"key":"PowerPotion"},{"floor":22,"key":"SpeedPotion"},{"floor":35,"key":"Poison Potion"},{"floor":39,"key":"SkillPotion"},{"floor":45,"key":"FearPotion"}],"is_trial":false,"path_per_floor":["M","M","M","M","?","$","E","R","T","R","M","$","?","M","R","B",null,"M","M","M","?","M","R","$","T","T","E","R","M","M","M","R","B",null,"M","M","$","M","M","?","M","R","T","M","E","?","M","M","R","B",null],"character_chosen":"THE_SILENT","items_purchased":["Footwork","Apotheosis","Chemical X","Mercury Hourglass","Dash","Strawberry","Kunai","Oddly Smooth Stone","Lee\u0027s Waffle"],"campfire_rested":8,"item_purchase_floors":[6,12,24,24,24,24,37,37,37],"current_hp_per_floor":[70,64,63,47,47,47,35,56,56,70,70,70,56,56,70,70,70,56,46,40,40,35,56,63,63,63,54,77,76,64,60,77,44,77,66,63,84,54,45,35,34,59,59,59,52,52,32,12,37,44],"gold":508,"neow_bonus":"","is_prod":false,"is_daily":true,"chose_seed":false,"campfire_upgraded":0,"win_rate":0,"timestamp":1542535210,"path_taken":["M","M","M","M","?","?","E","R","T","R","M","$","?","M","R","BOSS","M","M","M","?","M","R","$","?","T","E","R","M","?","M","R","BOSS","M","M","$","M","M","?","M","R","T","M","E","?","?","M","R","BOSS"],"build_version":"2018-11-15","purchased_purges":1,"victory":true,"max_hp_per_floor":[70,70,70,70,70,70,70,70,70,70,70,70,70,70,70,70,70,70,70,70,70,70,70,77,77,77,77,77,77,77,77,77,77,77,77,77,84,84,84,84,84,84,84,84,84,84,84,84,84,84],"card_choices":[{"not_picked":["Dagger Throw","Masterful Stab"],"picked":"Slice","floor":1},{"not_picked":["Flying Knee","Quick Slash"],"picked":"Dagger Spray","floor":2},{"not_picked":["Terror","Reflex"],"picked":"Bane","floor":3},{"not_picked":["Bouncing Flask","Prepared"],"picked":"Cloak And Dagger","floor":4},{"not_picked":["PiercingWail","Expertise"],"picked":"Cloak And Dagger","floor":7},{"not_picked":["Riddle With Holes","Outmaneuver"],"picked":"Malaise","floor":11},{"not_picked":["Heel Hook","Bane"],"picked":"Caltrops","floor":14},{"not_picked":["Corpse Explosion","After Image"],"picked":"Malaise","floor":16},{"not_picked":["PiercingWail","Slice"],"picked":"Deadly Poison+1","floor":18},{"not_picked":["Riddle With Holes","Eviscerate"],"picked":"PiercingWail","floor":19},{"not_picked":["Flying Knee","Poisoned Stab+1","Dagger Throw+1"],"picked":"SKIP","floor":20},{"not_picked":["Prepared","Slice","Flying Knee+1"],"picked":"SKIP","floor":22},{"not_picked":["Prepared","Slice","Flying Knee+1"],"picked":"SKIP","floor":22},{"not_picked":["Prepared","Caltrops"],"picked":"Cloak And Dagger+1","floor":27},{"not_picked":["Choke","Setup+1"],"picked":"Footwork","floor":29},{"not_picked":["Blade Dance","Tools of the Trade","Acrobatics+1"],"picked":"SKIP","floor":30},{"not_picked":["Deadly Poison","Quick Slash+1","Blade Dance+1"],"picked":"SKIP","floor":31},{"not_picked":["Venomology","Burst"],"picked":"Malaise","floor":33},{"not_picked":["Blade Dance","Dagger Throw"],"picked":"Cloak And Dagger+1","floor":35},{"not_picked":["Flying Knee","Outmaneuver","Backflip"],"picked":"SKIP","floor":36},{"not_picked":["Deflect","Backflip","Flying Knee+1"],"picked":"SKIP","floor":38},{"not_picked":["Backflip","Flying Knee+1"],"picked":"Deflect","floor":38},{"not_picked":["Flying Knee+1","Prepared"],"picked":"Bane+1","floor":39},{"not_picked":["Sadistic Nature","Blind"],"picked":"Finesse","floor":40},{"not_picked":["Chrysalis","PanicButton"],"picked":"Master of Strategy","floor":40},{"not_picked":["Dagger Throw","Choke","Slice"],"picked":"SKIP","floor":41},{"not_picked":["Expertise+1","Crippling Poison"],"picked":"Deflect+1","floor":44},{"not_picked":["Caltrops","Sucker Punch"],"picked":"Footwork","floor":45},{"not_picked":["Escape Plan","Choke+1"],"picked":"Dodge and Roll+1","floor":47},{"not_picked":["Slice","Underhanded Strike"],"picked":"Leg Sweep+1","floor":48}],"player_experience":1719834,"relics_obtained":[{"floor":7,"key":"Pen Nib"},{"floor":9,"key":"Tiny Chest"},{"floor":25,"key":"Pantograph"},{"floor":26,"key":"Boot"},{"floor":27,"key":"Bag of Preparation"},{"floor":43,"key":"Bottled Lightning"},{"floor":45,"key":"Incense Burner"}],"event_choices":[{"cards_removed":["Strike_G"],"damage_healed":0,"gold_gain":0,"player_choice":"Card Removal","damage_taken":0,"max_hp_gain":0,"max_hp_loss":0,"event_name":"The Cleric","floor":5,"gold_loss":50},{"damage_healed":0,"gold_gain":0,"player_choice":"Entered Light","damage_taken":14,"max_hp_gain":0,"max_hp_loss":0,"event_name":"Shining Light","floor":13,"gold_loss":0,"cards_upgraded":["Survivor","Defend_G"]},{"damage_healed":0,"gold_gain":0,"player_choice":"Got Potions","damage_taken":0,"max_hp_gain":0,"max_hp_loss":0,"event_name":"Lab","floor":21,"gold_loss":0},{"damage_healed":0,"gold_gain":0,"player_choice":"Memory 3","damage_taken":10,"max_hp_gain":0,"max_hp_loss":0,"event_name":"SensoryStone","floor":40,"gold_loss":0},{"damage_healed":0,"gold_gain":100,"player_choice":"Pray","damage_taken":0,"max_hp_gain":0,"max_hp_loss":0,"event_name":"Golden Shrine","floor":46,"gold_loss":0}],"is_beta":false,"boss_relics":[{"not_picked":["Lizard Tail","Ectoplasm"],"picked":"WristBlade"},{"not_picked":["Tiny House","Coffee Dripper"],"picked":"Ring of the Serpent"}],"items_purged_floors":[6],"is_endless":false,"potions_floor_spawned":[1,3,7,14,20,22,27,31,35,39,45],"ascension_level":0}