{"gold_per_floor":[110,35,35,51,51,78,78,103,130,130,102,131,141,168,168,271,271,284,284,164,182,201,201,218,230,230,258,271,282,282,313,313,417,417,435,452,107,154,154,154],"floor_reached":40,"playtime":2422,"items_purged":["Pain","Heavy Blade"],"score":517,"play_id":"61f672b7-2c73-411f-a6aa-1e2417eb5614","local_time":"20190213213628","is_ascension_mode":true,"campfire_choices":[{"data":"Perfected Strike","floor":7,"key":"SMITH"},{"data":"Pommel Strike","floor":10,"key":"SMITH"},{"data":"Armaments","floor":15,"key":"SMITH"},{"data":"Barricade","floor":23,"key":"SMITH"},{"data":"Metallicize","floor":30,"key":"SMITH"},{"floor":32,"key":"REST"}],"neow_cost":"CURSE","seed_source_timestamp":2794480928638178,"circlet_count":0,"master_deck":["Strike_R","Strike_R","Strike_R","Strike_R","Strike_R+1","Defend_R","Defend_R","Defend_R","Defend_R","Bash+1","Perfected Strike+1","Shockwave","Pommel Strike+1","Cleave","Spot Weakness","Armaments+1","Pommel Strike","Barricade+1","Metallicize+1","Pommel Strike","Iron Wave+1","Clothesline","Perfected Strike","Dropkick","Perfected Strike","Limit Break","Warcry+1","Armaments","Flash of Steel","Flash of Steel","Apotheosis"],"relics":["Burning Blood","Champion Belt","Strawberry","Smiling Mask","Pen Nib","Whetstone","Odd Mushroom","Velvet Choker","Girya","Boot","Bag of Marbles","Black Star","Pear","Peace Pipe"],"potions_floor_usage":[12,16,27,31,33,40],"damage_taken":[{"damage":9,"enemies":"Jaw Worm","floor":1,"turns":5},{"damage":0,"enemies":"Small Slimes","floor":4,"turns":3},{"damage":34,"enemies":"Lagavulin","floor":6,"turns":6},{"damage":20,"enemies":"Gremlin Nob","floor":8,"turns":4},{"damage":8,"enemies":"Lagavulin","floor":12,"turns":5},{"damage":0,"enemies":"2 Louse","floor":13,"turns":2},{"damage":3,"enemies":"The Mushroom Lair","floor":14,"turns":3},{"damage":28,"enemies":"Slime Boss","floor":16,"turns":9},{"damage":8,"enemies":"Shell Parasite","floor":18,"turns":7},{"damage":6,"enemies":"Chosen","floor":21,"turns":2},{"damage":15,"enemies":"Snake Plant","floor":22,"turns":5},{"damage":3,"enemies":"Cultist and Chosen","floor":24,"turns":4},{"damage":2,"enemies":"Chosen and Byrds","floor":25,"turns":4},{"damage":27,"enemies":"Book of Stabbing","floor":27,"turns":5},{"damage":19,"enemies":"Snake Plant","floor":28,"turns":5},{"damage":11,"enemies":"Shelled Parasite and Fungi","floor":29,"turns":3},{"damage":36,"enemies":"Slavers","floor":31,"turns":6},{"damage":35,"enemies":"Automaton","floor":33,"turns":8},{"damage":7,"enemies":"3 Shapes","floor":35,"turns":3},{"damage":23,"enemies":"Orb Walker","floor":36,"turns":4},{"damage":41,"enemies":"2 Orb Walkers","floor":38,"turns":4},{"damage":39,"enemies":"Reptomancer","floor":40,"turns":2}],"seed_played":"8276380830910772045","potions_obtained":[{"floor":4,"key":"PowerPotion"},{"floor":13,"key":"Energy Potion"},{"floor":14,"key":"Weak Potion"},{"floor":18,"key":"Regen Potion"},{"floor":25,"key":"SkillPotion"},{"floor":28,"key":"FearPotion"},{"floor":31,"key":"Swift Potion"},{"floor":38,"key":"SpeedPotion"}],"is_trial":false,"path_per_floor":["M","$","?","M","$","E","R","E","T","R","?","E","M","?","R","B",null,"M","?","$","M","M","R","M","M","T","E","M","M","R","E","R","B",null,"M","M","$","?","?","E"],"character_chosen":"IRONCLAD","items_purchased":["Metallicize","Pommel Strike","Armaments","Pear"],"campfire_rested":1,"item_purchase_floors":[20,20,37,37],"current_hp_per_floor":[77,77,77,80,80,59,59,45,45,45,45,43,49,52,52,30,87,85,85,85,85,76,76,79,83,83,74,61,56,56,26,52,23,87,86,69,79,44,34,0],"gold":154,"neow_bonus":"ONE_RARE_RELIC","is_prod":false,"is_daily":false,"chose_seed":false,"campfire_upgraded":5,"win_rate":0,"timestamp":1550064988,"path_taken":["M","$","?","M","$","E","R","E","T","R","?","E","M","?","R","BOSS","M","?","$","M","M","R","M","M","T","E","M","M","R","E","R","BOSS","M","M","$","?","?","E"],"build_version":"2019-01-23","purchased_purges":2,"victory":false,"max_hp_per_floor":[80,80,80,80,80,87,87,87,87,87,87,87,87,87,87,87,87,87,87,87,87,87,87,87,87,87,87,87,87,87,87,87,87,87,87,87,97,97,97,97],"card_choices":[{"not_picked":["Anger","Pommel Strike"],"picked":"Perfected Strike","floor":1},{"not_picked":["Rage","Blood for Blood"],"picked":"Shockwave","floor":4},{"not_picked":["Fire Breathing","Hemokinesis"],"picked":"Pommel Strike","floor":6},{"not_picked":["True Grit","Fire Breathing"],"picked":"Cleave","floor":8},{"not_picked":["Carnage","Exhume"],"picked":"Spot Weakness","floor":12},{"not_picked":["Havoc","Heavy Blade"],"picked":"Armaments","floor":13},{"not_picked":["Clothesline","Bloodletting"],"picked":"Pommel Strike","floor":14},{"not_picked":["Juggernaut","Brutality"],"picked":"Barricade","floor":16},{"not_picked":["Warcry","Sword Boomerang"],"picked":"Heavy Blade","floor":18},{"not_picked":["Headbutt","Havoc"],"picked":"Iron Wave+1","floor":21},{"not_picked":["Twin Strike+1","Hemokinesis","True Grit"],"picked":"SKIP","floor":22},{"not_picked":["Rupture","Headbutt"],"picked":"Clothesline","floor":24},{"not_picked":["Dual Wield","Warcry"],"picked":"Perfected Strike","floor":25},{"not_picked":["Evolve","Heavy Blade"],"picked":"Dropkick","floor":27},{"not_picked":["Body Slam","Fire Breathing"],"picked":"Perfected Strike","floor":28},{"not_picked":["Iron Wave","Warcry","Anger"],"picked":"SKIP","floor":29},{"not_picked":["Anger+1","Barricade","Carnage"],"picked":"SKIP","floor":31},{"not_picked":["Dark Embrace","Bludgeon"],"picked":"Limit Break","floor":33},{"not_picked":["Fire Breathing+1","Clash","Searing Blow"],"picked":"SKIP","floor":35},{"not_picked":["Cleave","Twin Strike"],"picked":"Warcry+1","floor":36},{"not_picked":["Mind Blast","Thinking Ahead"],"picked":"Flash of Steel","floor":39},{"not_picked":["Mind Blast","Bandage Up"],"picked":"Flash of Steel","floor":39},{"not_picked":["Jack Of All Trades","Trip"],"picked":"Apotheosis","floor":39}],"player_experience":122918,"relics_obtained":[{"floor":6,"key":"Strawberry"},{"floor":8,"key":"Smiling Mask"},{"floor":9,"key":"Pen Nib"},{"floor":12,"key":"Whetstone"},{"floor":14,"key":"Odd Mushroom"},{"floor":26,"key":"Girya"},{"floor":27,"key":"Boot"},{"floor":31,"key":"Bag of Marbles"},{"floor":38,"key":"Peace Pipe"}],"event_choices":[{"damage_healed":0,"gold_gain":0,"player_choice":"Leave","damage_taken":0,"max_hp_gain":0,"max_hp_loss":0,"event_name":"The Cleric","floor":3,"gold_loss":0},{"damage_healed":0,"gold_gain":0,"player_choice":"Left Gold","damage_taken":0,"max_hp_gain":0,"max_hp_loss":0,"event_name":"World of Goop","floor":11,"gold_loss":28},{"damage_healed":0,"gold_gain":0,"player_choice":"Fought Mushrooms","damage_taken":0,"max_hp_gain":0,"max_hp_loss":0,"event_name":"Mushrooms","floor":14,"gold_loss":0},{"damage_healed":0,"gold_gain":0,"player_choice":"Ignored","damage_taken":0,"max_hp_gain":0,"max_hp_loss":0,"event_name":"Beggar","floor":19,"gold_loss":0},{"damage_healed":0,"gold_gain":0,"player_choice":"Fight","damage_taken":0,"max_hp_gain":0,"max_hp_loss":0,"event_name":"Mysterious Sphere","floor":38,"gold_loss":0},{"damage_healed":0,"gold_gain":0,"player_choice":"Memory 3","damage_taken":10,"max_hp_gain":0,"max_hp_loss":0,"event_name":"SensoryStone","floor":39,"gold_loss":0}],"is_beta":false,"boss_relics":[{"not_picked":["Coffee Dripper","Eternal Feather"],"picked":"Velvet Choker"},{"not_picked":["Philosopher\u0027s Stone","Tiny House"],"picked":"Black Star"}],"items_purged_floors":[2,37],"is_endless":false,"potions_floor_spawned":[4,13,14,18,25,28,31,38],"killed_by":"Reptomancer","ascension_level":1}