{"gold_per_floor":[119,44,63,81,96,127,127,145,197,211,211,241,141,158,158,234,264,277,261,136,136],"floor_reached":21,"playtime":1543,"items_purged":["Strike_R","Strike_R","Whirlwind"],"score":347,"play_id":"f4cf3a20-b673-4edf-a626-5dc1e371fea6","local_time":"20190213142038","is_ascension_mode":true,"campfire_choices":[{"data":"Madness","floor":7.0,"key":"SMITH"},{"floor":11.0,"key":"REST"},{"floor":15.0,"key":"REST"}],"neow_cost":"NONE","seed_source_timestamp":12004032221670,"circlet_count":0,"master_deck":["AscendersBane","Strike_R","Strike_R","Strike_R","Defend_R","Defend_R","Defend_R","Defend_R","Bash","Madness+1","Shrug It Off","Headbutt","Offering","Clothesline","Iron Wave","Spot Weakness","Bludgeon","Demon Form","Double Tap","Parasite","Shame","Decay","True Grit","Shrug It Off"],"special_seed":0,"relics":["Burning Blood","Juzu Bracelet","PreservedInsect","Sundial","Calling Bell","Tiny Chest","Dodecahedron","Charon\u0027s Ashes"],"potions_floor_usage":[],"damage_taken":[{"damage":9.0,"enemies":"Jaw Worm","floor":1.0,"turns":5.0},{"damage":12.0,"enemies":"Small Slimes","floor":3.0,"turns":5.0},{"damage":0.0,"enemies":"2 Louse","floor":4.0,"turns":2.0},{"damage":6.0,"enemies":"Red Slaver","floor":5.0,"turns":5.0},{"damage":38.0,"enemies":"Lagavulin","floor":6.0,"turns":7.0},{"damage":3.0,"enemies":"Looter","floor":8.0,"turns":4.0},{"damage":21.0,"enemies":"Exordium Wildlife","floor":10.0,"turns":5.0},{"damage":16.0,"enemies":"3 Sentries","floor":12.0,"turns":4.0},{"damage":26.0,"enemies":"Lots of Slimes","floor":14.0,"turns":5.0},{"damage":22.0,"enemies":"Hexaghost","floor":16.0,"turns":7.0},{"damage":21.0,"enemies":"Spheric Guardian","floor":18.0,"turns":4.0},{"damage":32,"enemies":"2 Thieves","floor":19,"turns":4},{"damage":0,"enemies":"Centurion and Healer","floor":21,"turns":1}],"seed_played":"-4146321074394233591","potions_obtained":[{"floor":1.0,"key":"Block Potion"},{"floor":3.0,"key":"Weak Potion"},{"floor":4.0,"key":"BloodPotion"},{"floor":19,"key":"Poison Potion"}],"is_trial":false,"path_per_floor":["M","$","M","M","M","E","R","M","T","M","R","E","$","M","R","B",null,"M","M","$","M"],"character_chosen":"IRONCLAD","items_purchased":[],"campfire_rested":2,"item_purchase_floors":[],"current_hp_per_floor":[65,65,59,65,65,40,40,43,43,28,50,40,40,20,42,26,63,48,22,22,22],"gold":136,"neow_bonus":"RANDOM_COLORLESS","is_prod":false,"is_daily":false,"chose_seed":false,"campfire_upgraded":1,"win_rate":0,"timestamp":1550064038,"path_taken":["M","$","M","M","M","E","R","M","T","M","R","E","$","M","R","BOSS","M","M","$","M"],"build_version":"2019-02-06","purchased_purges":3,"victory":false,"max_hp_per_floor":[75,75,75,75,75,75,75,75,75,75,75,75,75,75,75,75,75,75,75,75,75],"card_choices":[{"not_picked":["Wild Strike","Dual Wield"],"picked":"Shrug It Off","floor":1.0},{"not_picked":["Cleave","Heavy Blade"],"picked":"Headbutt","floor":3.0},{"not_picked":["Thunderclap","Wild Strike"],"picked":"Offering","floor":4.0},{"not_picked":["Havoc","Anger"],"picked":"Clothesline","floor":5.0},{"not_picked":["Headbutt","Burning Pact"],"picked":"Iron Wave","floor":6.0},{"not_picked":["Twin Strike","Heavy Blade"],"picked":"Spot Weakness","floor":8.0},{"not_picked":["Bloodletting","Sword Boomerang"],"picked":"Bludgeon","floor":10.0},{"not_picked":["Havoc","Clash"],"picked":"Demon Form","floor":12.0},{"not_picked":["Armaments","Feel No Pain"],"picked":"Whirlwind","floor":14.0},{"not_picked":["Fiend Fire","Offering"],"picked":"Double Tap","floor":16.0},{"not_picked":["Thunderclap","Pummel"],"picked":"True Grit","floor":18.0},{"not_picked":["Sword Boomerang","Dropkick"],"picked":"Shrug It Off","floor":19}],"player_experience":446836,"relics_obtained":[{"floor":6.0,"key":"Juzu Bracelet"},{"floor":9.0,"key":"PreservedInsect"},{"floor":12.0,"key":"Sundial"},{"floor":17.0,"key":"Tiny Chest"},{"floor":17.0,"key":"Dodecahedron"},{"floor":17.0,"key":"Charon\u0027s Ashes"}],"event_choices":[],"is_beta":true,"boss_relics":[{"not_picked":["Orrery","Runic Cube"],"picked":"Calling Bell"}],"items_purged_floors":[2,13,20],"is_endless":false,"potions_floor_spawned":[1,3,4,19],"killed_by":"Centurion and Healer","ascension_level":16}