{"gold_per_floor":[16,33,33,47,47,47,79,97,123,134,163,176,176,195,195,293,293,293,293,293,293,293,293,293,293,293,8,8,8,8,8,8,8,8,8,8,8,8,8,8],"floor_reached":40,"playtime":2881,"items_purged":[],"score":863,"play_id":"86805d00-2805-4114-a94c-8438b7539cc1","local_time":"20180719182221","is_ascension_mode":true,"campfire_choices":[{"data":"Neutralize","floor":6,"key":"SMITH"},{"floor":13,"key":"REST"},{"floor":15,"key":"REST"},{"floor":23,"key":"REST"},{"floor":25,"key":"REST"},{"floor":32,"key":"REST"}],"neow_cost":"NO_GOLD","seed_source_timestamp":307973595502,"circlet_count":0,"master_deck":["Defend_G","Defend_G","Defend_G","Defend_G","Defend_G","Strike_G","Strike_G","Strike_G","Strike_G","Strike_G","Survivor","Neutralize+1","Noxious Fumes","Outmaneuver","Escape Plan","Choke","Glass Knife","PiercingWail","Crippling Poison","Escape Plan","Noxious Fumes","Storm of Steel","Infinite Blades","Catalyst","Backstab","Caltrops","Deflect+1","Sadistic Nature","PiercingWail","Well Laid Plans","Flechettes","Storm of Steel","Backstab","Flechettes+1","Corpse Explosion","Dagger Throw","Terror","Bane","Madness","Madness","Cloak And Dagger+1"],"relics":["Ring of the Snake","Bronze Scales","Ancient Tea Set","Strawberry","Odd Mushroom","Ectoplasm","Question Card","Mango","Tough Bandages","Busted Crown","Old Coin"],"potions_floor_usage":[8,16,16,18,18,22,29,29,31,33,35,37,40],"damage_taken":[{"damage":0,"enemies":"Small Slimes","floor":1,"turns":3},{"damage":10,"enemies":"Cultist","floor":2,"turns":4},{"damage":10,"enemies":"Jaw Worm","floor":4,"turns":6},{"damage":45,"enemies":"Gremlin Nob","floor":7,"turns":6},{"damage":0,"enemies":"Large Slime","floor":8,"turns":5},{"damage":1,"enemies":"2 Fungi Beasts","floor":10,"turns":3},{"damage":23,"floor":11,"turns":4},{"damage":5,"enemies":"Red Slaver","floor":12,"turns":5},{"damage":0,"enemies":"Lots of Slimes","floor":14,"turns":3},{"damage":7,"enemies":"The Guardian","floor":16,"turns":8},{"damage":12,"enemies":"Spheric Guardian","floor":18,"turns":4},{"damage":7,"enemies":"3 Byrds","floor":19,"turns":3},{"damage":48,"enemies":"3 Cultists","floor":21,"turns":6},{"damage":0,"enemies":"Snake Plant","floor":22,"turns":4},{"damage":4,"enemies":"Chosen and Byrds","floor":24,"turns":4},{"damage":0,"enemies":"Cultist and Chosen","floor":28,"turns":6},{"damage":13,"enemies":"Book of Stabbing","floor":29,"turns":5},{"damage":9,"enemies":"Sentry and Sphere","floor":30,"turns":5},{"damage":21,"enemies":"Slavers","floor":31,"turns":6},{"damage":22,"enemies":"Champ","floor":33,"turns":12},{"damage":13,"enemies":"Flame Bruiser 1 Orb","floor":35,"turns":6},{"damage":7,"enemies":"3 Shapes","floor":36,"turns":5},{"damage":12,"enemies":"Maw","floor":37,"turns":7},{"damage":8,"floor":39,"turns":6},{"damage":39,"enemies":"2 Orb Walkers","floor":40,"turns":2}],"seed_played":"-5026343842165918623","potions_obtained":[{"floor":7,"key":"Poison Potion"},{"floor":11,"key":"AttackPotion"},{"floor":12,"key":"Poison Potion"},{"floor":14,"key":"SpeedPotion"},{"floor":16,"key":"EssenceOfSteel"},{"floor":18,"key":"GamblersBrew"},{"floor":21,"key":"FearPotion"},{"floor":22,"key":"GhostInAJar"},{"floor":30,"key":"Weak Potion"},{"floor":31,"key":"EssenceOfSteel"},{"floor":33,"key":"SkillPotion"},{"floor":35,"key":"GhostInAJar"},{"floor":37,"key":"FearPotion"}],"is_trial":false,"path_per_floor":["M","M","?","M","?","R","E","M","T","M","?","M","R","M","R","B",null,"M","M","?","M","M","R","M","R","T","$","M","E","M","E","R","B",null,"M","M","M","?","?"],"character_chosen":"THE_SILENT","items_purchased":["Sadistic Nature","PiercingWail","Well Laid Plans"],"campfire_rested":5,"item_purchase_floors":[27,27,27],"current_hp_per_floor":[77,67,84,74,71,71,26,26,33,32,9,4,31,31,58,51,81,69,62,62,14,14,41,37,64,64,64,64,65,56,35,66,44,90,77,70,58,45,37,0],"gold":8,"neow_bonus":"TWENTY_PERCENT_HP_BONUS","is_prod":false,"is_daily":false,"chose_seed":false,"campfire_upgraded":1,"win_rate":0,"timestamp":1531990341,"path_taken":["M","M","?","M","?","R","E","?","T","M","?","?","R","M","R","BOSS","M","M","?","M","M","R","?","R","T","$","M","E","M","E","R","BOSS","M","M","M","?","?","E"],"build_version":"2018-07-12","purchased_purges":0,"victory":false,"max_hp_per_floor":[84,84,84,84,84,84,84,84,91,91,91,91,91,91,91,91,91,91,91,91,91,91,91,91,91,91,91,91,105,105,105,105,105,105,105,105,105,105,105,105],"card_choices":[{"not_picked":["Backflip","Underhanded Strike"],"picked":"Noxious Fumes","floor":1},{"not_picked":["Underhanded Strike","Masterful Stab"],"picked":"Outmaneuver","floor":2},{"not_picked":["Prepared","Poisoned Stab"],"picked":"Escape Plan","floor":4},{"not_picked":["Outmaneuver","Accuracy"],"picked":"Choke","floor":7},{"not_picked":["Choke","All Out Attack"],"picked":"Glass Knife","floor":8},{"not_picked":["Outmaneuver","Dagger Spray"],"picked":"PiercingWail","floor":10},{"not_picked":["Deadly Poison","Bane"],"picked":"Crippling Poison","floor":11},{"not_picked":["Deadly Poison","Cloak And Dagger"],"picked":"Escape Plan","floor":12},{"not_picked":["Acrobatics","Dagger Throw"],"picked":"Noxious Fumes","floor":14},{"not_picked":["Unload","Phantasmal Killer"],"picked":"Storm of Steel","floor":16},{"not_picked":["Reflex+1","Dagger Throw"],"picked":"Infinite Blades","floor":18},{"not_picked":["Dodge and Roll","Leg Sweep"],"picked":"Catalyst","floor":19},{"not_picked":["Prepared","Reflex+1"],"picked":"Backstab","floor":21},{"not_picked":["Flying Knee","Choke"],"picked":"Caltrops","floor":22},{"not_picked":["Quick Slash","Masterful Stab"],"picked":"Deflect+1","floor":24},{"not_picked":["Sucker Punch","Backstab","All Out Attack"],"picked":"Flechettes","floor":28},{"not_picked":["Slice","Deflect","Sucker Punch"],"picked":"Storm of Steel","floor":29},{"not_picked":["Deflect+1","Sucker Punch","Calculated Gamble+1"],"picked":"Backstab","floor":30},{"not_picked":["Noxious Fumes","Finisher","Skewer"],"picked":"Flechettes+1","floor":31},{"not_picked":["Adrenaline","Bullet Time","Grand Finale"],"picked":"Corpse Explosion","floor":33},{"not_picked":["Underhanded Strike"],"picked":"Dagger Throw","floor":35},{"not_picked":["Outmaneuver"],"picked":"Terror","floor":36},{"not_picked":["Quick Slash"],"picked":"Bane","floor":37},{"not_picked":["Choke"],"picked":"Cloak And Dagger+1","floor":39}],"player_experience":186422,"relics_obtained":[{"floor":7,"key":"Ancient Tea Set"},{"floor":9,"key":"Strawberry"},{"floor":11,"key":"Odd Mushroom"},{"floor":26,"key":"Question Card"},{"floor":29,"key":"Mango"},{"floor":31,"key":"Tough Bandages"},{"floor":39,"key":"Old Coin"}],"event_choices":[{"event_name":"Wheel of Change","player_choice":"Full Heal","floor":3,"damage_taken":0},{"event_name":"Scrap Ooze","player_choice":"success","floor":5,"damage_taken":3},{"event_name":"Mushrooms","player_choice":"Fought Mushrooms","floor":11,"damage_taken":0},{"event_name":"Golden Shrine","player_choice":"Pray","floor":20,"damage_taken":0},{"event_name":"Winding Halls","player_choice":"Embrace Madness","floor":38,"damage_taken":0},{"event_name":"MindBloom","player_choice":"Fight","floor":39,"damage_taken":0}],"boss_relics":[{"not_picked":["Runic Dome","Sozu"],"picked":"Ectoplasm"},{"not_picked":["Calling Bell","Runic Pyramid"],"picked":"Busted Crown"}],"items_purged_floors":[],"is_endless":false,"potions_floor_spawned":[7,11,12,14,16,18,21,22,30,31,33,35,37],"killed_by":"2 Orb Walkers","ascension_level":7}