{"gold_per_floor":[117,133,133,157,157,195,195,238,238,238,254,254,267,291,291,416,416,434,434,434,434,40,40,88,88,112,127,127,146,164,89,89,220,220,233,533,386,400,300,300,324,342,342,361,381,85,85,85,85,85],"floor_reached":51,"playtime":2703,"items_purged":["Strike_R+1","Strike_R+1","Strike_R+1"],"score":657,"play_id":"603b7708-fae5-4088-a67d-bf4f34d8009f","local_time":"20181103152905","is_ascension_mode":false,"campfire_choices":[{"floor":7,"key":"REST"},{"floor":10,"key":"REST"},{"data":"Bash","floor":12,"key":"SMITH"},{"floor":15,"key":"REST"},{"data":"Body Slam","floor":23,"key":"SMITH"},{"data":"Juggernaut","floor":25,"key":"SMITH"},{"data":"Juggernaut","floor":28,"key":"SMITH"},{"data":"Rage","floor":32,"key":"SMITH"},{"data":"Shrug It Off","floor":40,"key":"SMITH"},{"data":"Body Slam","floor":47,"key":"SMITH"},{"data":"Metallicize","floor":49,"key":"SMITH"}],"neow_cost":"NONE","seed_source_timestamp":2114453064985538,"circlet_count":0,"master_deck":["Strike_R+1","Defend_R+1","Defend_R+1","Defend_R+1","Defend_R+1","Bash+1","Battle Trance","Disarm","Juggernaut+1","Iron Wave","Rage+1","Flex","Clothesline","Pommel Strike","Body Slam+1","Thunderclap","Double Tap","Juggernaut+1","Shrug It Off+1","Entrench+1","Armaments+1","Disarm+1","Ghostly Armor+1","Feed","Shrug It Off+1","Rage+1","Body Slam+1","Flame Barrier+1","Shrug It Off+1","Body Slam+1","Metallicize+1"],"relics":["Burning Blood","Dream Catcher","Golden Idol","Turnip","Matryoshka","Art of War","Question Card","Mark of Pain","MutagenicStrength","Toxic Egg 2","Mummified Hand","Vajra","Anchor","Coffee Dripper","Oddly Smooth Stone","Strawberry"],"potions_floor_usage":[6,8,16,18,41,50,50,50,50,50,50,50,50,50],"damage_taken":[{"damage":8,"enemies":"Jaw Worm","floor":1,"turns":5},{"damage":1,"enemies":"2 Louse","floor":2,"turns":3},{"damage":2,"enemies":"Cultist","floor":4,"turns":4},{"damage":61,"enemies":"3 Sentries","floor":6,"turns":11},{"damage":37,"enemies":"Gremlin Nob","floor":8,"turns":6},{"damage":2,"enemies":"Large Slime","floor":11,"turns":6},{"damage":10,"enemies":"2 Fungi Beasts","floor":13,"turns":4},{"damage":8,"enemies":"Exordium Thugs","floor":14,"turns":5},{"damage":37,"enemies":"Hexaghost","floor":16,"turns":11},{"damage":16,"enemies":"Shell Parasite","floor":18,"turns":4},{"damage":10,"enemies":"3 Byrds","floor":27,"turns":5},{"damage":1,"enemies":"Centurion and Healer","floor":29,"turns":6},{"damage":7,"enemies":"Snecko","floor":30,"turns":5},{"damage":6,"enemies":"Champ","floor":33,"turns":9},{"damage":8,"enemies":"Orb Walker","floor":35,"turns":3},{"damage":14,"enemies":"3 Darklings","floor":38,"turns":4},{"damage":2,"enemies":"Maw","floor":41,"turns":4},{"damage":0,"enemies":"Jaw Worm Horde","floor":42,"turns":5},{"damage":26,"enemies":"Sphere and 2 Shapes","floor":44,"turns":6},{"damage":8,"enemies":"Transient","floor":45,"turns":5},{"damage":6,"enemies":"Time Eater","floor":50,"turns":8}],"seed_played":"3657300290972975047","potions_obtained":[{"floor":1,"key":"SpeedPotion"},{"floor":4,"key":"Regen Potion"},{"floor":11,"key":"Weak Potion"},{"floor":14,"key":"Energy Potion"},{"floor":16,"key":"LiquidBronze"},{"floor":33,"key":"PowerPotion"},{"floor":35,"key":"Dexterity Potion"},{"floor":38,"key":"Strength Potion"}],"is_trial":false,"path_per_floor":["M","M","?","M","?","E","R","E","T","R","M","R","M","M","R","B",null,"M","?","?","?","$","R","T","R","T","M","R","M","M","?","R","B",null,"M","?","$","M","$","R","M","M","T","M","M","$","R","?","R","B",null],"character_chosen":"IRONCLAD","items_purchased":["Toxic Egg 2","Entrench+1","Oddly Smooth Stone","Metallicize","EntropicBrew"],"campfire_rested":3,"item_purchase_floors":[22,22,37,46,46],"current_hp_per_floor":[78,80,60,64,64,24,48,17,17,41,45,45,41,39,63,32,80,70,70,70,70,70,70,70,70,70,66,66,71,70,70,70,70,80,78,78,78,70,70,70,74,80,87,67,65,65,65,76,76,76],"gold":85,"neow_bonus":"RANDOM_COMMON_RELIC","is_prod":false,"is_daily":false,"chose_seed":false,"campfire_upgraded":8,"win_rate":0,"timestamp":1541273345,"path_taken":["M","M","?","M","?","E","R","E","T","R","M","R","M","M","R","BOSS","M","?","?","?","$","R","?","R","T","M","R","?","M","?","R","BOSS","M","?","?","M","$","R","M","M","T","M","?","$","R","?","R","BOSS"],"build_version":"2018-11-01","purchased_purges":3,"victory":true,"max_hp_per_floor":[80,80,80,80,80,80,80,80,80,80,80,80,80,80,80,80,80,80,80,80,80,80,80,80,80,80,80,80,80,80,80,80,80,80,80,80,80,80,80,80,80,80,87,87,87,87,87,76,76,76],"card_choices":[{"not_picked":["Dual Wield","Reckless Charge"],"picked":"Battle Trance","floor":1},{"not_picked":["Havoc","Sword Boomerang"],"picked":"Disarm","floor":2},{"not_picked":["Wild Strike","Headbutt"],"picked":"Juggernaut","floor":4},{"not_picked":["Sentinel","True Grit"],"picked":"Iron Wave","floor":6},{"not_picked":["Clash","Sword Boomerang"],"picked":"Rage","floor":7},{"not_picked":["Warcry","Battle Trance"],"picked":"Flex","floor":8},{"not_picked":["Dual Wield","Anger","Evolve"],"picked":"Clothesline","floor":10},{"not_picked":["Perfected Strike","Uppercut","Body Slam"],"picked":"Pommel Strike","floor":11},{"not_picked":["Shrug It Off","Rupture","Iron Wave"],"picked":"Body Slam","floor":13},{"not_picked":["Perfected Strike","True Grit","Disarm"],"picked":"Thunderclap","floor":14},{"not_picked":["Sword Boomerang","Seeing Red","Infernal Blade"],"picked":"Double Tap","floor":15},{"not_picked":["Dark Embrace","Feed","Fiend Fire"],"picked":"Juggernaut","floor":16},{"not_picked":["Searing Blow+1","Armaments+1","Flex"],"picked":"Shrug It Off","floor":18},{"not_picked":["Bloodletting+1","Heavy Blade","Twin Strike"],"picked":"Armaments+1","floor":27},{"not_picked":["Battle Trance+1","Flex+1","Sword Boomerang"],"picked":"Disarm+1","floor":29},{"not_picked":["Whirlwind","Combust","Cleave"],"picked":"Ghostly Armor+1","floor":30},{"not_picked":["Dark Embrace","Exhume+1","Bludgeon"],"picked":"Feed","floor":33},{"not_picked":["Flex+1","Twin Strike","Wild Strike+1"],"picked":"Shrug It Off+1","floor":35},{"not_picked":["Havoc+1","Perfected Strike","Sword Boomerang"],"picked":"Rage+1","floor":38},{"not_picked":["Clothesline","Warcry+1","Evolve"],"picked":"Body Slam+1","floor":41},{"not_picked":["Bludgeon","Disarm+1","Combust"],"picked":"Flame Barrier+1","floor":42},{"not_picked":["Perfected Strike","Clash+1","Bloodletting+1"],"picked":"Shrug It Off+1","floor":44},{"not_picked":["Twin Strike+1","Searing Blow+1","Shockwave+1"],"picked":"Body Slam","floor":45}],"player_experience":1634969,"relics_obtained":[{"floor":6,"key":"Turnip"},{"floor":8,"key":"Matryoshka"},{"floor":9,"key":"Art of War"},{"floor":9,"key":"Question Card"},{"floor":24,"key":"Mummified Hand"},{"floor":24,"key":"Vajra"},{"floor":26,"key":"Anchor"},{"floor":43,"key":"Strawberry"}],"event_choices":[{"damage_healed":0,"gold_gain":0,"player_choice":"Take Damage","damage_taken":20,"relics_obtained":["Golden Idol"],"max_hp_gain":0,"max_hp_loss":0,"event_name":"Golden Idol","floor":3,"gold_loss":0},{"damage_healed":0,"gold_gain":0,"player_choice":"Ignored","damage_taken":0,"max_hp_gain":0,"max_hp_loss":0,"event_name":"Shining Light","floor":5,"gold_loss":0},{"damage_healed":0,"gold_gain":0,"player_choice":"Ignored","damage_taken":0,"max_hp_gain":0,"max_hp_loss":0,"event_name":"Vampires","floor":19,"gold_loss":0},{"damage_healed":0,"gold_gain":0,"player_choice":"Inject Mutagens","damage_taken":0,"relics_obtained":["MutagenicStrength"],"max_hp_gain":0,"max_hp_loss":0,"event_name":"Drug Dealer","floor":20,"gold_loss":0},{"damage_healed":0,"gold_gain":0,"player_choice":"Simplicity","damage_taken":0,"max_hp_gain":0,"max_hp_loss":0,"event_name":"Back to Basics","floor":21,"gold_loss":0,"cards_upgraded":["Strike_R","Strike_R","Strike_R","Strike_R","Strike_R","Defend_R","Defend_R","Defend_R","Defend_R"]},{"cards_removed":["Strike_R"],"damage_healed":0,"gold_gain":0,"player_choice":"Gave Gold","damage_taken":0,"max_hp_gain":0,"max_hp_loss":0,"event_name":"Beggar","floor":31,"gold_loss":75},{"damage_healed":0,"gold_gain":300,"player_choice":"Gold","damage_taken":0,"max_hp_gain":0,"max_hp_loss":0,"event_name":"Wheel of Change","floor":36,"gold_loss":0},{"damage_healed":76,"gold_gain":0,"player_choice":"Heal","damage_taken":0,"max_hp_gain":0,"max_hp_loss":11,"event_name":"The Moai Head","floor":48,"gold_loss":0}],"is_beta":false,"boss_relics":[{"not_picked":["Tiny House","Calling Bell"],"picked":"Mark of Pain"},{"not_picked":["Velvet Choker","Pandora\u0027s Box"],"picked":"Coffee Dripper"}],"items_purged_floors":[22,39,46],"is_endless":false,"potions_floor_spawned":[1,4,11,14,16,33,35,38],"ascension_level":0}