{"gold_per_floor":[167,181,181,196,196,221,221,221,290,302,477,477,477,496,496,496],"floor_reached":16,"playtime":660,"items_purged":[],"score":145,"play_id":"6c507879-7e57-4b68-8e20-8f7028c1f692","local_time":"20180804123318","is_ascension_mode":true,"campfire_choices":[{"floor":7,"key":"REST"},{"data":"Cloak And Dagger","floor":12,"key":"SMITH"},{"data":"Terror","floor":15,"key":"SMITH"}],"neow_cost":"NONE","seed_source_timestamp":845930437425043,"circlet_count":0,"master_deck":["Defend_G","Defend_G","Defend_G","Defend_G","Defend_G","Strike_G+1","Strike_G","Strike_G","Survivor","Neutralize+1","Cloak And Dagger+1","PiercingWail","Sucker Punch","Poisoned Stab","Blade Dance","Die Die Die","Doubt","Terror+1"],"relics":["Tiny House","Snake Skull","Gremlin Horn","Darkstone Periapt"],"potions_floor_usage":[6,16],"damage_taken":[{"damage":3,"enemies":"2 Louse","floor":1,"turns":3},{"damage":7,"enemies":"Jaw Worm","floor":2,"turns":6},{"damage":0,"enemies":"Cultist","floor":4,"turns":4},{"damage":22,"enemies":"Gremlin Nob","floor":6,"turns":5},{"damage":0,"enemies":"Blue Slaver","floor":10,"turns":6},{"damage":0,"enemies":"Red Slaver","floor":14,"turns":4},{"damage":53,"enemies":"Hexaghost","floor":16,"turns":11}],"seed_played":"6604740878896270082","potions_obtained":[{"floor":0,"key":"Block Potion"},{"floor":6,"key":"SmokeBomb"},{"floor":14,"key":"Weak Potion"}],"is_trial":false,"path_per_floor":["M","M","?","M","?","E","R","?","T","M","?","R","T","M","R"],"character_chosen":"THE_SILENT","items_purchased":[],"campfire_rested":1,"item_purchase_floors":[],"current_hp_per_floor":[65,58,51,51,51,29,51,51,51,51,51,51,51,51,51,0],"gold":496,"neow_bonus":"BOSS_RELIC","is_prod":false,"is_daily":false,"chose_seed":false,"campfire_upgraded":2,"win_rate":0,"timestamp":1533400398,"path_taken":["M","M","?","?","?","E","R","?","T","M","?","R","?","?","R","BOSS"],"build_version":"2018-08-02","purchased_purges":0,"victory":false,"max_hp_per_floor":[75,75,75,75,75,75,75,75,75,75,75,75,75,75,75,75],"card_choices":[{"not_picked":["Prepared","Slice"],"picked":"Cloak And Dagger","floor":0},{"not_picked":["Setup","Venomology"],"picked":"PiercingWail","floor":1},{"not_picked":["Dagger Spray","Dagger Throw"],"picked":"Sucker Punch","floor":2},{"not_picked":["Distraction","Setup"],"picked":"Poisoned Stab","floor":4},{"not_picked":["Bane","Dagger Spray"],"picked":"Blade Dance","floor":6},{"not_picked":["Flying Knee","Underhanded Strike"],"picked":"Die Die Die","floor":10},{"not_picked":["Backflip","PiercingWail"],"picked":"Terror","floor":14}],"player_experience":1420089,"relics_obtained":[{"floor":6,"key":"Snake Skull"},{"floor":9,"key":"Gremlin Horn"},{"floor":13,"key":"Darkstone Periapt"}],"event_choices":[{"event_name":"Golden Wing","player_choice":"Card Removal","floor":3,"damage_taken":0},{"event_name":"Bonfire Elementals","player_choice":"BASIC","floor":5,"damage_taken":0},{"event_name":"Living Wall","player_choice":"Grow","floor":8,"damage_taken":0},{"event_name":"Liars Game","player_choice":"agreed","floor":11,"damage_taken":0}],"is_beta":false,"boss_relics":[],"items_purged_floors":[],"is_endless":false,"potions_floor_spawned":[6,14],"killed_by":"Hexaghost","ascension_level":9}