{"gold_per_floor":[114,129,144,159,47,47,77,77,77,92,122,137,137,18,18,118,118,133,93,11,26,41,71,86,86,111,126,156,171,186,201,201,301,301,316,331,346,361,97,97,97,127,127,142,472,472,487,502,502,502],"floor_reached":50,"playtime":2172,"items_purged":[],"score":837,"play_id":"9112cf90-2170-4832-b6df-755da5eefffc","local_time":"20180906185820","daily_mods":["Specialized","Lethality","Terminal"],"is_ascension_mode":false,"campfire_choices":[{"data":"Armaments","floor":6.0,"key":"SMITH"},{"data":"Uppercut","floor":8.0,"key":"SMITH"},{"data":"Corruption","floor":15,"key":"SMITH"},{"data":"Juggernaut","floor":25,"key":"SMITH"},{"floor":32,"key":"REST"},{"data":"Fiend Fire","floor":40,"key":"SMITH"},{"data":"Barricade","floor":49,"key":"SMITH"}],"neow_cost":"","seed_source_timestamp":0,"circlet_count":0,"master_deck":["Strike_R","Strike_R","Strike_R","Strike_R","Strike_R","Defend_R","Defend_R","Defend_R","Defend_R","Bash","Fiend Fire+1","Fiend Fire+1","Fiend Fire","Fiend Fire","Fiend Fire","Armaments+1","Twin Strike","Spot Weakness","Exhume","Uppercut+1","Feel No Pain","Sword Boomerang","Whirlwind","Thunderclap","Feel No Pain+1","Inflame","Corruption+1","Barricade+1","Cleave+1","Shrug It Off","Havoc","Shrug It Off","Warcry","Juggernaut+1","Metallicize","Flame Barrier","Iron Wave+1","Feel No Pain","Body Slam+1","Headbutt+1","Immolate+1","Shrug It Off+1","Anger+1","Ghostly Armor","Cleave+1","Power Through","Madness","Headbutt+1","Body Slam+1","Corruption+1","Intimidate+1","Shrug It Off+1"],"special_seed":17780,"relics":["Burning Blood","Torii","The Courier","Bottled Tornado","Runic Pyramid","Molten Egg 2","Lantern","Happy Flower","Busted Crown","Vajra","Letter Opener","Bottled Lightning","Darkstone Periapt","Old Coin","Prayer Wheel"],"potions_floor_usage":[16,21,23,28,28,28,33,35,38,42,50],"damage_taken":[{"damage":0.0,"enemies":"Cultist","floor":1.0,"turns":2.0},{"damage":0.0,"enemies":"2 Louse","floor":2.0,"turns":2.0},{"damage":0.0,"enemies":"Small Slimes","floor":3.0,"turns":2.0},{"damage":0.0,"enemies":"Looter","floor":4.0,"turns":1.0},{"damage":1.0,"enemies":"Gremlin Nob","floor":7.0,"turns":3.0},{"damage":8.0,"enemies":"Exordium Thugs","floor":10.0,"turns":3.0},{"damage":7.0,"enemies":"3 Sentries","floor":11.0,"turns":3.0},{"damage":0.0,"enemies":"Blue Slaver","floor":12.0,"turns":2.0},{"damage":0,"enemies":"Slime Boss","floor":16,"turns":5},{"damage":18,"enemies":"2 Thieves","floor":18,"turns":3},{"damage":4,"enemies":"3 Byrds","floor":21,"turns":4},{"damage":0,"enemies":"Snecko","floor":22,"turns":3},{"damage":7,"enemies":"Book of Stabbing","floor":23,"turns":3},{"damage":7,"enemies":"Snake Plant","floor":24,"turns":3},{"damage":19,"enemies":"Chosen and Byrds","floor":27,"turns":4},{"damage":10,"enemies":"Gremlin Leader","floor":28,"turns":3},{"damage":24,"enemies":"Centurion and Healer","floor":29,"turns":3},{"damage":2,"enemies":"Shelled Parasite and Fungi","floor":30,"turns":5},{"damage":15,"enemies":"Snake Plant","floor":31,"turns":3},{"damage":0,"enemies":"Collector","floor":33,"turns":5},{"damage":12,"enemies":"3 Darklings","floor":35,"turns":5},{"damage":0,"enemies":"Orb Walker","floor":36,"turns":2},{"damage":0,"enemies":"Transient","floor":37,"turns":5},{"damage":6,"enemies":"Spire Growth","floor":38,"turns":5},{"damage":28,"enemies":"Nemesis","floor":42,"turns":3},{"damage":0,"enemies":"4 Shapes","floor":44,"turns":1},{"damage":0,"enemies":"Giant Head","floor":45,"turns":9},{"damage":0,"enemies":"Mind Bloom Boss Battle","floor":46,"turns":5},{"damage":0,"enemies":"Reptomancer","floor":47,"turns":3},{"damage":0,"enemies":"3 Darklings","floor":48,"turns":5},{"damage":30,"enemies":"Awakened One","floor":50,"turns":3}],"seed_played":"8761561677573513964","potions_obtained":[{"floor":3.0,"key":"PowerPotion"},{"floor":10.0,"key":"EssenceOfSteel"},{"floor":12.0,"key":"Energy Potion"},{"floor":21,"key":"Ancient Potion"},{"floor":22,"key":"PowerPotion"},{"floor":27,"key":"SkillPotion"},{"floor":31,"key":"Swift Potion"},{"floor":33,"key":"Swift Potion"},{"floor":35,"key":"BloodPotion"},{"floor":36,"key":"BloodPotion"},{"floor":44,"key":"LiquidBronze"},{"floor":45,"key":"Ancient Potion"},{"floor":46,"key":"Ancient Potion"}],"is_trial":false,"path_per_floor":["M","M","M","M","$","R","E","R","T","M","E","M","?","$","R","B",null,"M","?","$","M","M","E","M","R","T","M","E","M","M","M","R","B",null,"M","M","M","M","$","R","T","E","T","M","E","?","M","M","R"],"character_chosen":"IRONCLAD","items_purchased":["Uppercut","Feel No Pain","Inflame","Corruption","Shrug It Off","Havoc","Vajra","Power Through","Madness"],"campfire_rested":1,"item_purchase_floors":[5,5,14,14,20,20,39,39,39],"current_hp_per_floor":[78,77,76,75,74,73,72,71,70,68,67,67,66,65,64,63,62,50,50,50,52,57,56,55,54,53,40,36,18,22,13,27,33,45,39,43,42,41,40,39,38,19,19,25,31,33,32,31,30,0],"gold":502,"neow_bonus":"","is_prod":false,"is_daily":true,"chose_seed":false,"campfire_upgraded":6,"win_rate":0,"timestamp":1536253100,"path_taken":["M","?","M","M","$","R","E","R","T","M","E","M","?","$","R","BOSS","M","?","$","M","M","E","M","R","T","M","E","M","M","M","R","BOSS","M","M","M","M","$","R","?","E","T","M","E","?","M","M","R","BOSS"],"build_version":"2018-08-30","purchased_purges":0,"victory":false,"max_hp_per_floor":[78,77,76,75,74,73,72,71,70,69,68,67,66,65,64,63,62,61,60,59,58,57,56,55,54,53,52,51,50,49,48,47,46,45,44,43,42,41,40,39,38,37,36,35,34,33,32,31,30,30],"card_choices":[{"not_picked":["Flex","Reckless Charge"],"picked":"Armaments","floor":1.0},{"not_picked":["Ghostly Armor","Cleave"],"picked":"Twin Strike","floor":2.0},{"not_picked":["Heavy Blade","Perfected Strike"],"picked":"Spot Weakness","floor":3.0},{"not_picked":["Perfected Strike","Dual Wield"],"picked":"Exhume","floor":4.0},{"not_picked":["Warcry","Headbutt"],"picked":"Sword Boomerang","floor":7.0},{"not_picked":["Warcry","Twin Strike"],"picked":"Whirlwind","floor":10.0},{"not_picked":["Havoc","Clash"],"picked":"Thunderclap","floor":11.0},{"not_picked":["Heavy Blade","Havoc"],"picked":"Feel No Pain","floor":12.0},{"not_picked":["Brutality","Bludgeon"],"picked":"Barricade","floor":16},{"not_picked":["Clothesline+1","True Grit"],"picked":"Cleave+1","floor":18},{"not_picked":["Brutality","Headbutt"],"picked":"Shrug It Off","floor":21},{"not_picked":["Thunderclap","Anger"],"picked":"Warcry","floor":22},{"not_picked":["Dual Wield","Cleave"],"picked":"Juggernaut","floor":23},{"not_picked":["Heavy Blade+1","Thunderclap+1"],"picked":"Metallicize","floor":24},{"not_picked":["Metallicize","Rupture"],"picked":"Flame Barrier","floor":27},{"not_picked":["Combust","Armaments"],"picked":"Iron Wave+1","floor":28},{"not_picked":["Flame Barrier","Clash+1"],"picked":"Feel No Pain","floor":29},{"not_picked":["Combust+1","Heavy Blade+1"],"picked":"Body Slam+1","floor":30},{"not_picked":["Dual Wield","Perfected Strike+1"],"picked":"Headbutt+1","floor":31},{"not_picked":["Barricade","Juggernaut"],"picked":"Immolate+1","floor":33},{"not_picked":[],"picked":"Shrug It Off+1","floor":35},{"not_picked":[],"picked":"Anger+1","floor":36},{"not_picked":[],"picked":"Ghostly Armor","floor":37},{"not_picked":[],"picked":"Cleave+1","floor":38},{"not_picked":[],"picked":"Headbutt+1","floor":42},{"not_picked":["Juggernaut"],"picked":"SKIP","floor":44},{"not_picked":[],"picked":"Body Slam+1","floor":45},{"not_picked":[],"picked":"Corruption+1","floor":46},{"not_picked":[],"picked":"Intimidate+1","floor":47},{"not_picked":["Perfected Strike+1"],"picked":"SKIP","floor":47},{"not_picked":[],"picked":"Shrug It Off+1","floor":48},{"not_picked":["Carnage+1"],"picked":"SKIP","floor":48}],"player_experience":1403694,"relics_obtained":[{"floor":7.0,"key":"Torii"},{"floor":9.0,"key":"The Courier"},{"floor":11.0,"key":"Bottled Tornado"},{"floor":23,"key":"Molten Egg 2"},{"floor":26,"key":"Lantern"},{"floor":28,"key":"Happy Flower"},{"floor":41,"key":"Letter Opener"},{"floor":42,"key":"Bottled Lightning"},{"floor":43,"key":"Darkstone Periapt"},{"floor":45,"key":"Old Coin"},{"floor":46,"key":"Prayer Wheel"}],"event_choices":[{"event_name":"The Cleric","player_choice":"Leave","floor":13.0,"damage_taken":0.0},{"event_name":"Designer","player_choice":"Upgrade 2 Random Cards","floor":19,"damage_taken":0},{"event_name":"MindBloom","player_choice":"Fight","floor":46,"damage_taken":0}],"is_beta":false,"boss_relics":[{"not_picked":["White Beast Statue","Runic Cube"],"picked":"Runic Pyramid"},{"not_picked":["Tiny House","Snecko Eye"],"picked":"Busted Crown"}],"items_purged_floors":[],"is_endless":false,"potions_floor_spawned":[3,10,12,21,22,27,31,33,35,36,44,45,46],"killed_by":"Awakened One","ascension_level":0}