{"gold_per_floor":[116,19,19,19,33,60,75,75,98,132,112,129,145,172,172,249,249,264,281,299,315,157,174,189,189,189,189,189,189,215,215,215,292,292,311,331,12,30,42,52,69,37,37,37],"floor_reached":44,"playtime":2020,"items_purged":["Strike_B"],"score":960,"play_id":"319eb1ab-ed28-41c3-9711-7c052f3bf35a","local_time":"20190121141032","is_ascension_mode":true,"campfire_choices":[{"data":"Coolheaded","floor":8.0,"key":"SMITH"},{"floor":15.0,"key":"REST"},{"data":"Storm","floor":25.0,"key":"SMITH"},{"data":"Defragment","floor":27.0,"key":"SMITH"},{"floor":29.0,"key":"REST"},{"floor":32.0,"key":"REST"}],"neow_cost":"NONE","seed_source_timestamp":0,"circlet_count":0,"master_deck":["AscendersBane","Strike_B","Strike_B","Strike_B","Defend_B","Defend_B","Defend_B","Defend_B","Zap","Dualcast","Sweeping Beam","Capacitor","Go for the Eyes","Coolheaded+1","Sweeping Beam","Storm+1","Defragment+1","Sweeping Beam","Capacitor","Self Repair","Leap","Electrodynamics","Stack","Storm","Coolheaded","Consume","Storm","Glacier","Sweeping Beam","Glacier","Static Discharge","Defragment+1","Leap","Buffer","Stack+1","Double Energy+1","Defragment","Static Discharge","Hologram","BootSequence","Force Field+1","BootSequence"],"special_seed":0,"relics":["Cracked Core","NeowsBlessing","Orichalcum","Meat on the Bone","Dream Catcher","Omamori","Bag of Marbles","Bottled Tornado","Velvet Choker","Symbiotic Virus","The Courier","Eternal Feather","OrangePellets"],"potions_floor_usage":[35,36,36,40],"damage_taken":[{"damage":0.0,"enemies":"Small Slimes","floor":1.0,"turns":1.0},{"damage":0.0,"enemies":"Jaw Worm","floor":5.0,"turns":1.0},{"damage":0.0,"enemies":"3 Sentries","floor":6.0,"turns":1.0},{"damage":0.0,"enemies":"Cultist","floor":7.0,"turns":3.0},{"damage":24.0,"enemies":"Lagavulin","floor":10.0,"turns":7.0},{"damage":13.0,"enemies":"Exordium Wildlife","floor":12.0,"turns":4.0},{"damage":0.0,"enemies":"2 Fungi Beasts","floor":13.0,"turns":1.0},{"damage":18.0,"enemies":"Gremlin Nob","floor":14.0,"turns":4.0},{"damage":41.0,"enemies":"The Guardian","floor":16.0,"turns":12.0},{"damage":24.0,"enemies":"Chosen","floor":18.0,"turns":5.0},{"damage":23.0,"enemies":"Shell Parasite","floor":19.0,"turns":7.0},{"damage":8.0,"enemies":"Centurion and Healer","floor":20.0,"turns":5.0},{"damage":12.0,"enemies":"3 Cultists","floor":21.0,"turns":4.0},{"damage":21.0,"enemies":"Snake Plant","floor":23.0,"turns":4.0},{"damage":13.0,"enemies":"Sentry and Sphere","floor":24.0,"turns":4.0},{"damage":41.0,"enemies":"Gremlin Leader","floor":30.0,"turns":4.0},{"damage":55.0,"enemies":"Collector","floor":33.0,"turns":8.0},{"damage":12,"enemies":"3 Shapes","floor":35,"turns":3},{"damage":12,"enemies":"3 Darklings","floor":36,"turns":3},{"damage":33,"enemies":"Jaw Worm Horde","floor":38,"turns":5},{"damage":0,"enemies":"Spire Growth","floor":39,"turns":5},{"damage":23,"enemies":"4 Shapes","floor":40,"turns":3},{"damage":29,"enemies":"Writhing Mass","floor":41,"turns":5},{"damage":40,"enemies":"Sphere and 2 Shapes","floor":44,"turns":3}],"seed_played":"847478720727238454","potions_obtained":[{"floor":6.0,"key":"EssenceOfSteel"},{"floor":11.0,"key":"Explosive Potion"},{"floor":13.0,"key":"Explosive Potion"},{"floor":21.0,"key":"Regen Potion"},{"floor":23.0,"key":"Strength Potion"},{"floor":30.0,"key":"Block Potion"},{"floor":33.0,"key":"Swift Potion"},{"floor":35,"key":"AttackPotion"},{"floor":39,"key":"Swift Potion"},{"floor":41,"key":"SpeedPotion"}],"is_trial":false,"path_per_floor":["M","$","?","T","M","E","M","R","T","E","?","M","M","E","R","B",null,"M","M","M","M","$","M","M","R","T","R","?","R","E","?","R","B",null,"M","M","$","M","M","M","M","$","T","M"],"character_chosen":"DEFECT","items_purchased":["Capacitor","Go for the Eyes","Storm","Glacier","Defragment","OrangePellets","Static Discharge","BootSequence"],"campfire_rested":3,"item_purchase_floors":[2,2,22,22,37,37,37,42],"current_hp_per_floor":[64,64,53,53,53,53,53,53,53,41,41,40,40,34,55,33,62,45,41,45,45,45,52,46,46,46,46,46,67,38,38,59,16,57,45,45,45,24,43,39,29,29,29,0],"gold":37,"neow_bonus":"THREE_ENEMY_KILL","is_prod":false,"is_daily":false,"chose_seed":false,"campfire_upgraded":3,"win_rate":0,"timestamp":1548097832,"path_taken":["M","$","?","?","M","E","M","R","T","E","?","M","M","E","R","BOSS","M","?","M","M","$","M","M","R","T","R","?","R","E","?","R","BOSS","M","M","$","?","?","M","?","$","T","?"],"build_version":"2019-01-17v2","purchased_purges":1,"victory":false,"max_hp_per_floor":[71,71,71,71,71,71,71,71,71,71,71,71,71,71,71,71,71,71,71,71,71,71,71,71,71,71,71,71,71,71,71,71,71,71,71,71,71,71,71,71,71,71,71,71],"card_choices":[{"not_picked":["Rebound","Steam"],"picked":"Sweeping Beam","floor":1.0},{"not_picked":["Streamline","Hologram"],"picked":"Coolheaded","floor":5.0},{"not_picked":["Turbo","Skim"],"picked":"Sweeping Beam","floor":6.0},{"not_picked":["Leap","Meteor Strike"],"picked":"Storm","floor":7.0},{"not_picked":["Loop","Steam"],"picked":"Defragment","floor":10.0},{"not_picked":["Steam Power","Aggregate"],"picked":"Sweeping Beam","floor":12.0},{"not_picked":["Genetic Algorithm","Hologram"],"picked":"Capacitor","floor":13.0},{"not_picked":["Reprogram","Genetic Algorithm"],"picked":"Self Repair","floor":14.0},{"not_picked":["Beam Cell","Fusion"],"picked":"Leap","floor":15.0},{"not_picked":["Rainbow","Core Surge"],"picked":"Electrodynamics","floor":16.0},{"not_picked":["Gash","Tempest"],"picked":"Stack","floor":18.0},{"not_picked":["Go for the Eyes","Static Discharge"],"picked":"Storm","floor":19.0},{"not_picked":["Go for the Eyes","Lockon+1"],"picked":"Coolheaded","floor":20.0},{"not_picked":["Conserve Battery","Redo"],"picked":"Consume","floor":21.0},{"not_picked":["Redo","Aggregate"],"picked":"Sweeping Beam","floor":23.0},{"not_picked":["Turbo","Storm"],"picked":"Glacier","floor":24.0},{"not_picked":["Steam","Force Field"],"picked":"Static Discharge","floor":30.0},{"not_picked":["Gash","Lockon"],"picked":"Leap","floor":32.0},{"not_picked":["Amplify","Seek"],"picked":"Buffer","floor":33.0},{"not_picked":["Steam Power","FTL"],"picked":"Stack+1","floor":35},{"not_picked":["Stack","Sweeping Beam"],"picked":"Double Energy+1","floor":36},{"not_picked":["Beam Cell","Stack"],"picked":"Hologram","floor":38},{"not_picked":["Compile Driver+1","Hello World+1"],"picked":"BootSequence","floor":39},{"not_picked":["Rebound","Genetic Algorithm","Consume"],"picked":"SKIP","floor":40},{"not_picked":["Compile Driver+1","Leap"],"picked":"Force Field+1","floor":41}],"player_experience":2186833,"relics_obtained":[{"floor":4.0,"key":"Meat on the Bone"},{"floor":6.0,"key":"Dream Catcher"},{"floor":9.0,"key":"Omamori"},{"floor":10.0,"key":"Bag of Marbles"},{"floor":14.0,"key":"Bottled Tornado"},{"floor":26.0,"key":"Symbiotic Virus"},{"floor":30.0,"key":"The Courier"}],"event_choices":[{"damage_healed":0.0,"max_hp_gain":0.0,"max_hp_loss":0.0,"gold_gain":0.0,"event_name":"Scrap Ooze","player_choice":"Success","floor":3.0,"gold_loss":0.0,"damage_taken":11.0,"relics_obtained":["Orichalcum"]},{"damage_healed":0.0,"max_hp_gain":0.0,"max_hp_loss":0.0,"gold_gain":0.0,"event_name":"The Woman in Blue","player_choice":"Bought 1 Potion","floor":11.0,"gold_loss":0.0,"damage_taken":0.0},{"damage_healed":0.0,"max_hp_gain":0.0,"max_hp_loss":0.0,"gold_gain":0.0,"event_name":"Forgotten Altar","player_choice":"Smashed Altar","floor":28.0,"gold_loss":0.0,"damage_taken":0.0,"cards_obtained":["Decay"]},{"damage_healed":0.0,"max_hp_gain":0.0,"max_hp_loss":0.0,"gold_gain":0.0,"event_name":"Duplicator","player_choice":"Copied","floor":31.0,"gold_loss":0.0,"damage_taken":0.0,"cards_obtained":["Defragment"]}],"is_beta":false,"boss_relics":[{"not_picked":["Orrery","Astrolabe"],"picked":"Velvet Choker"},{"not_picked":["Nuclear Battery","Coffee Dripper"],"picked":"Eternal Feather"}],"items_purged_floors":[37],"is_endless":false,"potions_floor_spawned":[6,13,21,23,30,33,35,39,41],"killed_by":"Sphere and 2 Shapes","ascension_level":18}