{"gold_per_floor":[148,108,125,200,2,20,39,4,4,4,4,58,83,97,97,201,201,174,99,115,115,127,127,59,59],"floor_reached":25,"playtime":719,"items_purged":[],"score":201,"play_id":"efb254d3-8b1b-45d2-b4ab-4e200ece0a20","local_time":"20180731233142","is_ascension_mode":false,"campfire_choices":[{"data":"Catalyst","floor":10,"key":"SMITH"},{"data":"Catalyst","floor":15,"key":"SMITH"},{"floor":23,"key":"REST"}],"neow_cost":"NONE","seed_source_timestamp":8324953279227,"circlet_count":0,"master_deck":["Defend_G","Defend_G","Defend_G","Defend_G","Defend_G","Strike_G","Strike_G","Strike_G","Strike_G","Survivor","Neutralize","Outmaneuver","Footwork","Catalyst+1","Catalyst+1","Crippling Poison","Cloak And Dagger","Terror","Venomology","Skewer","Distraction","Bouncing Flask"],"relics":["Ring of the Snake","Tiny Chest","DollysMirror","Nunchaku","Orichalcum","Calipers","Busted Crown"],"potions_floor_usage":[13,13,22,22,22],"damage_taken":[{"damage":8,"enemies":"2 Louse","floor":1,"turns":3},{"damage":0,"enemies":"Cultist","floor":3,"turns":4},{"damage":8,"enemies":"Small Slimes","floor":6,"turns":6},{"damage":3,"enemies":"Red Slaver","floor":7,"turns":4},{"damage":28,"enemies":"Gremlin Nob","floor":13,"turns":5},{"damage":8,"enemies":"Exordium Wildlife","floor":14,"turns":4},{"damage":32,"enemies":"Hexaghost","floor":16,"turns":12},{"damage":38,"enemies":"2 Thieves","floor":18,"turns":5},{"damage":0,"enemies":"3 Byrds","floor":20,"turns":4},{"damage":21,"enemies":"Centurion and Healer","floor":22,"turns":9},{"damage":27,"enemies":"Slavers","floor":25,"turns":4}],"seed_played":"-620436893773486717","potions_obtained":[{"floor":1,"key":"Fire Potion"},{"floor":3,"key":"Regen Potion"},{"floor":18,"key":"Poison Potion"}],"is_trial":false,"path_per_floor":["M","$","M","?","$","M","M","?","T","R","$","T","E","M","R","B",null,"M","?","M","?","M","R","$"],"character_chosen":"THE_SILENT","items_purchased":["Footwork","DollysMirror","Bouncing Flask"],"campfire_rested":1,"item_purchase_floors":[2,5,24],"current_hp_per_floor":[62,62,62,51,51,43,40,57,57,57,57,57,44,36,36,4,70,32,32,32,32,11,32,32,5],"gold":59,"neow_bonus":"RANDOM_COMMON_RELIC","is_prod":false,"is_daily":false,"chose_seed":false,"campfire_upgraded":2,"win_rate":0,"timestamp":1533045702,"path_taken":["M","$","M","?","$","?","M","?","T","R","$","?","E","M","R","BOSS","M","?","?","?","M","R","$","E"],"build_version":"2018-07-26","purchased_purges":0,"victory":false,"max_hp_per_floor":[70,70,70,70,70,70,70,70,70,70,70,70,70,70,70,70,70,70,70,70,70,70,70,70,70],"card_choices":[{"not_picked":["Setup","Quick Slash"],"picked":"Outmaneuver","floor":1},{"not_picked":["Acrobatics","Poisoned Stab"],"picked":"Catalyst","floor":3},{"not_picked":["Quick Slash","Flying Knee"],"picked":"Crippling Poison","floor":6},{"not_picked":["Phantasmal Killer","Cloak And Dagger"],"picked":"Concentrate","floor":7},{"not_picked":["Setup","Masterful Stab"],"picked":"Cloak And Dagger","floor":13},{"not_picked":["Flying Knee","Dodge and Roll"],"picked":"Terror","floor":14},{"not_picked":["Glass Knife","Storm of Steel"],"picked":"Venomology","floor":16},{"not_picked":["Concentrate"],"picked":"SKIP","floor":18},{"not_picked":[],"picked":"Skewer","floor":20},{"not_picked":["Underhanded Strike"],"picked":"SKIP","floor":22}],"player_experience":283326,"relics_obtained":[{"floor":9,"key":"Nunchaku"},{"floor":12,"key":"Orichalcum"},{"floor":13,"key":"Calipers"}],"event_choices":[{"event_name":"World of Goop","player_choice":"Gather Gold","floor":4,"damage_taken":0},{"event_name":"The Cleric","player_choice":"Healed","floor":8,"damage_taken":0},{"event_name":"Beggar","player_choice":"Gave Gold","floor":19,"damage_taken":0},{"event_name":"Transmorgrifier","player_choice":"Transform","floor":21,"damage_taken":0}],"is_beta":false,"boss_relics":[{"not_picked":["WristBlade","Sozu"],"picked":"Busted Crown"}],"items_purged_floors":[],"is_endless":false,"potions_floor_spawned":[1,3,18,20],"killed_by":"Slavers","ascension_level":0}