{"gold_per_floor":[113,128,128,128,141,141,170,189,189,189,217,217,217,217,217,292,292,305,320,320],"floor_reached":20,"playtime":1032,"items_purged":[],"score":355,"play_id":"8fc30ab3-395a-4007-b015-2a66275318c0","local_time":"20190204182134","is_ascension_mode":true,"campfire_choices":[{"data":"Consume","floor":6.0,"key":"SMITH"},{"floor":10.0,"key":"REST"},{"floor":12.0,"key":"REST"},{"floor":15.0,"key":"REST"}],"neow_cost":"NONE","seed_source_timestamp":100784162498104,"circlet_count":0,"master_deck":["AscendersBane","Strike_B","Strike_B","Strike_B","Defend_B","Defend_B","Defend_B","Defend_B","Zap+1","Dualcast","Auto Shields","Consume+1","Consume","Cold Snap","Redo","Coolheaded","Self Repair","Echo Form","Coolheaded","Defragment"],"special_seed":0,"relics":["Cracked Core","NeowsBlessing","Centennial Puzzle","Sundial","WingedGreaves","Inserter"],"potions_floor_usage":[20],"damage_taken":[{"damage":0.0,"enemies":"Small Slimes","floor":1.0,"turns":1.0},{"damage":0.0,"enemies":"Jaw Worm","floor":2.0,"turns":1.0},{"damage":0.0,"enemies":"Cultist","floor":5.0,"turns":1.0},{"damage":52.0,"enemies":"Gremlin Nob","floor":7.0,"turns":5.0},{"damage":9.0,"enemies":"2 Fungi Beasts","floor":8.0,"turns":5.0},{"damage":26.0,"enemies":"Lagavulin","floor":11.0,"turns":10.0},{"damage":47.0,"enemies":"The Guardian","floor":16.0,"turns":19.0},{"damage":30.0,"enemies":"3 Byrds","floor":18.0,"turns":6.0},{"damage":7.0,"enemies":"Shell Parasite","floor":19.0,"turns":9.0},{"damage":43,"enemies":"3 Cultists","floor":20,"turns":6}],"seed_played":"1477412831682233144","potions_obtained":[{"floor":5.0,"key":"Fire Potion"},{"floor":7.0,"key":"SneckoOil"},{"floor":11.0,"key":"Block Potion"},{"floor":16.0,"key":"Explosive Potion"},{"floor":18.0,"key":"Explosive Potion"}],"is_trial":false,"path_per_floor":["M","M","?","?","M","R","E","M","T","R","E","R","?","?","R","B",null,"M","M","M"],"character_chosen":"DEFECT","items_purchased":[],"campfire_rested":3,"item_purchase_floors":[],"current_hp_per_floor":[64,64,69,69,69,69,17,8,8,30,4,26,26,26,48,8,59,43,43,0],"gold":320,"neow_bonus":"THREE_ENEMY_KILL","is_prod":false,"is_daily":false,"chose_seed":false,"campfire_upgraded":1,"win_rate":0,"timestamp":1549322494,"path_taken":["M","M","?","?","?","R","E","M","T","R","E","R","?","?","R","BOSS","M","?","M"],"build_version":"2019-01-23","purchased_purges":0,"victory":false,"max_hp_per_floor":[71,71,76,76,76,76,76,76,76,76,76,76,76,76,76,76,76,76,76,76],"card_choices":[{"not_picked":["Go for the Eyes","Reinforced Body"],"picked":"Auto Shields","floor":1.0},{"not_picked":["Hologram","Self Repair"],"picked":"Consume","floor":2.0},{"not_picked":["Steam","Sweeping Beam"],"picked":"Cold Snap","floor":5.0},{"not_picked":["Beam Cell","Stack"],"picked":"Redo","floor":7.0},{"not_picked":["White Noise","Stack"],"picked":"Coolheaded","floor":8.0},{"not_picked":["Hello World","Barrage"],"picked":"Self Repair","floor":11.0},{"not_picked":["Seek","Thunder Strike"],"picked":"Echo Form","floor":16.0},{"not_picked":["Hologram","Leap"],"picked":"Coolheaded","floor":18.0},{"not_picked":["Tempest","Rebound"],"picked":"Defragment","floor":19.0}],"player_experience":2318452,"relics_obtained":[{"floor":7.0,"key":"Centennial Puzzle"},{"floor":9.0,"key":"Sundial"},{"floor":11.0,"key":"WingedGreaves"}],"event_choices":[{"damage_healed":0.0,"max_hp_gain":5.0,"max_hp_loss":0.0,"gold_gain":0.0,"event_name":"Big Fish","player_choice":"Donut","floor":3.0,"gold_loss":0.0,"damage_taken":0.0},{"damage_healed":0.0,"max_hp_gain":0.0,"max_hp_loss":0.0,"gold_gain":0.0,"cards_transformed":["Strike_B"],"event_name":"Transmorgrifier","player_choice":"Transformed","floor":4.0,"gold_loss":0.0,"damage_taken":0.0,"cards_obtained":["Consume"]},{"damage_healed":0.0,"max_hp_gain":0.0,"max_hp_loss":0.0,"gold_gain":0.0,"event_name":"Shining Light","player_choice":"Ignored","floor":13.0,"gold_loss":0.0,"damage_taken":0.0},{"damage_healed":0.0,"max_hp_gain":0.0,"max_hp_loss":0.0,"gold_gain":0.0,"event_name":"Upgrade Shrine","player_choice":"Upgraded","floor":14.0,"gold_loss":0.0,"damage_taken":0.0,"cards_upgraded":["Zap"]}],"is_beta":false,"boss_relics":[{"not_picked":["Philosopher\u0027s Stone","Tiny House"],"picked":"Inserter"}],"items_purged_floors":[],"is_endless":false,"potions_floor_spawned":[5,7,11,16,18],"killed_by":"3 Cultists","ascension_level":19}