{"gold_per_floor":[114,114,30,30,30,69,34,34,110,134,40,40,58,102,102,201,201,219,1,1,1,25,25,25,41,41,62,62,62],"floor_reached":29,"playtime":1201,"items_purged":[],"score":470,"play_id":"11d15880-5954-42de-a6e6-d9c14e9b9bb1","local_time":"20190215112254","is_ascension_mode":true,"campfire_choices":[{"data":"Reaper","floor":8,"key":"SMITH"},{"data":"True Grit","floor":12,"key":"SMITH"},{"floor":15,"key":"REST"},{"floor":23,"key":"REST"}],"neow_cost":"NONE","seed_source_timestamp":114172691146021,"circlet_count":0,"master_deck":["AscendersBane","Strike_R+1","Defend_R","Defend_R","Defend_R","Defend_R","Bash+1","Thunderclap","Reaper+1","Feel No Pain","Dropkick","True Grit+1","Feel No Pain","Dropkick","Rampage","Feed","Carnage+1","Iron Wave+1","True Grit+1","Metallicize","Headbutt","Disarm"],"relics":["Burning Blood","NeowsBlessing","Golden Idol","Omamori","Bottled Tornado","Meat on the Bone","Astrolabe","Bronze Scales","MutagenicStrength","Matryoshka","Oddly Smooth Stone","Ornamental Fan"],"potions_floor_usage":[16,16,18,25,29],"damage_taken":[{"damage":0,"enemies":"Jaw Worm","floor":1,"turns":1},{"damage":0,"enemies":"Lagavulin","floor":6,"turns":1},{"damage":0,"enemies":"2 Louse","floor":10,"turns":1},{"damage":21,"enemies":"Cultist","floor":13,"turns":5},{"damage":38,"enemies":"Gremlin Nob","floor":14,"turns":5},{"damage":44,"enemies":"Hexaghost","floor":16,"turns":12},{"damage":68,"enemies":"3 Byrds","floor":18,"turns":9},{"damage":25,"enemies":"Shell Parasite","floor":22,"turns":9},{"damage":13,"enemies":"Chosen and Byrds","floor":25,"turns":9},{"damage":38,"enemies":"Snake Plant","floor":27,"turns":3},{"damage":45,"enemies":"Colosseum Slavers","floor":28,"turns":7},{"damage":28,"enemies":"Snecko","floor":29,"turns":7}],"seed_played":"1867839331491531466","potions_obtained":[{"floor":1,"key":"Strength Potion"},{"floor":6,"key":"Energy Potion"},{"floor":16,"key":"BloodPotion"},{"floor":22,"key":"Regen Potion"},{"floor":27,"key":"Weak Potion"}],"is_trial":false,"path_per_floor":["M","?","$","?","?","E","?","R","T","M","$","R","M","E","R","B",null,"M","$","?","$","M","R","?","M","T","M","?","M"],"character_chosen":"IRONCLAD","items_purchased":["Reaper","True Grit","Feel No Pain","Bronze Scales","Shrug It Off"],"campfire_rested":2,"item_purchase_floors":[3,11,11,19,19],"current_hp_per_floor":[74,51,51,51,44,51,68,68,68,68,68,68,56,31,51,35,60,25,25,25,25,25,47,47,60,60,46,25,0],"gold":62,"neow_bonus":"THREE_ENEMY_KILL","is_prod":false,"is_daily":false,"chose_seed":false,"campfire_upgraded":2,"win_rate":0,"timestamp":1550247774,"path_taken":["M","?","$","?","?","E","?","R","T","M","?","R","M","E","R","BOSS","M","$","?","$","M","R","?","?","T","M","?","M"],"build_version":"2019-01-23","purchased_purges":0,"victory":false,"max_hp_per_floor":[75,75,75,68,68,68,68,68,68,68,68,68,68,68,68,68,68,71,71,71,71,74,74,74,74,74,77,77,77],"card_choices":[{"not_picked":["Sentinel","Warcry"],"picked":"Thunderclap","floor":1},{"not_picked":["Power Through","Rage"],"picked":"Feel No Pain","floor":6},{"not_picked":["Uppercut","Sword Boomerang"],"picked":"Dropkick","floor":10},{"not_picked":["Clothesline","Body Slam"],"picked":"Dropkick","floor":13},{"not_picked":["Sever Soul","Berserk"],"picked":"Rampage","floor":14},{"not_picked":["Offering","Reaper"],"picked":"Feed","floor":16},{"not_picked":["Armaments","Flex","Cleave"],"picked":"SKIP","floor":18},{"not_picked":["Shrug It Off","Armaments"],"picked":"Metallicize","floor":22},{"not_picked":["Sword Boomerang","Seeing Red"],"picked":"Headbutt","floor":25},{"not_picked":["True Grit","Cleave"],"picked":"Disarm","floor":27}],"player_experience":2437712,"relics_obtained":[{"floor":6,"key":"Omamori"},{"floor":9,"key":"Bottled Tornado"},{"floor":14,"key":"Meat on the Bone"},{"floor":26,"key":"Oddly Smooth Stone"},{"floor":26,"key":"Ornamental Fan"}],"event_choices":[{"damage_healed":0,"gold_gain":0,"player_choice":"Entered Light","damage_taken":23,"max_hp_gain":0,"max_hp_loss":0,"event_name":"Shining Light","floor":2,"gold_loss":0,"cards_upgraded":["Bash","Strike_R"]},{"damage_healed":0,"gold_gain":0,"player_choice":"Lose Max HP","damage_taken":0,"relics_obtained":["Golden Idol"],"max_hp_gain":0,"max_hp_loss":7,"event_name":"Golden Idol","floor":4,"gold_loss":0},{"cards_removed":["Strike_R"],"damage_healed":0,"gold_gain":0,"player_choice":"Card Removal","damage_taken":7,"max_hp_gain":0,"max_hp_loss":0,"event_name":"Golden Wing","floor":5,"gold_loss":0},{"damage_healed":17,"gold_gain":0,"player_choice":"Healed","damage_taken":0,"max_hp_gain":0,"max_hp_loss":0,"event_name":"The Cleric","floor":7,"gold_loss":35},{"damage_healed":0,"gold_gain":0,"player_choice":"Inject Mutagens","damage_taken":0,"relics_obtained":["MutagenicStrength"],"max_hp_gain":0,"max_hp_loss":0,"event_name":"Drug Dealer","floor":20,"gold_loss":0},{"cards_removed":["Shrug It Off"],"damage_healed":0,"gold_gain":0,"player_choice":"Gave Card","damage_taken":0,"relics_obtained":["Matryoshka"],"max_hp_gain":0,"max_hp_loss":0,"event_name":"WeMeetAgain","floor":24,"gold_loss":0},{"damage_healed":0,"gold_gain":0,"player_choice":"Fight","damage_taken":0,"max_hp_gain":0,"max_hp_loss":0,"event_name":"Colosseum","floor":28,"gold_loss":0},{"damage_healed":0,"gold_gain":0,"player_choice":"Fled From Nobs","damage_taken":0,"max_hp_gain":0,"max_hp_loss":0,"event_name":"Colosseum","floor":28,"gold_loss":0}],"is_beta":false,"boss_relics":[{"not_picked":["Coffee Dripper","Tiny House"],"picked":"Astrolabe"}],"items_purged_floors":[],"is_endless":false,"potions_floor_spawned":[1,6,14,16,22,27],"killed_by":"Snecko","ascension_level":17}