{"gold_per_floor":[116,116,127,137,147,147,44,44,69,69,103,103,136,196,196,196],"floor_reached":16,"playtime":733,"items_purged":["Strike_R"],"score":200,"play_id":"6b298b65-2e38-4407-b7d1-46bb689d9de2","local_time":"20190215122857","is_ascension_mode":true,"campfire_choices":[{"data":"Rampage","floor":6,"key":"SMITH"},{"data":"Armaments","floor":8,"key":"SMITH"},{"floor":12,"key":"REST"},{"floor":15,"key":"REST"}],"neow_cost":"NONE","seed_source_timestamp":118603214072109,"circlet_count":0,"master_deck":["AscendersBane","Strike_R","Strike_R","Strike_R+1","Strike_R","Defend_R","Defend_R","Defend_R","Defend_R","Bash+1","Impervious","Rampage+1","Armaments+1","Warcry","Warcry","Shrug It Off","Pommel Strike","Dark Embrace"],"relics":["Burning Blood","Centennial Puzzle","Potion Belt","Whetstone","Shovel"],"potions_floor_usage":[11],"damage_taken":[{"damage":7,"enemies":"Small Slimes","floor":1,"turns":4},{"damage":6,"enemies":"Cultist","floor":3,"turns":3},{"damage":1,"enemies":"2 Louse","floor":4,"turns":3},{"damage":21,"enemies":"Looter","floor":5,"turns":4},{"damage":22,"enemies":"3 Sentries","floor":11,"turns":10},{"damage":48,"enemies":"Gremlin Nob","floor":13,"turns":5},{"damage":55,"enemies":"Slime Boss","floor":16,"turns":6}],"seed_played":"7786297774828768652","potions_obtained":[{"floor":1,"key":"Fire Potion"},{"floor":4,"key":"Dexterity Potion"}],"is_trial":false,"path_per_floor":["M","?","M","M","M","R","$","R","T","?","E","R","E","?","R","B"],"character_chosen":"IRONCLAD","items_purchased":["Shrug It Off"],"campfire_rested":2,"item_purchase_floors":[7],"current_hp_per_floor":[67,67,67,72,57,57,57,57,57,57,41,63,21,21,43,0],"gold":196,"neow_bonus":"ONE_RANDOM_RARE_CARD","is_prod":false,"is_daily":false,"chose_seed":false,"campfire_upgraded":2,"win_rate":0,"timestamp":1550251737,"path_taken":["M","?","M","?","M","R","$","R","T","?","E","R","E","?","R","BOSS"],"build_version":"2019-01-23","purchased_purges":1,"victory":false,"max_hp_per_floor":[75,75,75,75,75,75,75,75,75,75,75,75,75,75,75,75],"card_choices":[{"not_picked":["Evolve","Pommel Strike"],"picked":"Rampage","floor":1},{"not_picked":["Warcry","Sword Boomerang"],"picked":"Armaments","floor":3},{"not_picked":["Iron Wave","Anger"],"picked":"Warcry","floor":4},{"not_picked":["Dual Wield","Anger"],"picked":"Warcry","floor":5},{"not_picked":["Inflame","Flex"],"picked":"Pommel Strike","floor":11},{"not_picked":["Body Slam","Perfected Strike"],"picked":"Dark Embrace","floor":13}],"player_experience":2439708,"relics_obtained":[{"floor":2,"key":"Centennial Puzzle"},{"floor":9,"key":"Potion Belt"},{"floor":11,"key":"Whetstone"},{"floor":13,"key":"Shovel"}],"event_choices":[{"damage_healed":0,"gold_gain":0,"player_choice":"Relic","damage_taken":0,"max_hp_gain":0,"max_hp_loss":0,"event_name":"Wheel of Change","floor":2,"gold_loss":0},{"damage_healed":0,"gold_gain":0,"player_choice":"Ignored","damage_taken":0,"max_hp_gain":0,"max_hp_loss":0,"event_name":"Shining Light","floor":10,"gold_loss":0},{"damage_healed":0,"gold_gain":60,"player_choice":"Gained Gold","damage_taken":0,"max_hp_gain":0,"max_hp_loss":0,"event_name":"Golden Wing","floor":14,"gold_loss":0}],"is_beta":false,"boss_relics":[],"items_purged_floors":[7],"is_endless":false,"potions_floor_spawned":[1,4,5],"killed_by":"Slime Boss","ascension_level":17}