{"gold_per_floor":[216,141,154,154,30,30,65,135,182,232,252,3,35,85,85,162,162,177,14,34,8,25,25,93,58,58,108,257,307,380,35,35,35],"floor_reached":33,"playtime":2644,"items_purged":["Strike_G","Strike_G","Strike_G","Clumsy"],"score":464,"play_id":"7a73ee81-6643-4882-8e3d-369427bd3d95","local_time":"20181115212148","is_ascension_mode":true,"campfire_choices":[{"data":"Neutralize","floor":6,"key":"SMITH"},{"floor":15,"key":"REST"},{"data":"After Image","floor":23,"key":"SMITH"},{"floor":32,"key":"REST"}],"neow_cost":"NONE","seed_source_timestamp":862381284872085,"circlet_count":0,"master_deck":["AscendersBane","Defend_G+1","Defend_G+1","Defend_G+1","Defend_G+1","Defend_G+1","Strike_G+1","Survivor","Neutralize+1","Backflip","Dash","Noxious Fumes","Cloak And Dagger","Blade Dance","Dodge and Roll","Quick Slash","Backflip","After Image+1","Deadly Poison","Caltrops","Leg Sweep","Cloak And Dagger","Cloak And Dagger","Cloak And Dagger","Clumsy"],"relics":["Ring of the Snake","SsserpentHead","Vajra","Smiling Mask","Calipers","Art of War","Cursed Key","Centennial Puzzle","Frozen Egg 2","Oddly Smooth Stone","FossilizedHelix"],"potions_floor_usage":[7,16,22,24],"damage_taken":[{"damage":0,"enemies":"2 Louse","floor":1,"turns":3},{"damage":4,"enemies":"Cultist","floor":3,"turns":4},{"damage":2,"enemies":"3 Sentries","floor":7,"turns":9},{"damage":0,"enemies":"Jaw Worm","floor":8,"turns":3},{"damage":18,"enemies":"Exordium Thugs","floor":11,"turns":5},{"damage":34,"enemies":"Lagavulin","floor":13,"turns":8},{"damage":31,"enemies":"Hexaghost","floor":16,"turns":15},{"damage":11,"enemies":"Chosen","floor":18,"turns":7},{"damage":0,"enemies":"Shell Parasite","floor":20,"turns":6},{"damage":6,"enemies":"Snecko","floor":22,"turns":8},{"damage":12,"enemies":"Centurion and Healer","floor":24,"turns":7},{"damage":16,"enemies":"Colosseum Slavers","floor":29,"turns":6},{"damage":50,"enemies":"Champ","floor":33,"turns":17}],"seed_played":"-5369807157417035818","potions_obtained":[{"floor":3,"key":"Strength Potion"},{"floor":13,"key":"Dexterity Potion"},{"floor":16,"key":"Energy Potion"},{"floor":22,"key":"Fire Potion"},{"floor":24,"key":"GamblersBrew"}],"is_trial":false,"path_per_floor":["M","$","M","?","$","R","E","M","T","?","M","$","E","?","R","B",null,"M","$","M","$","M","R","M","?","T","?","?","?","T","$","R","B"],"character_chosen":"THE_SILENT","items_purchased":["Noxious Fumes","Cloak And Dagger","Calipers","Caltrops","Leg Sweep","Cloak And Dagger","FossilizedHelix"],"campfire_rested":2,"item_purchase_floors":[5,5,12,19,19,21,31],"current_hp_per_floor":[63,63,59,59,59,59,57,57,57,70,52,52,18,18,39,8,55,44,44,44,44,38,38,26,26,26,26,26,10,10,10,31,0],"gold":35,"neow_bonus":"HUNDRED_GOLD","is_prod":false,"is_daily":false,"chose_seed":false,"campfire_upgraded":2,"win_rate":0,"timestamp":1542334908,"path_taken":["M","$","M","?","$","R","E","?","T","?","M","?","E","?","R","BOSS","M","$","M","?","M","R","?","?","T","?","?","?","?","$","R","BOSS"],"build_version":"2018-11-15","purchased_purges":4,"victory":false,"max_hp_per_floor":[70,70,70,70,70,70,70,70,70,70,70,70,70,70,70,70,70,70,70,70,70,70,70,70,70,70,70,70,70,70,70,70,70],"card_choices":[{"not_picked":["Dodge and Roll","Acrobatics"],"picked":"Backflip","floor":1},{"not_picked":["Accuracy","Poisoned Stab"],"picked":"Dash","floor":3},{"not_picked":["Acrobatics","Burst"],"picked":"Blade Dance","floor":7},{"not_picked":["Reflex","Concentrate"],"picked":"Dodge and Roll","floor":8},{"not_picked":["All Out Attack","Dagger Throw"],"picked":"Quick Slash","floor":11},{"not_picked":["Dodge and Roll","Crippling Poison"],"picked":"Backflip","floor":13},{"not_picked":["Adrenaline","Wraith Form v2"],"picked":"After Image","floor":16},{"not_picked":["Slice","Reflex"],"picked":"Deadly Poison","floor":18},{"not_picked":["Finisher+1","Endless Agony"],"picked":"Cloak And Dagger","floor":20},{"not_picked":["Catalyst","Bullet Time","Concentrate"],"picked":"SKIP","floor":22},{"not_picked":["Dodge and Roll","Heel Hook"],"picked":"Cloak And Dagger","floor":24}],"player_experience":1693367,"relics_obtained":[{"floor":7,"key":"Vajra"},{"floor":9,"key":"Smiling Mask"},{"floor":13,"key":"Art of War"},{"floor":26,"key":"Frozen Egg 2"},{"floor":30,"key":"Oddly Smooth Stone"}],"event_choices":[{"damage_healed":0,"gold_gain":0,"player_choice":"Trade","damage_taken":0,"relics_obtained":["SsserpentHead"],"max_hp_gain":0,"max_hp_loss":0,"event_name":"FaceTrader","floor":4,"gold_loss":0},{"damage_healed":13,"gold_gain":0,"player_choice":"Full Heal","damage_taken":0,"max_hp_gain":0,"max_hp_loss":0,"event_name":"Wheel of Change","floor":10,"gold_loss":0},{"cards_removed":["Strike_G"],"damage_healed":0,"gold_gain":0,"player_choice":"Purged","damage_taken":0,"max_hp_gain":0,"max_hp_loss":0,"event_name":"Purifier","floor":14,"gold_loss":0},{"damage_healed":0,"gold_gain":0,"player_choice":"Obtained Relic","damage_taken":0,"relics_obtained":["Centennial Puzzle"],"max_hp_gain":0,"max_hp_loss":0,"event_name":"Addict","floor":25,"gold_loss":85},{"damage_healed":0,"gold_gain":0,"player_choice":"Simplicity","damage_taken":0,"max_hp_gain":0,"max_hp_loss":0,"event_name":"Back to Basics","floor":27,"gold_loss":0,"cards_upgraded":["Defend_G","Defend_G","Defend_G","Defend_G","Defend_G","Strike_G"]},{"damage_healed":0,"gold_gain":99,"player_choice":"Stole From Cult","damage_taken":0,"max_hp_gain":0,"max_hp_loss":0,"event_name":"Nest","floor":28,"gold_loss":0},{"damage_healed":0,"gold_gain":0,"player_choice":"Fight","damage_taken":0,"max_hp_gain":0,"max_hp_loss":0,"event_name":"Colosseum","floor":29,"gold_loss":0},{"damage_healed":0,"gold_gain":0,"player_choice":"Fled From Nobs","damage_taken":0,"max_hp_gain":0,"max_hp_loss":0,"event_name":"Colosseum","floor":29,"gold_loss":0}],"is_beta":false,"boss_relics":[{"not_picked":["Coffee Dripper","Fusion Hammer"],"picked":"Cursed Key"}],"items_purged_floors":[2,19,21,31],"is_endless":false,"potions_floor_spawned":[3,13,16,22,24],"killed_by":"Champ","ascension_level":13}