{"gold_per_floor":[118,137,11,11,25,59,59,59,59,72,72,85,98,98,98,203,203,214,133,133,150,167,167,167],"floor_reached":24,"playtime":1812,"items_purged":[],"score":317,"play_id":"dff57c92-dbf6-470c-9b30-8502e5b25828","local_time":"20181112094821","is_ascension_mode":true,"campfire_choices":[{"floor":7,"key":"REST"},{"floor":15,"key":"REST"},{"floor":23,"key":"REST"}],"neow_cost":"NONE","seed_source_timestamp":562485196297325,"circlet_count":0,"master_deck":["AscendersBane","Defend_G","Defend_G","Defend_G","Defend_G","Defend_G","Strike_G","Strike_G","Survivor","Neutralize+1","Dodge and Roll","Tools of the Trade","Noxious Fumes","Cloak And Dagger+1","Backflip","Underhanded Strike","Eviscerate","Backstab","Blade Dance","Blade Dance","Phantasmal Killer","Acrobatics","Caltrops","Blade Dance","All Out Attack","Accuracy"],"relics":["Runic Dome","StoneCalendar","Dead Branch","Empty Cage","Centennial Puzzle"],"potions_floor_usage":[10,12,21,22],"damage_taken":[{"damage":0,"enemies":"2 Louse","floor":1,"turns":3},{"damage":5,"enemies":"Small Slimes","floor":2,"turns":5},{"damage":4,"enemies":"Cultist","floor":5,"turns":5},{"damage":29,"enemies":"Lagavulin","floor":6,"turns":9},{"damage":8,"enemies":"Looter","floor":10,"turns":3},{"damage":0,"enemies":"Lots of Slimes","floor":12,"turns":2},{"damage":7,"enemies":"Exordium Thugs","floor":13,"turns":3},{"damage":33,"enemies":"The Guardian","floor":16,"turns":12},{"damage":5,"enemies":"3 Byrds","floor":18,"turns":4},{"damage":4,"enemies":"Chosen","floor":21,"turns":4},{"damage":42,"enemies":"Shelled Parasite and Fungi","floor":22,"turns":5},{"damage":27,"enemies":"Cultist and Chosen","floor":24,"turns":4}],"seed_played":"-8952905123972052457","potions_obtained":[{"floor":6,"key":"Explosive Potion"},{"floor":10,"key":"Explosive Potion"},{"floor":16,"key":"Swift Potion"},{"floor":18,"key":"Energy Potion"}],"is_trial":false,"path_per_floor":["M","M","$","?","M","E","R","?","T","M","?","M","M","?","R","B",null,"M","$","T","M","M","R","M"],"character_chosen":"THE_SILENT","items_purchased":["Noxious Fumes","Cloak And Dagger","Caltrops","Blade Dance"],"campfire_rested":3,"item_purchase_floors":[3,3,19,19],"current_hp_per_floor":[63,58,58,58,54,25,46,46,46,38,38,38,31,31,52,19,57,52,52,52,48,6,27,0],"gold":167,"neow_bonus":"BOSS_RELIC","is_prod":false,"is_daily":false,"chose_seed":false,"campfire_upgraded":0,"win_rate":0,"timestamp":1542034101,"path_taken":["M","M","$","?","M","E","R","?","T","M","?","?","M","?","R","BOSS","M","?","?","M","M","R","M"],"build_version":"2018-11-08","purchased_purges":0,"victory":false,"max_hp_per_floor":[70,70,70,70,70,70,70,70,70,70,70,70,70,70,70,70,70,70,70,70,70,70,70,70],"card_choices":[{"not_picked":["Acrobatics","Deflect"],"picked":"Dodge and Roll","floor":1},{"not_picked":["Prepared","Deflect"],"picked":"Tools of the Trade","floor":2},{"not_picked":["Outmaneuver","Acrobatics"],"picked":"Backflip","floor":5},{"not_picked":["Heel Hook","Cloak And Dagger"],"picked":"Underhanded Strike","floor":6},{"not_picked":["Bane","Finisher"],"picked":"Eviscerate","floor":10},{"not_picked":["Expertise","Skewer"],"picked":"Blade Dance","floor":12},{"not_picked":["Deflect","Choke"],"picked":"Blade Dance","floor":13},{"not_picked":["Doppelganger","Grand Finale"],"picked":"Phantasmal Killer","floor":16},{"not_picked":["Skewer+1","Backflip"],"picked":"Acrobatics","floor":18},{"not_picked":["Outmaneuver","Flechettes"],"picked":"All Out Attack","floor":21},{"not_picked":["Predator+1","Skewer"],"picked":"Accuracy","floor":22}],"player_experience":1677441,"relics_obtained":[{"floor":6,"key":"StoneCalendar"},{"floor":9,"key":"Dead Branch"},{"floor":20,"key":"Centennial Puzzle"}],"event_choices":[{"damage_healed":0,"gold_gain":0,"player_choice":"Leave","damage_taken":0,"max_hp_gain":0,"max_hp_loss":0,"event_name":"The Cleric","floor":4,"gold_loss":0},{"damage_healed":0,"gold_gain":0,"player_choice":"Grow","damage_taken":0,"max_hp_gain":0,"max_hp_loss":0,"event_name":"Living Wall","floor":8,"gold_loss":0,"cards_upgraded":["Neutralize"]},{"damage_healed":0,"gold_gain":0,"cards_transformed":["Strike_G"],"player_choice":"Transformed","damage_taken":0,"max_hp_gain":0,"max_hp_loss":0,"event_name":"Transmorgrifier","floor":11,"gold_loss":0,"cards_obtained":["Backstab"]},{"damage_healed":0,"gold_gain":0,"player_choice":"Upgraded","damage_taken":0,"max_hp_gain":0,"max_hp_loss":0,"event_name":"Upgrade Shrine","floor":14,"gold_loss":0,"cards_upgraded":["Cloak And Dagger"]}],"is_beta":false,"boss_relics":[{"not_picked":["Calling Bell","Coffee Dripper"],"picked":"Empty Cage"}],"items_purged_floors":[],"is_endless":false,"potions_floor_spawned":[6,10,16,18],"killed_by":"Cultist and Chosen","ascension_level":12}