{"gold_per_floor":[119,139,18,18,34,34,67,20,43,58,83,96,109,184,184,184],"floor_reached":16,"playtime":732,"items_purged":["Defend_R"],"score":102,"play_id":"c0587c79-8c3b-440d-b04f-c00a3e742d3f","local_time":"20180814010458","is_ascension_mode":false,"campfire_choices":[{"data":"Twin Strike","floor":6,"key":"SMITH"},{"floor":15,"key":"REST"}],"neow_cost":"TEN_PERCENT_HP_LOSS","seed_source_timestamp":19883764927075,"circlet_count":0,"master_deck":["Strike_R","Strike_R","Strike_R","Strike_R","Strike_R","Defend_R","Defend_R","Defend_R","Bash","Twin Strike+1","Twin Strike","Regret","Flex","Flex","Pommel Strike","Wild Strike"],"relics":["Burning Blood","Mango","Blood Vial","Gremlin Horn","Regal Pillow","Odd Mushroom"],"potions_floor_usage":[16,16],"damage_taken":[{"damage":1,"enemies":"Cultist","floor":1,"turns":3},{"damage":15,"enemies":"Jaw Worm","floor":2,"turns":4},{"damage":6,"enemies":"Small Slimes","floor":5,"turns":3},{"damage":30,"enemies":"Gremlin Nob","floor":7,"turns":4},{"damage":12,"enemies":"Looter","floor":10,"turns":3},{"damage":29,"floor":11,"turns":4},{"damage":4,"enemies":"2 Fungi Beasts","floor":12,"turns":3},{"damage":2,"enemies":"Lots of Slimes","floor":13,"turns":2},{"damage":76,"enemies":"The Guardian","floor":16,"turns":13}],"seed_played":"3094901781377277501","potions_obtained":[{"floor":5,"key":"SkillPotion"},{"floor":7,"key":"AttackPotion"},{"floor":12,"key":"Explosive Potion"}],"is_trial":false,"path_per_floor":["M","M","$","?","M","R","E","$","T","M","?","M","M","?","R"],"character_chosen":"IRONCLAD","items_purchased":["Twin Strike","Flex"],"campfire_rested":1,"item_purchase_floors":[3,8],"current_hp_per_floor":[86,77,77,77,79,79,57,57,57,53,32,36,42,31,71,0],"gold":184,"neow_bonus":"ONE_RARE_RELIC","is_prod":false,"is_daily":false,"chose_seed":false,"campfire_upgraded":1,"win_rate":0,"timestamp":1534174498,"path_taken":["M","M","?","?","M","R","E","$","T","M","?","?","M","?","R","BOSS"],"build_version":"2018-08-09","purchased_purges":1,"victory":false,"max_hp_per_floor":[86,86,86,86,86,86,86,86,86,86,86,86,86,86,86,86],"card_choices":[{"not_picked":["Havoc","Fire Breathing"],"picked":"Twin Strike","floor":1},{"not_picked":["Whirlwind","Shrug It Off","Dropkick"],"picked":"SKIP","floor":2},{"not_picked":["Rage","Rampage","Warcry"],"picked":"SKIP","floor":5},{"not_picked":["Body Slam","Dual Wield","Limit Break"],"picked":"SKIP","floor":7},{"not_picked":["Headbutt","True Grit"],"picked":"Flex","floor":10},{"not_picked":["Inflame","Searing Blow"],"picked":"Pommel Strike","floor":11},{"not_picked":["Heavy Blade","Clothesline","Evolve"],"picked":"SKIP","floor":12},{"not_picked":["Shockwave","Bludgeon"],"picked":"Wild Strike","floor":13}],"player_experience":341762,"relics_obtained":[{"floor":7,"key":"Gremlin Horn"},{"floor":9,"key":"Regal Pillow"},{"floor":11,"key":"Odd Mushroom"}],"event_choices":[{"event_name":"Big Fish","player_choice":"Box","floor":4,"damage_taken":0},{"event_name":"Mushrooms","player_choice":"Fought Mushrooms","floor":11,"damage_taken":0},{"event_name":"World of Goop","player_choice":"Gather Gold","floor":14,"damage_taken":0}],"is_beta":false,"boss_relics":[],"items_purged_floors":[3],"is_endless":false,"potions_floor_spawned":[5,7,12],"killed_by":"The Guardian","ascension_level":0}