{"path_per_floor":["M","$","?","M","$","E","R","M","T","?","M","?","M","$","R","B",null,"M","M","?","M","?","R","E"],"character_chosen":"THE_SILENT","items_purchased":["Noxious Fumes","Crippling Poison","Prepared"],"gold_per_floor":[112,0,0,14,14,48,48,62,138,138,157,157,173,37,37,132,132,142,158,158,176,101,101,127,127],"floor_reached":25,"campfire_rested":2,"playtime":1753,"item_purchase_floors":[2,14,14],"current_hp_per_floor":[70,70,67,67,67,67,67,67,67,60,55,55,42,42,63,27,70,60,44,44,27,27,48,10,0],"items_purged":["Strike_G","Defend_G"],"gold":127,"score":246,"play_id":"20060eb7-91b7-4add-8e0a-21ccc683298a","local_time":"20180605214816","is_prod":false,"is_daily":false,"chose_seed":false,"is_ascension_mode":false,"campfire_upgraded":1,"win_rate":0,"timestamp":1528249696,"campfire_choices":[{"data":"Noxious Fumes","floor":7,"key":"SMITH"},{"floor":15,"key":"REST"},{"floor":23,"key":"REST"}],"path_taken":["M","$","?","M","$","E","R","M","T","?","M","?","M","$","R","BOSS","M","M","?","M","?","R","E","M"],"build_version":"2018-05-31","seed_source_timestamp":444028837315870,"purchased_purges":2,"victory":false,"master_deck":["Defend_G","Strike_G","Survivor","Neutralize","Acrobatics","Noxious Fumes+1","Prepared","Terror","Backflip","Underhanded Strike","Underhanded Strike","Crippling Poison","Prepared","Adrenaline","Flying Knee+1","Dagger Throw+1","All Out Attack+1","Leg Sweep","Blur","Escape Plan","Choke"],"max_hp_per_floor":[70,70,70,70,70,70,70,70,70,70,70,70,70,70,70,70,70,70,70,70,70,70,70,70,70],"relics":["Ring of the Snake","NeowsBlessing","Omamori","Du-Vu Doll","Smiling Mask","Astrolabe","Boot"],"card_choices":[{"not_picked":["Slice","Dagger Throw"],"picked":"Acrobatics","floor":1},{"not_picked":["Deflect","Dodge and Roll"],"picked":"Prepared","floor":4},{"not_picked":["Expertise","Quick Slash"],"picked":"Terror","floor":6},{"not_picked":["Unload","Dagger Throw"],"picked":"Backflip","floor":8},{"not_picked":["Dodge and Roll","Expertise"],"picked":"Underhanded Strike","floor":11},{"not_picked":["Dodge and Roll","Dagger Throw"],"picked":"Underhanded Strike","floor":13},{"not_picked":["Corpse Explosion","Glass Knife"],"picked":"Adrenaline","floor":16},{"not_picked":["Dagger Spray","Dagger Throw+1"],"picked":"Leg Sweep","floor":18},{"not_picked":["Crippling Poison","Backflip"],"picked":"Blur","floor":19},{"not_picked":["Blade Dance","Deflect"],"picked":"Escape Plan","floor":21},{"not_picked":["Dagger Throw","Riddle With Holes+1"],"picked":"Choke","floor":24}],"player_experience":371870,"potions_floor_usage":[13,13,16],"damage_taken":[{"damage":0,"enemies":"Cultist","floor":1,"turns":1},{"damage":0,"enemies":"2 Louse","floor":4,"turns":1},{"damage":0,"enemies":"3 Sentries","floor":6,"turns":1},{"damage":0,"enemies":"Small Slimes","floor":8,"turns":4},{"damage":5,"enemies":"Looter","floor":11,"turns":4},{"damage":13,"enemies":"Exordium Thugs","floor":13,"turns":4},{"damage":36,"enemies":"Slime Boss","floor":16,"turns":8},{"damage":10,"enemies":"Chosen","floor":18,"turns":4},{"damage":16,"enemies":"Spheric Guardian","floor":19,"turns":5},{"damage":17,"enemies":"Snecko","floor":21,"turns":5},{"damage":38,"enemies":"Slavers","floor":24,"turns":5},{"damage":13,"enemies":"Slaver and Parasite","floor":25,"turns":2}],"relics_obtained":[{"floor":6,"key":"Du-Vu Doll"},{"floor":9,"key":"Smiling Mask"},{"floor":24,"key":"Boot"}],"event_choices":[{"event_name":"Scrap Ooze","player_choice":"success","floor":3,"damage_taken":3},{"event_name":"Golden Wing","player_choice":"Card Removal","floor":10,"damage_taken":0},{"event_name":"The Lab","player_choice":"Got Potions","floor":12,"damage_taken":0},{"event_name":"Back to Basics","player_choice":"Elegance","floor":20,"damage_taken":0},{"event_name":"Beggar","player_choice":"Gave Gold","floor":22,"damage_taken":0}],"boss_relics":[{"not_picked":["Runic Dome","Eternal Feather"],"picked":"Astrolabe"}],"items_purged_floors":[2,14],"potions_floor_spawned":[8,11],"seed_played":"5609388557592030261","killed_by":"Slaver and Parasite","ascension_level":0,"potions_obtained":[{"floor":8,"key":"Strength Potion"},{"floor":11,"key":"Fire Potion"},{"floor":12,"key":"LiquidBronze"}],"is_trial":false}