{"path_per_floor":["M","M","?","M","$","R","M","M","T","?","R","M","T","$","R","B",null,"M","M","?","?","$","E","M","R","T","?","R","M","M","M","R"],"character_chosen":"THE_SILENT","items_purchased":["Dash"],"gold_per_floor":[115,125,75,90,15,15,29,43,96,96,96,116,116,16,16,116,116,132,147,147,147,113,141,151,151,224,174,174,187,207,225,225,225],"floor_reached":33,"campfire_rested":4,"playtime":1893,"item_purchase_floors":[22],"current_hp_per_floor":[70,69,69,67,67,67,47,42,42,42,63,59,59,59,70,58,70,62,61,61,45,45,26,8,37,37,37,45,23,13,21,50,0],"items_purged":["Strike_G","Strike_G"],"gold":225,"score":311,"play_id":"c6258fcf-b1a6-45c3-9531-96e4c6bc9d97","local_time":"20180622112808","is_prod":false,"is_daily":false,"chose_seed":false,"is_ascension_mode":true,"campfire_upgraded":2,"win_rate":0,"timestamp":1529681288,"campfire_choices":[{"data":"Poisoned Stab","floor":6,"key":"SMITH"},{"floor":11,"key":"REST"},{"floor":15,"key":"REST"},{"floor":25,"key":"REST"},{"data":"Catalyst","floor":28,"key":"SMITH"},{"floor":32,"key":"REST"}],"path_taken":["M","M","?","M","$","R","M","M","T","?","R","M","?","$","R","BOSS","M","?","?","?","$","E","?","R","T","?","R","M","M","M","R","BOSS"],"build_version":"2018-06-21","seed_source_timestamp":718676651144924,"purchased_purges":2,"circlet_count":0,"victory":false,"master_deck":["Defend_G","Defend_G","Defend_G","Defend_G","Defend_G","Strike_G","Strike_G","Survivor","Neutralize","Backflip","Poisoned Stab+1","Dagger Throw","Poisoned Stab+1","Deadly Poison","After Image","Poisoned Stab","Dodge and Roll","Necronomicurse","Dash","Crippling Poison+1","Catalyst+1","Dash","Deadly Poison","Crippling Poison"],"max_hp_per_floor":[70,70,70,70,70,70,70,70,70,70,70,70,70,70,70,70,70,70,70,70,70,70,70,70,70,70,70,70,70,70,70,70,70],"relics":["Ring of the Snake","Tiny Chest","Question Card","Eternal Feather","Necronomicon","Art of War","Ornamental Fan"],"card_choices":[{"not_picked":["Deadly Poison","Bane"],"picked":"Backflip","floor":1},{"not_picked":["Slice","Flechettes","Eviscerate"],"picked":"SKIP","floor":2},{"not_picked":["Bane","Sucker Punch"],"picked":"Poisoned Stab","floor":4},{"not_picked":["Distraction","Cloak And Dagger"],"picked":"Dagger Throw","floor":7},{"not_picked":["Cloak And Dagger","Riddle With Holes"],"picked":"Poisoned Stab","floor":8},{"not_picked":["Finisher","Flying Knee"],"picked":"Deadly Poison","floor":12},{"not_picked":["Phantasmal Killer","Die Die Die","Doppelganger"],"picked":"After Image","floor":16},{"not_picked":["Concentrate","Dodge and Roll","Outmaneuver"],"picked":"Poisoned Stab","floor":18},{"not_picked":["Underhanded Strike","Prepared+1","Predator+1"],"picked":"Dodge and Roll","floor":19},{"not_picked":["Tactician","Setup","Dagger Spray"],"picked":"Crippling Poison+1","floor":23},{"not_picked":["Riddle With Holes","Flying Knee","Slice"],"picked":"Catalyst","floor":24},{"not_picked":["Flying Knee","Quick Slash","Masterful Stab"],"picked":"Dash","floor":29},{"not_picked":["Eviscerate","Expertise","Dagger Spray"],"picked":"Deadly Poison","floor":30},{"not_picked":["Outmaneuver","Poisoned Stab","Cloak And Dagger+1"],"picked":"Crippling Poison","floor":31}],"player_experience":706687,"potions_floor_usage":[16,23,31,33],"damage_taken":[{"damage":0,"enemies":"Jaw Worm","floor":1,"turns":4},{"damage":1,"enemies":"Small Slimes","floor":2,"turns":4},{"damage":2,"enemies":"2 Louse","floor":4,"turns":4},{"damage":20,"enemies":"Lots of Slimes","floor":7,"turns":4},{"damage":5,"enemies":"2 Fungi Beasts","floor":8,"turns":3},{"damage":4,"enemies":"Blue Slaver","floor":12,"turns":3},{"damage":12,"enemies":"Hexaghost","floor":16,"turns":8},{"damage":8,"enemies":"Spheric Guardian","floor":18,"turns":5},{"damage":1,"enemies":"Chosen","floor":19,"turns":5},{"damage":19,"enemies":"Book of Stabbing","floor":23,"turns":7},{"damage":18,"enemies":"Snake Plant","floor":24,"turns":5},{"damage":22,"enemies":"Centurion and Healer","floor":29,"turns":6},{"damage":10,"enemies":"3 Cultists","floor":30,"turns":7},{"damage":4,"enemies":"Chosen and Byrds","floor":31,"turns":6},{"damage":63,"enemies":"Champ","floor":33,"turns":11}],"relics_obtained":[{"floor":9,"key":"Tiny Chest"},{"floor":13,"key":"Question Card"},{"floor":21,"key":"Necronomicon"},{"floor":23,"key":"Art of War"},{"floor":26,"key":"Ornamental Fan"}],"event_choices":[{"event_name":"The Cleric","player_choice":"Card Removal","floor":3,"damage_taken":0},{"event_name":"Upgrade Shrine","player_choice":"Upgraded","floor":10,"damage_taken":0},{"event_name":"Drug Dealer","player_choice":"Ignored","floor":20,"damage_taken":0},{"event_name":"Cursed Tome","player_choice":"Obtained Book","floor":21,"damage_taken":0},{"event_name":"The Joust","player_choice":"Bet on Murderer","floor":27,"damage_taken":0}],"boss_relics":[{"not_picked":["Black Star","Busted Crown"],"picked":"Eternal Feather"}],"items_purged_floors":[5,14],"is_endless":false,"potions_floor_spawned":[2,4,8,29,30],"seed_played":"-3709233225836381872","killed_by":"Champ","ascension_level":4,"potions_obtained":[{"floor":2,"key":"GamblersBrew"},{"floor":4,"key":"GhostInAJar"},{"floor":8,"key":"GhostInAJar"},{"floor":29,"key":"Ancient Potion"},{"floor":30,"key":"Regen Potion"}],"is_trial":false}