{"gold_per_floor":[113,128,138,157,171,198,198,198,252,285,285,303,202,222,222,322,322,337,262,280,297,72,72,103,103,103,103,103,51,51,51,51,154,154,169,183,30,30],"floor_reached":38,"playtime":1472,"items_purged":[],"score":595,"play_id":"f722956e-83f0-422d-95d7-641d8b3d1cad","local_time":"20190124142321","is_ascension_mode":true,"campfire_choices":[{"floor":7.0,"key":"REST"},{"data":"Armaments","floor":11.0,"key":"SMITH"},{"data":"True Grit","floor":15.0,"key":"SMITH"},{"floor":23.0,"key":"REST"},{"floor":25.0,"key":"REST"},{"data":"Shrug It Off","floor":32.0,"key":"SMITH"}],"neow_cost":"NONE","seed_source_timestamp":0,"circlet_count":0,"master_deck":["Strike_R","Strike_R","Strike_R","Strike_R","Strike_R","Defend_R","Defend_R","Defend_R","Defend_R","Bash","Twin Strike","Pommel Strike","Armaments+1","Demon Form","Shrug It Off+1","True Grit+1","Anger","Impervious","Intimidate+1","Iron Wave+1","Rampage","Shrug It Off","Limit Break"],"special_seed":0,"relics":["Black Blood","Regal Pillow","Bronze Scales","Bottled Lightning","Art of War","Pear","Nloth\u0027s Gift","Dream Catcher"],"potions_floor_usage":[],"damage_taken":[{"damage":13.0,"enemies":"Jaw Worm","floor":1.0,"turns":5.0},{"damage":1.0,"enemies":"Cultist","floor":2.0,"turns":3.0},{"damage":0.0,"enemies":"Small Slimes","floor":3.0,"turns":3.0},{"damage":9.0,"enemies":"Exordium Thugs","floor":4.0,"turns":5.0},{"damage":14.0,"enemies":"Blue Slaver","floor":5.0,"turns":5.0},{"damage":42.0,"enemies":"3 Sentries","floor":6.0,"turns":12.0},{"damage":20.0,"enemies":"Gremlin Nob","floor":10.0,"turns":3.0},{"damage":7.0,"enemies":"Large Slime","floor":12.0,"turns":6.0},{"damage":10.0,"enemies":"Gremlin Gang","floor":14.0,"turns":5.0},{"damage":23.0,"enemies":"The Guardian","floor":16.0,"turns":11.0},{"damage":53.0,"enemies":"Spheric Guardian","floor":18.0,"turns":7.0},{"damage":8.0,"enemies":"2 Thieves","floor":19.0,"turns":5.0},{"damage":31.0,"enemies":"3 Cultists","floor":20.0,"turns":6.0},{"damage":7.0,"enemies":"Chosen and Byrds","floor":21.0,"turns":7.0},{"damage":63.0,"enemies":"Book of Stabbing","floor":24.0,"turns":8.0},{"damage":85.0,"enemies":"Champ","floor":33.0,"turns":11.0},{"damage":47.0,"enemies":"3 Darklings","floor":35.0,"turns":8.0},{"damage":40.0,"enemies":"Orb Walker","floor":36.0,"turns":7.0},{"damage":6,"enemies":"Sphere and 2 Shapes","floor":38,"turns":3}],"seed_played":"1515027738825428462","potions_obtained":[{"floor":3.0,"key":"Poison Potion"},{"floor":4.0,"key":"Regen Potion"},{"floor":6.0,"key":"Explosive Potion"},{"floor":10.0,"key":"LiquidBronze"},{"floor":12.0,"key":"EntropicBrew"},{"floor":20.0,"key":"Energy Potion"},{"floor":21.0,"key":"Explosive Potion"},{"floor":33.0,"key":"Ancient Potion"}],"is_trial":false,"path_per_floor":["M","M","M","M","M","E","R","?","T","E","R","M","$","M","R","B",null,"M","M","M","M","$","R","E","R","T","?","$","$","?","?","R","B",null,"M","M","$","M"],"character_chosen":"IRONCLAD","items_purchased":["Shrug It Off","True Grit","Rampage","Block Potion","Fruit Juice","Shrug It Off","Dream Catcher"],"campfire_rested":3,"item_purchase_floors":[13,13,22,22,22,29,37],"current_hp_per_floor":[73,78,84,81,85,49,88,98,98,84,84,83,83,79,79,62,89,42,40,15,14,14,58,57,102,112,112,112,112,112,112,112,33,93,56,26,26,20],"gold":30,"neow_bonus":"TEN_PERCENT_HP_BONUS","is_prod":false,"is_daily":false,"chose_seed":false,"campfire_upgraded":3,"win_rate":0,"timestamp":1548361401,"path_taken":["M","M","M","M","M","E","R","?","T","E","R","M","$","M","R","BOSS","M","?","M","M","$","R","E","R","T","?","?","$","?","?","R","BOSS","M","?","$","?"],"build_version":"2019-01-23","purchased_purges":0,"victory":false,"max_hp_per_floor":[88,88,88,88,88,88,88,98,98,98,98,98,98,98,98,98,98,98,98,98,98,98,98,103,103,113,113,113,113,113,113,113,113,113,113,113,113,113],"card_choices":[{"not_picked":["Hemokinesis","Inflame"],"picked":"Twin Strike","floor":1.0},{"not_picked":["Metallicize","Warcry","Entrench"],"picked":"SKIP","floor":2.0},{"not_picked":["Thunderclap","Clash"],"picked":"Pommel Strike","floor":3.0},{"not_picked":["Havoc","Fire Breathing","Flex"],"picked":"SKIP","floor":4.0},{"not_picked":["Infernal Blade","Metallicize"],"picked":"Armaments","floor":5.0},{"not_picked":["Evolve","Armaments"],"picked":"Double Tap","floor":6.0},{"not_picked":["Headbutt","True Grit"],"picked":"Demon Form","floor":10.0},{"not_picked":["Dual Wield","Combust","Wild Strike"],"picked":"SKIP","floor":12.0},{"not_picked":["True Grit","Havoc"],"picked":"Anger","floor":14.0},{"not_picked":["Demon Form","Barricade"],"picked":"Impervious","floor":16.0},{"not_picked":["Body Slam","Corruption"],"picked":"Intimidate+1","floor":18.0},{"not_picked":["Thunderclap+1","Blood for Blood+1"],"picked":"Iron Wave+1","floor":19.0},{"not_picked":["Searing Blow","Pommel Strike","Armaments"],"picked":"SKIP","floor":20.0},{"not_picked":["Carnage","Second Wind","Warcry"],"picked":"SKIP","floor":21.0},{"not_picked":["Thunderclap+1","Demon Form","Armaments"],"picked":"SKIP","floor":24.0},{"not_picked":["Fiend Fire","Dark Embrace"],"picked":"Limit Break","floor":33.0},{"not_picked":["Flex+1","Searing Blow","Clothesline+1"],"picked":"SKIP","floor":35.0},{"not_picked":["Twin Strike+1","Feel No Pain","Headbutt+1"],"picked":"SKIP","floor":36.0}],"player_experience":632427,"relics_obtained":[{"floor":6.0,"key":"Regal Pillow"},{"floor":9.0,"key":"Bronze Scales"},{"floor":10.0,"key":"Bottled Lightning"},{"floor":24.0,"key":"Art of War"},{"floor":26.0,"key":"Pear"}],"event_choices":[{"cards_removed":["Double Tap"],"damage_healed":0.0,"max_hp_gain":10.0,"max_hp_loss":0.0,"gold_gain":0.0,"event_name":"Bonfire Elementals","player_choice":"Offered Rare","floor":8.0,"gold_loss":0.0,"damage_taken":0.0},{"damage_healed":0.0,"max_hp_gain":0.0,"max_hp_loss":0.0,"gold_gain":0.0,"event_name":"Match and Keep!","player_choice":"0 cards matched","floor":27.0,"gold_loss":0.0,"damage_taken":0.0,"cards_obtained":[]},{"damage_healed":0.0,"max_hp_gain":0.0,"max_hp_loss":0.0,"gold_gain":0.0,"event_name":"N\u0027loth","player_choice":"Traded Relic","floor":31.0,"relics_lost":["Lizard Tail"],"gold_loss":0.0,"damage_taken":0.0,"relics_obtained":["Nloth\u0027s Gift"]}],"is_beta":true,"boss_relics":[{"not_picked":["Busted Crown","Fusion Hammer"],"picked":"Lizard Tail"},{"not_picked":["Coffee Dripper","Runic Dome"],"picked":"Black Blood"}],"items_purged_floors":[],"is_endless":false,"potions_floor_spawned":[3,4,6,10,12,14,20,21,33],"killed_by":"Sphere and 2 Shapes","ascension_level":7}