{"path_per_floor":["M","?","?","M","M","R","$","?","T","R","$","M","$","?","R","B",null,"M","M","?","?","M","R","M","R","T","R","M"],"character_chosen":"DEFECT","items_purchased":["Redo","Cold Snap"],"gold_per_floor":[117,117,117,129,144,144,15,35,35,35,35,53,3,3,3,108,108,123,139,64,164,179,179,191,191,218,218,230,230],"floor_reached":29,"campfire_rested":3,"playtime":1217,"item_purchase_floors":[7,13],"current_hp_per_floor":[74,81,81,81,81,81,81,65,65,65,65,64,64,47,72,61,85,63,59,59,59,53,53,17,42,42,67,10,0],"items_purged":["Strike_B"],"gold":230,"score":245,"play_id":"6e1fde2b-9e3a-4301-bf0f-593efa7500d9","local_time":"20180614173716","is_prod":false,"is_daily":false,"chose_seed":false,"is_ascension_mode":true,"campfire_upgraded":3,"win_rate":0,"timestamp":1529012236,"campfire_choices":[{"data":"Zap","floor":6,"key":"SMITH"},{"data":"Redo","floor":10,"key":"SMITH"},{"floor":15,"key":"REST"},{"data":"Storm","floor":23,"key":"SMITH"},{"floor":25,"key":"REST"},{"floor":27,"key":"REST"}],"path_taken":["M","?","?","?","M","R","$","?","T","R","?","M","$","?","R","BOSS","M","M","?","?","M","R","M","R","T","R","M","M"],"build_version":"2018-06-07v3","seed_source_timestamp":50377149178493,"purchased_purges":1,"victory":false,"master_deck":["Strike_B","Defend_B","Defend_B","Defend_B","Defend_B","Zap+1","Dualcast","Storm+1","Glacier","Melter+1","Melter","Redo+1","Consume","Doom and Gloom+1","Cold Snap","Seek","Streamline","Storm+1","Machine Learning","Doom and Gloom"],"max_hp_per_floor":[75,85,85,85,85,85,85,85,85,85,85,85,85,85,85,85,85,85,85,85,85,85,85,85,85,85,85,85,85],"relics":["Velvet Choker","Pear","Odd Mushroom","Smiling Mask","Inserter","Oddly Smooth Stone"],"card_choices":[{"not_picked":["Leap","Stack"],"picked":"Storm","floor":1},{"not_picked":["Coolheaded","Hologram"],"picked":"Melter","floor":4},{"not_picked":["Turbo","Go for the Eyes"],"picked":"Melter","floor":5},{"not_picked":["Loop","Reinforced Body"],"picked":"Consume","floor":8},{"not_picked":["Force Field","Genetic Algorithm"],"picked":"Doom and Gloom","floor":12},{"not_picked":["Biased Cognition","Amplify"],"picked":"Seek","floor":16},{"not_picked":["Double Energy+1","Hologram","Gash+1"],"picked":"SKIP","floor":18},{"not_picked":["Hologram","Defragment"],"picked":"Streamline","floor":19},{"not_picked":["Ball Lightning","Beam Cell"],"picked":"Storm+1","floor":22},{"not_picked":["Sweeping Beam+1","Fusion"],"picked":"Machine Learning","floor":24},{"not_picked":["Skim","Stack+1"],"picked":"Doom and Gloom","floor":28}],"player_experience":535975,"potions_floor_usage":[16,16,22,28],"damage_taken":[{"damage":1,"enemies":"Cultist","floor":1,"turns":3},{"damage":0,"enemies":"2 Louse","floor":4,"turns":3},{"damage":0,"enemies":"Small Slimes","floor":5,"turns":4},{"damage":16,"floor":8,"turns":5},{"damage":1,"enemies":"2 Fungi Beasts","floor":12,"turns":4},{"damage":11,"enemies":"Slime Boss","floor":16,"turns":13},{"damage":22,"enemies":"2 Thieves","floor":18,"turns":3},{"damage":4,"enemies":"Spheric Guardian","floor":19,"turns":4},{"damage":20,"enemies":"3 Cultists","floor":22,"turns":5},{"damage":36,"enemies":"Chosen and Byrds","floor":24,"turns":7},{"damage":57,"enemies":"Slaver and Parasite","floor":28,"turns":4},{"damage":12,"enemies":"3 Cultists","floor":29,"turns":2}],"relics_obtained":[{"floor":8,"key":"Odd Mushroom"},{"floor":9,"key":"Smiling Mask"},{"floor":26,"key":"Oddly Smooth Stone"}],"event_choices":[{"event_name":"Scrap Ooze","player_choice":"success","floor":2,"damage_taken":3},{"event_name":"Living Wall","player_choice":"Change","floor":3,"damage_taken":0},{"event_name":"Mushrooms","player_choice":"Fought Mushrooms","floor":8,"damage_taken":0},{"event_name":"Shining Light","player_choice":"Entered Light","floor":14,"damage_taken":0},{"event_name":"Beggar","player_choice":"Gave Gold","floor":20,"damage_taken":0},{"event_name":"Golden Shrine","player_choice":"Pray","floor":21,"damage_taken":0}],"boss_relics":[{"not_picked":["Philosopher\u0027s Stone","Eternal Feather"],"picked":"Inserter"}],"items_purged_floors":[7],"potions_floor_spawned":[5,8,16,18,19,24],"seed_played":"664819707002381840","killed_by":"3 Cultists","ascension_level":3,"potions_obtained":[{"floor":5,"key":"SkillPotion"},{"floor":8,"key":"Swift Potion"},{"floor":18,"key":"Regen Potion"},{"floor":19,"key":"SteroidPotion"},{"floor":24,"key":"EssenceOfSteel"}],"is_trial":false}