{"gold_per_floor":[113,123,134,134,134,134,134,151,151,121,135,146,146,173,173,268,268,282,282,294,306,306,336,355,355,436,436,471,482,25,52,52,149,149,167,193,206,218,234,260,260,270,270,280,305,305,321,368,368,368],"floor_reached":51,"playtime":5174,"items_purged":["Defend_R"],"score":1051,"play_id":"2c914298-c769-4507-a140-fc6ab773ec13","local_time":"20190213191628","is_ascension_mode":true,"campfire_choices":[{"data":"Flame Barrier","floor":6,"key":"SMITH"},{"data":"Armaments","floor":13,"key":"SMITH"},{"floor":15,"key":"REST"},{"floor":27,"key":"RECALL"},{"floor":32,"key":"REST"},{"floor":46,"key":"REST"},{"floor":49,"key":"REST"}],"neow_cost":"PERCENT_DAMAGE","seed_source_timestamp":87836711203516,"circlet_count":0,"master_deck":["Defend_R","Bash","Flame Barrier+1","Body Slam+1","True Grit","Armaments+1","Shrug It Off","Disarm+1","Impervious","Bite","Bite","Bite","Bite","Bite","Shockwave+1","Combust","Shrug It Off+1","Feed","Reckless Charge","Apotheosis","Offering","Iron Wave+1","Feel No Pain","Seeing Red","Corruption"],"relics":["Burning Blood","Calipers","Darkstone Periapt","Odd Mushroom","Fusion Hammer","Blue Candle","Tiny Chest","Kunai","ClockworkSouvenir","Art of War","Runic Cube","War Paint","Dream Catcher","GremlinMask","Question Card","Dead Branch","Ice Cream"],"potions_floor_usage":[8,12,14,16,16,16,16,20,20,21,28,38,40,40],"damage_taken":[{"damage":2,"enemies":"2 Louse","floor":1,"turns":4},{"damage":0,"enemies":"Small Slimes","floor":2,"turns":3},{"damage":1,"enemies":"Cultist","floor":3,"turns":4},{"damage":8,"enemies":"Blue Slaver","floor":8,"turns":4},{"damage":0,"enemies":"Looter","floor":11,"turns":4},{"damage":10,"enemies":"Exordium Thugs","floor":12,"turns":6},{"damage":19,"enemies":"The Mushroom Lair","floor":14,"turns":6},{"damage":0,"enemies":"The Guardian","floor":16,"turns":13},{"damage":0,"enemies":"Chosen","floor":18,"turns":6},{"damage":12,"enemies":"2 Thieves","floor":20,"turns":5},{"damage":0,"enemies":"Snecko","floor":21,"turns":7},{"damage":45,"enemies":"Slavers","floor":23,"turns":6},{"damage":2,"enemies":"Snake Plant","floor":24,"turns":4},{"damage":5,"enemies":"Gremlin Leader","floor":28,"turns":7},{"damage":5,"enemies":"Centurion and Healer","floor":29,"turns":8},{"damage":34,"enemies":"Book of Stabbing","floor":31,"turns":6},{"damage":96,"enemies":"Automaton","floor":33,"turns":15},{"damage":18,"enemies":"3 Shapes","floor":35,"turns":6},{"damage":24,"enemies":"3 Darklings","floor":37,"turns":4},{"damage":18,"enemies":"4 Shapes","floor":38,"turns":7},{"damage":12,"enemies":"Spire Growth","floor":39,"turns":7},{"damage":115,"enemies":"Reptomancer","floor":40,"turns":15},{"damage":20,"enemies":"Maw","floor":42,"turns":8},{"damage":9,"enemies":"3 Darklings","floor":44,"turns":5},{"damage":22,"enemies":"Nemesis","floor":45,"turns":9},{"damage":30,"enemies":"Jaw Worm Horde","floor":47,"turns":4},{"damage":37,"enemies":"2 Orb Walkers","floor":48,"turns":6},{"damage":47,"enemies":"Awakened One","floor":50,"turns":7}],"seed_played":"-4466576576065136298","potions_obtained":[{"floor":1,"key":"Fruit Juice"},{"floor":3,"key":"SkillPotion"},{"floor":10,"key":"EntropicBrew"},{"floor":10,"key":"FearPotion"},{"floor":12,"key":"Weak Potion"},{"floor":14,"key":"AttackPotion"},{"floor":18,"key":"Block Potion"},{"floor":20,"key":"Dexterity Potion"},{"floor":33,"key":"Dexterity Potion"},{"floor":37,"key":"EssenceOfSteel"},{"floor":38,"key":"Block Potion"},{"floor":42,"key":"FairyPotion"},{"floor":48,"key":"Explosive Potion"}],"is_trial":false,"path_per_floor":["M","M","M","?","?","R","?","M","T","?","M","M","R","?","R","B",null,"M","?","M","M","?","E","M","?","T","R","E","M","$","E","R","B",null,"M","T","M","M","M","E","?","M","T","M","E","R","M","?","R","B",null],"character_chosen":"IRONCLAD","items_purchased":["Apotheosis","ClockworkSouvenir"],"campfire_rested":4,"item_purchase_floors":[30,30],"current_hp_per_floor":[60,66,71,76,76,76,43,41,41,41,49,47,47,36,61,74,86,90,90,90,90,90,63,77,77,77,77,90,94,94,76,98,42,87,83,83,75,79,89,29,29,48,48,60,70,101,86,66,99,86],"gold":368,"neow_bonus":"ONE_RARE_RELIC","is_prod":false,"is_daily":false,"chose_seed":false,"campfire_upgraded":2,"win_rate":0,"timestamp":1550106988,"path_taken":["M","M","M","?","?","R","?","M","T","?","?","M","R","?","R","BOSS","M","?","M","M","?","E","?","?","T","R","E","M","$","E","R","BOSS","M","?","M","M","M","E","?","?","T","M","E","R","?","?","R","BOSS"],"build_version":"2019-02-06","purchased_purges":1,"victory":true,"max_hp_per_floor":[80,80,80,85,85,85,85,85,85,85,85,85,85,85,85,90,90,90,90,90,90,90,90,90,90,90,90,90,94,94,98,98,102,102,102,102,102,102,106,106,106,106,106,106,106,106,106,110,110,114],"card_choices":[{"not_picked":["Intimidate","Burning Pact"],"picked":"Flame Barrier","floor":1},{"not_picked":["Sword Boomerang","Entrench"],"picked":"Body Slam","floor":2},{"not_picked":["Rampage","Clash"],"picked":"True Grit","floor":3},{"not_picked":["Dual Wield","Power Through"],"picked":"Armaments","floor":8},{"not_picked":["Pommel Strike","Anger","True Grit"],"picked":"SKIP","floor":11},{"not_picked":["Combust","Second Wind"],"picked":"Shrug It Off","floor":12},{"not_picked":["Dual Wield","Seeing Red"],"picked":"Disarm","floor":14},{"not_picked":["Limit Break","Bludgeon"],"picked":"Impervious","floor":16},{"not_picked":["Twin Strike","Headbutt","Armaments"],"picked":"SKIP","floor":18},{"not_picked":["Havoc","Infernal Blade"],"picked":"Shockwave","floor":20},{"not_picked":["Clothesline","Headbutt"],"picked":"Combust","floor":21},{"not_picked":["Twin Strike","Shockwave"],"picked":"Shrug It Off+1","floor":23},{"not_picked":["Sentinel","Iron Wave"],"picked":"Feed","floor":24},{"not_picked":["Anger","Clothesline"],"picked":"Reckless Charge","floor":28},{"not_picked":["Sword Boomerang","Shockwave","Clash"],"picked":"SKIP","floor":29},{"not_picked":["Iron Wave","Headbutt","Clash"],"picked":"SKIP","floor":31},{"not_picked":["Exhume","Feed"],"picked":"Offering","floor":33},{"not_picked":["Power Through","Twin Strike+1","Shrug It Off"],"picked":"SKIP","floor":35},{"not_picked":["Corruption","Pommel Strike","Wild Strike"],"picked":"SKIP","floor":37},{"not_picked":["Burning Pact","Havoc+1","Heavy Blade+1"],"picked":"SKIP","floor":38},{"not_picked":["Flex","Twin Strike","Havoc"],"picked":"SKIP","floor":39},{"not_picked":["Bludgeon","Warcry+1","Anger+1"],"picked":"SKIP","floor":40},{"not_picked":["Sword Boomerang","Pommel Strike"],"picked":"Iron Wave+1","floor":42},{"not_picked":["Flex+1","Sword Boomerang","Perfected Strike","Intimidate+1"],"picked":"SKIP","floor":44},{"not_picked":["Thunderclap+1","Second Wind","Battle Trance+1"],"picked":"Feel No Pain","floor":45},{"not_picked":["Cleave+1","Anger+1","Sword Boomerang+1"],"picked":"Seeing Red","floor":46},{"not_picked":["True Grit","Heavy Blade","Anger+1","Clothesline+1"],"picked":"SKIP","floor":47},{"not_picked":["Battle Trance+1","Perfected Strike","Body Slam"],"picked":"Corruption","floor":49}],"player_experience":142436,"relics_obtained":[{"floor":9,"key":"Blood Vial"},{"floor":14,"key":"Odd Mushroom"},{"floor":23,"key":"Blue Candle"},{"floor":26,"key":"Tiny Chest"},{"floor":28,"key":"Kunai"},{"floor":31,"key":"Art of War"},{"floor":36,"key":"War Paint"},{"floor":40,"key":"Dream Catcher"},{"floor":43,"key":"Question Card"},{"floor":45,"key":"Dead Branch"},{"floor":48,"key":"Ice Cream"}],"event_choices":[{"damage_healed":0,"gold_gain":0,"player_choice":"Donut","damage_taken":0,"max_hp_gain":5,"max_hp_loss":0,"event_name":"Big Fish","floor":4,"gold_loss":0},{"damage_healed":0,"gold_gain":0,"player_choice":"Grow","damage_taken":0,"max_hp_gain":0,"max_hp_loss":0,"event_name":"Living Wall","floor":5,"gold_loss":0,"cards_upgraded":["Body Slam"]},{"damage_healed":0,"gold_gain":0,"player_choice":"Success","damage_taken":33,"relics_obtained":["Darkstone Periapt"],"max_hp_gain":0,"max_hp_loss":0,"event_name":"Scrap Ooze","floor":7,"gold_loss":0},{"damage_healed":0,"gold_gain":0,"player_choice":"Bought 2 Potions","damage_taken":0,"max_hp_gain":0,"max_hp_loss":0,"event_name":"The Woman in Blue","floor":10,"gold_loss":0},{"damage_healed":0,"gold_gain":0,"player_choice":"Fought Mushrooms","damage_taken":0,"max_hp_gain":0,"max_hp_loss":0,"event_name":"Mushrooms","floor":14,"gold_loss":0},{"damage_healed":0,"gold_gain":0,"player_choice":"Became a vampire (Vial)","damage_taken":0,"max_hp_gain":0,"max_hp_loss":0,"event_name":"Vampires","floor":19,"relics_lost":["Blood Vial"],"gold_loss":0,"cards_obtained":["Bite","Bite","Bite","Bite","Bite"]},{"cards_removed":["Defend_R"],"damage_healed":0,"gold_gain":0,"player_choice":"Purged","damage_taken":0,"max_hp_gain":0,"max_hp_loss":0,"event_name":"Purifier","floor":22,"gold_loss":0},{"cards_removed":["Defend_R"],"damage_healed":0,"gold_gain":0,"player_choice":"Offered Basic","damage_taken":0,"max_hp_gain":0,"max_hp_loss":0,"event_name":"Bonfire Elementals","floor":25,"gold_loss":0},{"damage_healed":0,"gold_gain":0,"player_choice":"Trade","damage_taken":0,"relics_obtained":["GremlinMask"],"max_hp_gain":0,"max_hp_loss":0,"event_name":"FaceTrader","floor":41,"gold_loss":0},{"damage_healed":0,"gold_gain":0,"player_choice":"Fight","damage_taken":0,"max_hp_gain":0,"max_hp_loss":0,"event_name":"Mysterious Sphere","floor":48,"gold_loss":0}],"is_beta":true,"boss_relics":[{"not_picked":["Runic Pyramid","Black Blood"],"picked":"Fusion Hammer"},{"not_picked":["Mark of Pain","Black Star"],"picked":"Runic Cube"}],"items_purged_floors":[30],"is_endless":false,"potions_floor_spawned":[1,3,12,14,18,20,33,37,38,42,48],"ascension_level":5}