{"gold_per_floor":[113,126,126,126,32,60,60,75,99,99,110,179,16,66,66,66],"floor_reached":16,"playtime":775,"items_purged":["Strike_R"],"score":140,"play_id":"c472d737-e8d0-43ac-bb55-cb1dd611d036","local_time":"20180629005223","is_ascension_mode":true,"campfire_choices":[{"data":"Whirlwind","floor":7,"key":"SMITH"},{"data":"True Grit","floor":10,"key":"SMITH"},{"floor":15,"key":"REST"}],"neow_cost":"","seed_source_timestamp":28839160025841,"circlet_count":0,"master_deck":["Strike_R","Strike_R","Strike_R","Strike_R","Defend_R","Defend_R","Defend_R+1","Defend_R","Bash","Rage","Whirlwind+1","Seeing Red","True Grit+1","Shrug It Off","Clothesline","Shrug It Off","Metallicize+1"],"special_seed":0,"relics":["Burning Blood","Oddly Smooth Stone","Question Card","SsserpentHead","Singing Bowl","Bottled Flame","Vajra"],"potions_floor_usage":[12,12],"damage_taken":[{"damage":4.0,"enemies":"Cultist","floor":1.0,"turns":4.0},{"damage":8.0,"enemies":"2 Louse","floor":2.0,"turns":2.0},{"damage":65.0,"enemies":"Lagavulin","floor":6.0,"turns":7.0},{"damage":0,"enemies":"Small Slimes","floor":8,"turns":3},{"damage":5,"enemies":"Exordium Wildlife","floor":11,"turns":4},{"damage":0,"enemies":"Exordium Thugs","floor":12,"turns":2},{"damage":34,"enemies":"Slime Boss","floor":16,"turns":7}],"seed_played":"-2714851919761371805","potions_obtained":[{"floor":8,"key":"Explosive Potion"},{"floor":11,"key":"Block Potion"}],"is_trial":false,"path_per_floor":["M","M","T","?","$","E","R","M","T","R","M","M","$","?","R"],"character_chosen":"IRONCLAD","items_purchased":["Singing Bowl","Shrug It Off","Metallicize"],"campfire_rested":1,"item_purchase_floors":[],"current_hp_per_floor":[74,72,72,72,72,13,13,19,19,19,20,26,26,10,34,0],"gold":66,"neow_bonus":"","is_prod":false,"is_daily":false,"chose_seed":false,"campfire_upgraded":2,"win_rate":0,"timestamp":1530226343,"path_taken":["M","M","?","?","?","E","R","M","T","R","M","?","$","?","R","BOSS"],"build_version":"2018-06-27","purchased_purges":1,"victory":false,"max_hp_per_floor":[80,80,80,80,80,80,80,80,80,80,80,80,80,80,80,80],"card_choices":[{"not_picked":["Wild Strike","Clash"],"picked":"Rage","floor":1.0},{"not_picked":["Combust","Armaments"],"picked":"Whirlwind","floor":2.0},{"not_picked":["Wild Strike","Sword Boomerang","Anger"],"picked":"Seeing Red","floor":6},{"not_picked":["Iron Wave","Clothesline","Thunderclap"],"picked":"True Grit","floor":8},{"not_picked":["Corruption","Wild Strike","Disarm"],"picked":"Shrug It Off","floor":11},{"not_picked":["Dropkick","Cleave","Juggernaut"],"picked":"Clothesline","floor":12}],"player_experience":215097,"relics_obtained":[{"floor":3.0,"key":"Question Card"},{"floor":6,"key":"Bottled Flame"},{"floor":9,"key":"Vajra"}],"event_choices":[{"event_name":"FaceTrader","player_choice":"Took Mask Of The Ssserpant","floor":4.0,"damage_taken":0.0},{"event_name":"Shining Light","player_choice":"Entered Light","floor":14,"damage_taken":0}],"boss_relics":[],"items_purged_floors":[13],"is_endless":false,"potions_floor_spawned":[8,11],"killed_by":"Slime Boss","ascension_level":8}