{"gold_per_floor":[109,109,184,203,217,217,256,256,256,133,98,98,134,150,150,275,275,291,315,333,354,354,354,378,378,378,418,437,451,209,224,224,353,353,366,380,404,420,445,445,445,445,469,484,0,15,15],"floor_reached":47,"playtime":2471,"items_purged":["Aggregate"],"score":627,"play_id":"55b993a4-fb16-4211-94a6-5552fe4bf6b0","local_time":"20180625073332","is_ascension_mode":true,"campfire_choices":[{"floor":6.0,"key":"REST"},{"data":"Chill","floor":8.0,"key":"SMITH"},{"floor":15.0,"key":"REST"},{"floor":23.0,"key":"REST"},{"data":"Storm","floor":25.0,"key":"SMITH"},{"floor":32.0,"key":"REST"},{"floor":40,"key":"REST"},{"floor":42,"key":"REST"}],"neow_cost":"","seed_source_timestamp":0,"circlet_count":0,"master_deck":["Zap","Dualcast","Sweeping Beam","Coolheaded","Leap","Go for the Eyes","Ball Lightning","Sweeping Beam","Force Field","Beam Cell","Streamline+1","Chill+1","Cold Snap","Leap","Ball Lightning","Electrodynamics","Leap","Glacier","Storm+1","Double Energy","Doom and Gloom","Leap+1","Defragment","Creative AI","Tempest","Electrodynamics","Redo","Hologram+1","Loop+1","Bandage Up","Genetic Algorithm+1"],"special_seed":0,"relics":["Pandora\u0027s Box","Golden Idol","Turnip","Cables","Anchor","Sozu","The Courier","Shuriken","Lizard Tail","Ancient Tea Set","Red Mask"],"potions_floor_usage":[],"damage_taken":[{"damage":10.0,"enemies":"Small Slimes","floor":1.0,"turns":2.0},{"damage":7.0,"enemies":"2 Louse","floor":4.0,"turns":2.0},{"damage":0.0,"enemies":"Jaw Worm","floor":5.0,"turns":3.0},{"damage":9.0,"enemies":"3 Sentries","floor":7.0,"turns":6.0},{"damage":11.0,"enemies":"Lagavulin","floor":13.0,"turns":4.0},{"damage":0.0,"enemies":"3 Louse","floor":14.0,"turns":3.0},{"damage":24.0,"enemies":"The Guardian","floor":16.0,"turns":15.0},{"damage":4.0,"enemies":"Shell Parasite","floor":18.0,"turns":4.0},{"damage":5.0,"enemies":"Chosen","floor":19.0,"turns":3.0},{"damage":9.0,"enemies":"Slaver and Parasite","floor":20.0,"turns":4.0},{"damage":0.0,"enemies":"Centurion and Healer","floor":21.0,"turns":4.0},{"damage":0.0,"enemies":"Cultist and Chosen","floor":24.0,"turns":4.0},{"damage":7.0,"enemies":"Slavers","floor":27.0,"turns":4.0},{"damage":13.0,"enemies":"Slaver and Parasite","floor":28.0,"turns":5.0},{"damage":0.0,"enemies":"Snake Plant","floor":29.0,"turns":4.0},{"damage":0.0,"enemies":"Centurion and Healer","floor":31.0,"turns":6.0},{"damage":15.0,"enemies":"Collector","floor":33.0,"turns":7.0},{"damage":0.0,"enemies":"3 Darklings","floor":35.0,"turns":3.0},{"damage":24,"enemies":"Orb Walker","floor":36,"turns":5},{"damage":14,"enemies":"Maw","floor":37,"turns":7},{"damage":0,"enemies":"3 Darklings","floor":38,"turns":3},{"damage":23,"enemies":"Sphere and 2 Shapes","floor":39,"turns":4},{"damage":46,"enemies":"Maw","floor":44,"turns":7},{"damage":38,"enemies":"3 Darklings","floor":46,"turns":4},{"damage":7,"enemies":"Sphere and 2 Shapes","floor":47,"turns":2}],"seed_played":"961385327000962515","potions_obtained":[{"floor":1.0,"key":"FocusPotion"},{"floor":14.0,"key":"Energy Potion"},{"floor":16.0,"key":"Poison Potion"}],"is_trial":false,"path_per_floor":["M","?","?","M","M","R","E","R","T","$","?","?","E","M","R","B",null,"M","M","M","M","?","R","M","R","T","E","M","M","$","M","R","B",null,"M","M","M","M","M","R","?","R","T","M","?","M"],"character_chosen":"DEFECT","items_purchased":["Leap","Defragment","Creative AI","Tempest"],"campfire_rested":6,"item_purchase_floors":[],"current_hp_per_floor":[58,58,47,40,40,60,51,51,51,51,68,68,57,57,69,45,63,59,54,45,45,45,65,65,65,65,58,45,45,45,45,65,50,64,64,40,26,26,3,23,23,43,43,1,1,1,0],"gold":15,"neow_bonus":"","is_prod":false,"is_daily":false,"chose_seed":false,"campfire_upgraded":2,"win_rate":0,"timestamp":1529926412,"path_taken":["M","?","?","M","?","R","E","R","T","$","?","?","E","M","R","BOSS","M","M","M","M","?","R","M","R","T","E","M","M","$","M","R","BOSS","M","M","M","M","M","R","?","R","T","M","?","M","M"],"build_version":"2018-06-21v2","purchased_purges":1,"victory":false,"max_hp_per_floor":[75,69,69,69,69,69,69,69,69,69,69,69,69,69,69,69,69,69,69,69,69,69,69,69,69,69,69,69,69,69,69,69,69,69,69,69,69,69,69,69,69,69,69,69,69,69,69],"card_choices":[{"not_picked":["Lockon","Conserve Battery"],"picked":"Beam Cell","floor":1.0},{"not_picked":["Conserve Battery","Sweeping Beam"],"picked":"Streamline","floor":4.0},{"not_picked":["Conserve Battery","Coolheaded"],"picked":"Chill","floor":5.0},{"not_picked":["BootSequence","Aggregate"],"picked":"Cold Snap","floor":7.0},{"not_picked":["Turbo","Rip and Tear","Rebound"],"picked":"SKIP","floor":13.0},{"not_picked":["Conserve Battery","Steam Power"],"picked":"Ball Lightning","floor":14.0},{"not_picked":["Thunder Strike","Fission"],"picked":"Electrodynamics","floor":16.0},{"not_picked":["Barrage+1","Streamline"],"picked":"Leap","floor":18.0},{"not_picked":["Undo","Compile Driver+1","Rebound"],"picked":"SKIP","floor":19.0},{"not_picked":["Sweeping Beam","Gash"],"picked":"Glacier","floor":20.0},{"not_picked":["Rebound","Reprogram","Cold Snap"],"picked":"SKIP","floor":21.0},{"not_picked":["Gash","FTL"],"picked":"Storm","floor":24.0},{"not_picked":["Fusion","Biased Cognition"],"picked":"Double Energy","floor":27.0},{"not_picked":["Go for the Eyes","Tempest"],"picked":"Doom and Gloom","floor":28.0},{"not_picked":["Steam Power","Cold Snap"],"picked":"Leap+1","floor":29.0},{"not_picked":["Leap","Chaos","Streamline"],"picked":"SKIP","floor":31.0},{"not_picked":["Hyperbeam","Core Surge"],"picked":"Electrodynamics","floor":33.0},{"not_picked":["Steam+1","Beam Cell"],"picked":"Redo","floor":35},{"not_picked":["Hyperbeam","Conserve Battery+1"],"picked":"Hologram+1","floor":36},{"not_picked":["Streamline+1","FTL+1"],"picked":"Loop+1","floor":37},{"not_picked":["Compile Driver+1","BootSequence","Ball Lightning"],"picked":"SKIP","floor":38},{"not_picked":["Rebound+1","Aggregate+1","Go for the Eyes+1"],"picked":"SKIP","floor":39},{"not_picked":["Flash of Steel","Secret Technique"],"picked":"Bandage Up","floor":41},{"not_picked":["Lockon+1","Steam"],"picked":"Genetic Algorithm+1","floor":44},{"not_picked":["Reprogram+1","Double Energy","Sunder"],"picked":"SKIP","floor":46}],"player_experience":724357,"relics_obtained":[{"floor":7.0,"key":"Turnip"},{"floor":9.0,"key":"Cables"},{"floor":13.0,"key":"Anchor"},{"floor":26.0,"key":"The Courier"},{"floor":27.0,"key":"Shuriken"},{"floor":43,"key":"Ancient Tea Set"}],"event_choices":[{"event_name":"Golden Idol","player_choice":"Lose Max HP","floor":2.0,"damage_taken":0.0},{"event_name":"World of Goop","player_choice":"Gather Gold","floor":3.0,"damage_taken":0.0},{"event_name":"The Cleric","player_choice":"Healed","floor":11.0,"damage_taken":0.0},{"event_name":"Living Wall","player_choice":"Grow","floor":12.0,"damage_taken":0.0},{"event_name":"Vampires","player_choice":"Ignored","floor":22.0,"damage_taken":0.0},{"event_name":"SensoryStone","player_choice":"Memory 1","floor":41,"damage_taken":0},{"event_name":"Tomb of Lord Red Mask","player_choice":"Paid","floor":45,"damage_taken":0}],"boss_relics":[{"not_picked":["Runic Pyramid","Snecko Eye"],"picked":"Sozu"},{"not_picked":["Astrolabe","Calling Bell"],"picked":"Lizard Tail"}],"items_purged_floors":[],"is_endless":false,"potions_floor_spawned":[1,14,16,18,19,29,31,33,35,36,38,39],"killed_by":"Sphere and 2 Shapes","ascension_level":6}