{"path_per_floor":["M","M","$","?","?","R","E","$","T","R","M","M","M","?","R","B",null,"M","$","M","?","?","R","M","R","T","R","M","R","?"],"character_chosen":"THE_SILENT","items_purchased":["Blade Dance","Accuracy","Blade Dance","Blade Dance","Dash"],"gold_per_floor":[112,128,48,48,148,148,179,41,41,41,60,72,92,92,92,192,192,211,28,42,42,141,141,161,161,239,239,259,259,259,259],"floor_reached":31,"campfire_rested":5,"playtime":1197,"item_purchase_floors":[3,8,8,19,19],"current_hp_per_floor":[70,69,69,69,69,69,47,47,47,68,68,63,53,39,60,30,70,50,50,50,34,34,55,33,54,54,54,28,49,36,0],"items_purged":["Strike_G"],"gold":259,"score":280,"play_id":"fef49ed1-fd41-40ba-9f40-644d375ab9d6","local_time":"20180618100158","is_prod":false,"is_daily":false,"chose_seed":false,"is_ascension_mode":true,"campfire_upgraded":2,"win_rate":0,"timestamp":1529330518,"campfire_choices":[{"data":"Blade Dance","floor":6,"key":"SMITH"},{"floor":10,"key":"REST"},{"floor":15,"key":"REST"},{"floor":23,"key":"REST"},{"floor":25,"key":"REST"},{"data":"Noxious Fumes","floor":27,"key":"SMITH"},{"floor":29,"key":"REST"}],"path_taken":["M","M","$","?","?","R","E","?","T","R","M","?","M","?","R","BOSS","M","$","M","?","?","R","M","R","T","R","M","R","?","M"],"build_version":"2018-06-14v2","seed_source_timestamp":368648897368487,"purchased_purges":1,"victory":false,"master_deck":["Defend_G","Defend_G","Defend_G","Defend_G","Defend_G","Strike_G","Strike_G+1","Strike_G","Strike_G","Survivor","Neutralize","Blur","Deadly Poison","Blade Dance+1","Burst","Panacea","Terror","Accuracy","Blade Dance+1","Flying Knee","Cloak And Dagger","Envenom","Cloak And Dagger","Blade Dance","Dash","Predator","Noxious Fumes+1"],"max_hp_per_floor":[70,70,70,70,70,70,70,70,70,70,70,70,70,70,70,70,70,70,70,70,70,70,70,70,70,70,70,70,70,75,75],"relics":["Ring of the Snake","Bag of Preparation","Centennial Puzzle","Darkstone Periapt","Sozu","Enchiridion","Molten Egg 2"],"card_choices":[{"not_picked":["Dodge and Roll","Outmaneuver"],"picked":"Blur","floor":1},{"not_picked":["Sucker Punch","Dodge and Roll"],"picked":"Deadly Poison","floor":2},{"not_picked":["Acrobatics","Dagger Spray"],"picked":"Terror","floor":7},{"not_picked":["Reflex","Deadly Poison"],"picked":"Flying Knee","floor":11},{"not_picked":["Flechettes","Bouncing Flask"],"picked":"Cloak And Dagger","floor":12},{"not_picked":["Poisoned Stab","Deflect","Leg Sweep"],"picked":"SKIP","floor":13},{"not_picked":["Tools of the Trade","Adrenaline"],"picked":"Envenom","floor":16},{"not_picked":["Deadly Poison","Concentrate"],"picked":"Cloak And Dagger","floor":18},{"not_picked":["Dagger Throw+1","Finisher"],"picked":"Predator","floor":20},{"not_picked":["Acrobatics","PiercingWail+1"],"picked":"Noxious Fumes","floor":24},{"not_picked":["Sucker Punch+1","Poisoned Stab+1","Masterful Stab+1"],"picked":"SKIP","floor":28}],"player_experience":629548,"potions_floor_usage":[7,16],"damage_taken":[{"damage":0,"enemies":"Jaw Worm","floor":1,"turns":5},{"damage":1,"enemies":"Cultist","floor":2,"turns":5},{"damage":22,"enemies":"Gremlin Nob","floor":7,"turns":4},{"damage":0,"enemies":"2 Louse","floor":11,"turns":2},{"damage":5,"enemies":"Red Slaver","floor":12,"turns":3},{"damage":10,"enemies":"Blue Slaver","floor":13,"turns":3},{"damage":30,"enemies":"Hexaghost","floor":16,"turns":9},{"damage":20,"enemies":"Spheric Guardian","floor":18,"turns":4},{"damage":0,"enemies":"Chosen","floor":20,"turns":4},{"damage":22,"enemies":"Centurion and Healer","floor":24,"turns":6},{"damage":26,"enemies":"Snake Plant","floor":28,"turns":4},{"damage":43,"enemies":"Snecko","floor":31,"turns":5}],"relics_obtained":[{"floor":7,"key":"Centennial Puzzle"},{"floor":9,"key":"Darkstone Periapt"},{"floor":21,"key":"Enchiridion"},{"floor":26,"key":"Molten Egg 2"}],"event_choices":[{"event_name":"Match and Keep!","player_choice":"2 cards matched","floor":4,"damage_taken":0},{"event_name":"Golden Shrine","player_choice":"Pray","floor":5,"damage_taken":0},{"event_name":"Shining Light","player_choice":"Entered Light","floor":14,"damage_taken":0},{"event_name":"Cursed Tome","player_choice":"Obtained Book","floor":21,"damage_taken":0},{"event_name":"Nest","player_choice":"Stole From Cult","floor":22,"damage_taken":0},{"event_name":"Forgotten Altar","player_choice":"Shed Blood","floor":30,"damage_taken":0}],"boss_relics":[{"not_picked":["White Beast Statue","Philosopher\u0027s Stone"],"picked":"Sozu"}],"items_purged_floors":[19],"is_endless":false,"potions_floor_spawned":[1,2,13,18,20,28],"seed_played":"8531207070400947554","killed_by":"Snecko","ascension_level":4,"potions_obtained":[{"floor":1,"key":"Poison Potion"},{"floor":2,"key":"PowerPotion"},{"floor":13,"key":"Energy Potion"}],"is_trial":false}