{"gold_per_floor":[115,64,81,81,99,133,133,98,149,162,59,81,81,95,95,172,172,123,138,138,138,38,38,38,38,38,53,53,10,10,10,10,87,137,156,106,106,121,138,138,138],"floor_reached":41,"playtime":2479,"items_purged":["Strike_B","Strike_B"],"score":830,"play_id":"ac9eb73c-0051-4253-9a0c-b840f1f23850","local_time":"20190130110106","is_ascension_mode":true,"campfire_choices":[{"floor":7,"key":"REST"},{"data":"Fission","floor":15,"key":"SMITH"},{"data":"Defragment","floor":23,"key":"SMITH"},{"data":"Creative AI","floor":28,"key":"SMITH"},{"data":"Rainbow","floor":30,"key":"SMITH"},{"floor":32,"key":"REST"},{"floor":40,"key":"REST"}],"neow_cost":"NONE","seed_source_timestamp":511459036292718,"circlet_count":0,"master_deck":["AscendersBane","Strike_B","Defend_B","Defend_B","Defend_B","Defend_B","Zap","Dualcast","Fission+1","Leap+1","Ball Lightning","Ball Lightning","Coolheaded","Glacier","Chill","Glacier","Coolheaded","Defragment+1","Creative AI+1","Rainbow+1","Heatsinks","Beam Cell","Glacier","Amplify","Heatsinks","Blizzard","Coolheaded","Coolheaded","Steam+1"],"relics":["Cracked Core","Vajra","Omamori","Odd Mushroom","Inserter","Shuriken","Pear","Mango","Tiny House"],"potions_floor_usage":[16,18,18,35],"damage_taken":[{"damage":1,"enemies":"Cultist","floor":1,"turns":3},{"damage":10,"enemies":"Jaw Worm","floor":3,"turns":4},{"damage":6,"enemies":"2 Louse","floor":5,"turns":2},{"damage":18,"enemies":"Lagavulin","floor":6,"turns":7},{"damage":0,"enemies":"Exordium Thugs","floor":10,"turns":4},{"damage":5,"enemies":"The Mushroom Lair","floor":12,"turns":6},{"damage":4,"enemies":"Large Slime","floor":14,"turns":6},{"damage":34,"enemies":"Hexaghost","floor":16,"turns":14},{"damage":11,"enemies":"2 Thieves","floor":18,"turns":5},{"damage":11,"enemies":"3 Byrds","floor":19,"turns":5},{"damage":10,"enemies":"Snecko","floor":27,"turns":5},{"damage":89,"enemies":"Automaton","floor":33,"turns":13},{"damage":23,"enemies":"Orb Walker","floor":35,"turns":5},{"damage":44,"enemies":"3 Darklings","floor":38,"turns":9},{"damage":12,"enemies":"Sphere and 2 Shapes","floor":39,"turns":14},{"damage":41,"enemies":"Reptomancer","floor":41,"turns":2}],"seed_played":"7788851295843338067","potions_obtained":[{"floor":12,"key":"AttackPotion"},{"floor":14,"key":"SteroidPotion"},{"floor":16,"key":"Block Potion"},{"floor":34,"key":"Fruit Juice"},{"floor":35,"key":"AttackPotion"},{"floor":39,"key":"Energy Potion"}],"is_trial":false,"path_per_floor":["M","$","M","?","M","E","R","?","T","M","$","?","?","M","R","B",null,"M","M","?","T","$","R","?","?","T","M","R","$","R","?","R","B",null,"M","$","?","M","M","R","E"],"character_chosen":"DEFECT","items_purchased":["Ball Lightning","Coolheaded","Glacier","Coolheaded"],"campfire_rested":3,"item_purchase_floors":[2,11,29,36],"current_hp_per_floor":[63,63,53,53,47,29,50,67,67,67,67,62,62,58,58,24,59,48,37,51,51,51,51,61,61,75,65,65,65,65,65,93,4,77,59,59,59,15,3,34,0],"gold":138,"neow_bonus":"ONE_RANDOM_RARE_CARD","is_prod":false,"is_daily":false,"chose_seed":false,"campfire_upgraded":4,"win_rate":0,"timestamp":1548864066,"path_taken":["M","?","M","?","M","E","R","?","T","M","$","?","?","?","R","BOSS","M","M","?","?","$","R","?","?","T","M","R","$","R","?","R","BOSS","M","$","?","M","M","R","E"],"build_version":"2019-01-23","purchased_purges":2,"victory":false,"max_hp_per_floor":[71,71,71,71,71,71,71,71,71,71,71,71,71,71,71,71,71,71,71,71,71,71,71,81,81,95,95,95,95,95,95,95,95,100,105,105,105,105,105,105,105],"card_choices":[{"not_picked":["Beam Cell","Stack"],"picked":"Leap","floor":1},{"not_picked":["Leap","Compile Driver"],"picked":"Ball Lightning","floor":3},{"not_picked":["Recycle","Rebound"],"picked":"Glacier","floor":5},{"not_picked":["Turbo","FTL"],"picked":"Chill","floor":6},{"not_picked":["Streamline","Cold Snap"],"picked":"Glacier","floor":10},{"not_picked":["Melter","Go for the Eyes"],"picked":"Defragment","floor":12},{"not_picked":["Turbo","Steam Power"],"picked":"Creative AI","floor":14},{"not_picked":["Creative AI","Hyperbeam"],"picked":"Rainbow","floor":16},{"not_picked":["Cold Snap","Steam"],"picked":"Ball Lightning+1","floor":18},{"not_picked":["Leap+1","Redo"],"picked":"Heatsinks","floor":19},{"not_picked":["Gash","All For One"],"picked":"Beam Cell","floor":27},{"not_picked":["Biased Cognition","Creative AI"],"picked":"Amplify","floor":33},{"not_picked":["Go for the Eyes","Steam"],"picked":"Heatsinks","floor":34},{"not_picked":["Rebound","Scrape"],"picked":"Blizzard","floor":35},{"not_picked":["Stack","Go for the Eyes+1"],"picked":"Coolheaded","floor":38},{"not_picked":["Beam Cell","Auto Shields"],"picked":"Steam+1","floor":39}],"player_experience":2226092,"relics_obtained":[{"floor":6,"key":"Vajra"},{"floor":9,"key":"Omamori"},{"floor":12,"key":"Odd Mushroom"},{"floor":21,"key":"Shuriken"},{"floor":26,"key":"Mango"}],"event_choices":[{"damage_healed":0,"gold_gain":0,"cards_transformed":["Strike_B"],"player_choice":"Change","damage_taken":0,"max_hp_gain":0,"max_hp_loss":0,"event_name":"Living Wall","floor":4,"gold_loss":0,"cards_obtained":["Coolheaded"]},{"damage_healed":17,"gold_gain":0,"player_choice":"Healed","damage_taken":0,"max_hp_gain":0,"max_hp_loss":0,"event_name":"The Cleric","floor":8,"gold_loss":35},{"damage_healed":0,"gold_gain":0,"player_choice":"Fought Mushrooms","damage_taken":0,"max_hp_gain":0,"max_hp_loss":0,"event_name":"Mushrooms","floor":12,"gold_loss":0},{"damage_healed":0,"gold_gain":0,"player_choice":"Ignored","damage_taken":0,"max_hp_gain":0,"max_hp_loss":0,"event_name":"Shining Light","floor":13,"gold_loss":0},{"damage_healed":14,"gold_gain":0,"player_choice":"Heal","damage_taken":0,"max_hp_gain":0,"max_hp_loss":0,"event_name":"The Library","floor":20,"gold_loss":0},{"damage_healed":0,"gold_gain":0,"player_choice":"Opened","damage_taken":0,"relics_obtained":["Pear"],"max_hp_gain":0,"max_hp_loss":0,"event_name":"The Mausoleum","floor":24,"gold_loss":0,"cards_obtained":["Writhe"]},{"damage_healed":0,"gold_gain":0,"player_choice":"Ignored","damage_taken":0,"max_hp_gain":0,"max_hp_loss":0,"event_name":"Ghosts","floor":25,"gold_loss":0},{"cards_removed":["Ball Lightning"],"damage_healed":0,"gold_gain":0,"player_choice":"Removed Attack","damage_taken":0,"max_hp_gain":0,"max_hp_loss":0,"event_name":"Falling","floor":37,"gold_loss":0}],"is_beta":false,"boss_relics":[{"not_picked":["Velvet Choker","Empty Cage"],"picked":"Inserter"},{"not_picked":["Runic Pyramid","Lizard Tail"],"picked":"Tiny House"}],"items_purged_floors":[11,22],"is_endless":false,"potions_floor_spawned":[12,14,16,35,39],"killed_by":"Reptomancer","ascension_level":19}