{"path_per_floor":["M","?","M","M","?","R","E","M","T","R","$","M","M","M","R","B",null,"M","?"],"character_chosen":"THE_SILENT","items_purchased":["Footwork","PiercingWail"],"gold_per_floor":[114,114,129,142,142,142,168,178,178,178,20,40,60,74,74,176,176,145,179,179],"floor_reached":20,"campfire_rested":2,"playtime":1214,"item_purchase_floors":[11,11],"current_hp_per_floor":[69,62,62,62,62,62,44,39,39,61,61,45,36,31,54,53,77,36,4,0],"items_purged":["Defend_G"],"gold":179,"score":211,"play_id":"22f72f2e-0c38-4957-bf07-c1eb53d3c530","local_time":"20180619165057","is_prod":false,"is_daily":false,"chose_seed":false,"is_ascension_mode":true,"campfire_upgraded":1,"win_rate":0,"timestamp":1529441457,"campfire_choices":[{"data":"Noxious Fumes","floor":6,"key":"SMITH"},{"floor":10,"key":"REST"},{"floor":15,"key":"REST"}],"path_taken":["M","?","M","?","?","R","E","M","T","R","?","M","M","M","R","BOSS","M","?","M"],"build_version":"2018-06-14v2","seed_source_timestamp":479552580757104,"purchased_purges":1,"victory":false,"master_deck":["Defend_G","Defend_G","Defend_G","Defend_G","Strike_G","Strike_G","Strike_G","Strike_G","Survivor","Neutralize","Noxious Fumes+1","All Out Attack","Dodge and Roll","Blade Dance","After Image","Footwork","PiercingWail","Backflip","PiercingWail","Phantasmal Killer","Crippling Poison"],"max_hp_per_floor":[70,70,70,70,70,70,75,75,75,75,75,75,77,77,77,77,77,79,79,79],"relics":["Ring of the Snake","Boot","Singing Bowl","Blue Candle","White Beast Statue","Red Mask"],"card_choices":[{"not_picked":["Prepared","Deflect"],"picked":"Noxious Fumes","floor":1},{"not_picked":["Dagger Throw","Deflect"],"picked":"All Out Attack","floor":3},{"not_picked":["Sucker Punch","Eviscerate"],"picked":"Dodge and Roll","floor":4},{"not_picked":["Crippling Poison","Accuracy"],"picked":"Blade Dance","floor":7},{"not_picked":["Eviscerate","Accuracy"],"picked":"After Image","floor":8},{"not_picked":["Poisoned Stab","Dagger Throw"],"picked":"Backflip","floor":12},{"not_picked":["Flechettes","Acrobatics","Deflect"],"picked":"Singing Bowl","floor":13},{"not_picked":["Deflect","Setup"],"picked":"PiercingWail","floor":14},{"not_picked":["Doppelganger","Corpse Explosion"],"picked":"Phantasmal Killer","floor":16},{"not_picked":["Poisoned Stab","Deflect+1","Distraction+1"],"picked":"Singing Bowl","floor":18},{"not_picked":["Setup","Dodge and Roll"],"picked":"Crippling Poison","floor":19}],"player_experience":651181,"potions_floor_usage":[7,16,16,19,20],"damage_taken":[{"damage":1,"enemies":"2 Louse","floor":1,"turns":2},{"damage":0,"enemies":"Small Slimes","floor":3,"turns":3},{"damage":0,"enemies":"Jaw Worm","floor":4,"turns":3},{"damage":23,"enemies":"Gremlin Nob","floor":7,"turns":5},{"damage":5,"enemies":"Gremlin Gang","floor":8,"turns":4},{"damage":16,"enemies":"Lots of Slimes","floor":12,"turns":3},{"damage":11,"enemies":"3 Louse","floor":13,"turns":3},{"damage":5,"enemies":"Gremlin Gang","floor":14,"turns":4},{"damage":1,"enemies":"Slime Boss","floor":16,"turns":11},{"damage":43,"enemies":"2 Thieves","floor":18,"turns":5},{"damage":32,"floor":19,"turns":6},{"damage":13,"enemies":"Chosen","floor":20,"turns":4}],"relics_obtained":[{"floor":7,"key":"Singing Bowl"},{"floor":9,"key":"Blue Candle"},{"floor":19,"key":"Red Mask"}],"event_choices":[{"event_name":"Golden Wing","player_choice":"Card Removal","floor":2,"damage_taken":0},{"event_name":"The Woman in Blue","player_choice":"Bought 0 Potions","floor":5,"damage_taken":0},{"event_name":"Masked Bandits","player_choice":"Fought over 145 gold","floor":19,"damage_taken":0}],"boss_relics":[{"not_picked":["Ectoplasm","Coffee Dripper"],"picked":"White Beast Statue"}],"items_purged_floors":[11],"is_endless":false,"potions_floor_spawned":[4,7,12,13,14,18,19],"seed_played":"3704504770736869280","killed_by":"Chosen","ascension_level":4,"potions_obtained":[{"floor":4,"key":"Fruit Juice"},{"floor":7,"key":"GhostInAJar"},{"floor":12,"key":"Energy Potion"},{"floor":13,"key":"SpeedPotion"},{"floor":14,"key":"Fire Potion"},{"floor":18,"key":"Energy Potion"},{"floor":19,"key":"GamblersBrew"}],"is_trial":false}