{"path_per_floor":["M","?","?","?","M","R","M","R","T","$","?","M","$","M","R","B",null,"M","?","?","M"],"character_chosen":"IRONCLAD","items_purchased":["Armaments"],"gold_per_floor":[115,115,115,115,135,135,149,149,149,20,20,39,39,57,57,153,183,199,199,199,217,217],"floor_reached":22,"campfire_rested":1,"playtime":1000,"item_purchase_floors":[10],"current_hp_per_floor":[65,65,65,58,58,58,54,54,54,54,54,60,60,51,72,60,77,45,45,45,23,0],"items_purged":["Strike_R"],"gold":217,"score":209,"play_id":"c47943d3-f611-4863-807f-e48cbd3d037e","local_time":"20180617150950","is_prod":false,"is_daily":false,"chose_seed":false,"is_ascension_mode":true,"campfire_upgraded":2,"win_rate":0,"timestamp":1529262590,"campfire_choices":[{"data":"Limit Break","floor":6,"key":"SMITH"},{"data":"Madness","floor":8,"key":"SMITH"},{"floor":15,"key":"REST"}],"path_taken":["M","?","?","?","M","R","?","R","T","$","?","?","?","M","R","BOSS","M","?","?","M","?"],"build_version":"2018-06-14v2","seed_source_timestamp":300919295714677,"purchased_purges":1,"victory":false,"master_deck":["Strike_R","Strike_R","Strike_R+1","Strike_R","Defend_R","Defend_R","Defend_R","Bash","Limit Break+1","Flex","Madness+1","Bash","Armaments","Cleave","Impervious","Spot Weakness","Limit Break+1"],"max_hp_per_floor":[72,72,72,72,72,72,72,72,72,72,72,72,72,72,72,72,77,77,77,77,77,77],"relics":["Burning Blood","Toolbox","Pantograph","Tiny House"],"card_choices":[{"not_picked":["Impervious","Fiend Fire"],"picked":"Limit Break","floor":0},{"not_picked":["Warcry","Clothesline"],"picked":"Flex","floor":1},{"not_picked":["Sword Boomerang","Body Slam","Dropkick"],"picked":"SKIP","floor":5},{"not_picked":["Clash","Disarm","Uppercut"],"picked":"SKIP","floor":7},{"not_picked":["Headbutt","Wild Strike","Perfected Strike"],"picked":"SKIP","floor":12},{"not_picked":["Pommel Strike","Armaments"],"picked":"Cleave","floor":14},{"not_picked":["Dark Embrace","Berserk"],"picked":"Impervious","floor":16},{"not_picked":["Iron Wave","Armaments"],"picked":"Spot Weakness","floor":17},{"not_picked":["Rupture","Havoc","Armaments+1"],"picked":"SKIP","floor":18},{"not_picked":["Iron Wave","Disarm+1","Battle Trance"],"picked":"SKIP","floor":21}],"player_experience":616753,"potions_floor_usage":[12,16,16,16,21,22,22],"damage_taken":[{"damage":13,"enemies":"Jaw Worm","floor":1,"turns":4},{"damage":6,"enemies":"Cultist","floor":5,"turns":3},{"damage":10,"enemies":"Small Slimes","floor":7,"turns":3},{"damage":0,"enemies":"2 Fungi Beasts","floor":12,"turns":2},{"damage":15,"enemies":"Large Slime","floor":14,"turns":6},{"damage":18,"enemies":"Slime Boss","floor":16,"turns":7},{"damage":38,"enemies":"Shell Parasite","floor":18,"turns":6},{"damage":28,"enemies":"Spheric Guardian","floor":21,"turns":4},{"damage":46,"enemies":"Cultist and Chosen","floor":22,"turns":6}],"relics_obtained":[{"floor":9,"key":"Pantograph"}],"event_choices":[{"event_name":"Match and Keep!","player_choice":"2 cards matched","floor":2,"damage_taken":0},{"event_name":"Living Wall","player_choice":"Forget","floor":3,"damage_taken":0},{"event_name":"Scrap Ooze","player_choice":"success","floor":4,"damage_taken":7},{"event_name":"The Lab","player_choice":"Got Potions","floor":11,"damage_taken":0},{"event_name":"Match and Keep!","player_choice":"0 cards matched","floor":19,"damage_taken":0},{"event_name":"Duplicator","player_choice":"One dupe","floor":20,"damage_taken":0}],"boss_relics":[{"not_picked":["Calling Bell","Ectoplasm"],"picked":"Tiny House"}],"items_purged_floors":[10],"is_endless":false,"potions_floor_spawned":[12,14,18,21],"seed_played":"4486240900625611457","killed_by":"Cultist and Chosen","ascension_level":4,"potions_obtained":[{"floor":11,"key":"LiquidBronze"},{"floor":11,"key":"Swift Potion"},{"floor":11,"key":"Ancient Potion"},{"floor":12,"key":"SteroidPotion"},{"floor":14,"key":"Ancient Potion"},{"floor":17,"key":"SkillPotion"},{"floor":18,"key":"GamblersBrew"},{"floor":21,"key":"PowerPotion"}],"is_trial":false}