{"gold_per_floor":[118,118,118,43,62,62,90,102,102,114,114,133,133,148,148,148],"floor_reached":16,"playtime":1251,"items_purged":["Strike_G"],"score":143,"play_id":"b6cf7434-ee9e-41ea-bbcd-71c59c75d358","local_time":"20180824090552","is_ascension_mode":true,"campfire_choices":[{"data":"Neutralize","floor":6,"key":"SMITH"},{"floor":13,"key":"REST"},{"data":"Calculated Gamble","floor":15,"key":"SMITH"}],"neow_cost":"PERCENT_DAMAGE","seed_source_timestamp":255431684498677,"circlet_count":0,"master_deck":["Defend_G","Defend_G","Defend_G","Defend_G","Strike_G","Strike_G","Strike_G","Strike_G","Survivor+1","Neutralize+1","After Image+1","Terror","Reflex","Prepared","Reflex","Outmaneuver+1","Calculated Gamble+1","Footwork"],"relics":["Ring of the Snake","Letter Opener","Bottled Flame"],"potions_floor_usage":[14,16,16],"damage_taken":[{"damage":1,"enemies":"2 Louse","floor":1,"turns":4},{"damage":0,"enemies":"Jaw Worm","floor":5,"turns":5},{"damage":10,"enemies":"Gremlin Nob","floor":7,"turns":5},{"damage":3,"enemies":"Small Slimes","floor":8,"turns":5},{"damage":8,"enemies":"2 Fungi Beasts","floor":10,"turns":4},{"damage":0,"enemies":"Blue Slaver","floor":12,"turns":4},{"damage":0,"enemies":"Exordium Thugs","floor":14,"turns":6},{"damage":25,"enemies":"Hexaghost","floor":16,"turns":16}],"seed_played":"8025244659980181737","potions_obtained":[{"floor":8,"key":"Fire Potion"},{"floor":10,"key":"EssenceOfSteel"},{"floor":12,"key":"SkillPotion"}],"is_trial":false,"path_per_floor":["M","?","?","$","M","R","E","M","T","M","?","M","R","M","R"],"character_chosen":"THE_SILENT","items_purchased":[],"campfire_rested":1,"item_purchase_floors":[],"current_hp_per_floor":[44,44,37,37,37,37,27,24,24,16,2,2,23,23,23,0],"gold":148,"neow_bonus":"THREE_RARE_CARDS","is_prod":false,"is_daily":false,"chose_seed":false,"campfire_upgraded":2,"win_rate":0,"timestamp":1535067352,"path_taken":["M","?","?","$","M","R","E","?","T","?","?","M","R","M","R","BOSS"],"build_version":"2018-08-16","purchased_purges":1,"victory":false,"max_hp_per_floor":[70,70,70,70,70,70,70,70,70,70,70,70,70,70,70,70],"card_choices":[{"not_picked":["Phantasmal Killer","Storm of Steel"],"picked":"After Image","floor":0},{"not_picked":["Quick Slash","Backflip"],"picked":"Terror","floor":1},{"not_picked":["Dagger Throw","Endless Agony"],"picked":"Reflex","floor":5},{"not_picked":["Riddle With Holes","Accuracy"],"picked":"Prepared","floor":7},{"not_picked":["Accuracy","Acrobatics"],"picked":"Reflex","floor":8},{"not_picked":["PiercingWail","Dagger Spray"],"picked":"Outmaneuver","floor":10},{"not_picked":["Poisoned Stab","Bane"],"picked":"Calculated Gamble","floor":12},{"not_picked":["Slice","Bane"],"picked":"Footwork","floor":14}],"player_experience":365066,"relics_obtained":[{"floor":7,"key":"Letter Opener"},{"floor":9,"key":"Bottled Flame"}],"event_choices":[{"event_name":"Living Wall","player_choice":"Grow","floor":2,"damage_taken":0},{"event_name":"Golden Wing","player_choice":"Card Removal","floor":3,"damage_taken":0},{"event_name":"Shining Light","player_choice":"Entered Light","floor":11,"damage_taken":0}],"is_beta":false,"boss_relics":[],"items_purged_floors":[4],"is_endless":false,"potions_floor_spawned":[8,10,12],"killed_by":"Hexaghost","ascension_level":8}