{"gold_per_floor":[117,117,117,134,134,134,168,168,218,236,251,251,2,26,26,121,121,21,0,0,0,0],"floor_reached":22,"playtime":857,"items_purged":["Strike_B"],"score":368,"play_id":"4477b517-442a-4488-b126-922bbd53b99e","local_time":"20190209135359","is_ascension_mode":true,"campfire_choices":[{"data":"Sunder","floor":6,"key":"SMITH"},{"floor":12,"key":"REST"},{"floor":15,"key":"REST"}],"neow_cost":"NONE","seed_source_timestamp":516944730445667,"circlet_count":0,"master_deck":["AscendersBane","Strike_B","Strike_B","Strike_B","Defend_B","Defend_B","Defend_B","Defend_B","Zap","Dualcast","Compile Driver","Reboot","Sunder+1","Blizzard","Coolheaded","Go for the Eyes","Go for the Eyes","Blizzard","White Noise","Conserve Battery","Reboot","Conserve Battery","Conserve Battery"],"relics":["Cracked Core","Regal Pillow","Mercury Hourglass","Golden Idol","PreservedInsect","Ectoplasm"],"potions_floor_usage":[7,21,22],"damage_taken":[{"damage":7,"enemies":"2 Louse","floor":1,"turns":3},{"damage":12,"enemies":"Jaw Worm","floor":4,"turns":2},{"damage":8,"enemies":"Gremlin Nob","floor":7,"turns":3},{"damage":0,"enemies":"Cultist","floor":10,"turns":2},{"damage":20,"enemies":"Large Slime","floor":11,"turns":4},{"damage":4,"enemies":"Looter","floor":14,"turns":2},{"damage":41,"enemies":"Slime Boss","floor":16,"turns":9},{"damage":36,"enemies":"2 Thieves","floor":18,"turns":4},{"damage":8,"enemies":"3 Byrds","floor":21,"turns":5},{"damage":13,"enemies":"3 Cultists","floor":22,"turns":4}],"seed_played":"6190637114033003344","potions_obtained":[{"floor":4,"key":"Poison Potion"},{"floor":7,"key":"SpeedPotion"},{"floor":16,"key":"SteroidPotion"}],"is_trial":false,"path_per_floor":["M","?","?","M","?","R","E","?","T","M","M","R","$","M","R","B",null,"M","?","$","M","M"],"character_chosen":"DEFECT","items_purchased":["Blizzard","White Noise","Conserve Battery"],"campfire_rested":2,"item_purchase_floors":[13,13,13],"current_hp_per_floor":[57,57,57,45,45,45,37,37,37,37,17,51,51,47,64,23,54,18,18,18,10,0],"gold":0,"neow_bonus":"RANDOM_COMMON_RELIC","is_prod":false,"is_daily":false,"chose_seed":false,"campfire_upgraded":1,"win_rate":0,"timestamp":1549738439,"path_taken":["M","?","?","?","?","R","E","?","T","M","M","R","?","M","R","BOSS","M","?","$","M","M"],"build_version":"2019-01-23","purchased_purges":1,"victory":false,"max_hp_per_floor":[71,71,71,71,71,71,71,64,64,64,64,64,64,64,64,64,64,64,64,64,64,64],"card_choices":[{"not_picked":["Self Repair","Reprogram"],"picked":"Compile Driver","floor":1},{"not_picked":["Gash","Streamline"],"picked":"Blizzard","floor":4},{"not_picked":["Streamline","Cold Snap"],"picked":"Coolheaded","floor":7},{"not_picked":["Beam Cell","Turbo"],"picked":"Go for the Eyes","floor":10},{"not_picked":["Heatsinks","Chaos"],"picked":"Go for the Eyes","floor":11},{"not_picked":["Stack","Sunder","Turbo"],"picked":"SKIP","floor":14},{"not_picked":["Biased Cognition","Meteor Strike"],"picked":"Reboot","floor":16},{"not_picked":["Reprogram","Hello World"],"picked":"Conserve Battery","floor":18},{"not_picked":["Darkness+1","Leap"],"picked":"Conserve Battery","floor":21}],"player_experience":2368500,"relics_obtained":[{"floor":7,"key":"Mercury Hourglass"},{"floor":9,"key":"PreservedInsect"}],"event_choices":[{"damage_healed":0,"gold_gain":0,"player_choice":"Ignored","damage_taken":0,"max_hp_gain":0,"max_hp_loss":0,"event_name":"Golden Wing","floor":2,"gold_loss":0},{"damage_healed":0,"gold_gain":0,"player_choice":"2 cards matched","damage_taken":0,"max_hp_gain":0,"max_hp_loss":0,"event_name":"Match and Keep!","floor":3,"gold_loss":0,"cards_obtained":["Reboot","Sunder"]},{"damage_healed":0,"gold_gain":0,"player_choice":"Ignored","damage_taken":0,"max_hp_gain":0,"max_hp_loss":0,"event_name":"Shining Light","floor":5,"gold_loss":0},{"damage_healed":0,"gold_gain":0,"player_choice":"Lose Max HP","damage_taken":0,"relics_obtained":["Golden Idol"],"max_hp_gain":0,"max_hp_loss":7,"event_name":"Golden Idol","floor":8,"gold_loss":0},{"damage_healed":0,"gold_gain":0,"player_choice":"Paid Fearfully","damage_taken":0,"max_hp_gain":0,"max_hp_loss":0,"event_name":"Masked Bandits","floor":19,"gold_loss":21}],"is_beta":false,"boss_relics":[{"not_picked":["Runic Dome","Busted Crown"],"picked":"Ectoplasm"}],"items_purged_floors":[13],"is_endless":false,"potions_floor_spawned":[4,7,16],"killed_by":"3 Cultists","ascension_level":20}