{"gold_per_floor":[99,99,11,11,11,11,11,11,11,11,11,11,11,11,11,11,11,11,11,11,11,11,11,11,11,11,11,11,11,11,11,11,11,11,11,11,11,11,11,11,11,11,11,11,11,11,11,11,11,11,11,11,11,11,11],"floor_reached":55,"playtime":4122,"items_purged":[],"score":819,"play_id":"c0c2b7dc-799d-4680-b5d4-27337b64a70a","local_time":"20181207153612","is_ascension_mode":false,"campfire_choices":[{"data":"White Noise","floor":6.0,"key":"SMITH"},{"floor":12.0,"key":"REST"},{"floor":15.0,"key":"REST"},{"floor":23.0,"key":"REST"},{"floor":29.0,"key":"RECALL"},{"floor":32.0,"key":"REST"},{"floor":41.0,"key":"REST"},{"data":"Creative AI","floor":44.0,"key":"SMITH"},{"floor":49.0,"key":"REST"},{"data":"Storm","floor":52.0,"key":"SMITH"}],"neow_cost":"NONE","seed_source_timestamp":2192125448313,"circlet_count":0,"master_deck":["Strike_B+1","Defend_B","Defend_B","Defend_B","Defend_B","Zap","Dualcast","Lockon+1","Leap","BootSequence","White Noise+1","BootSequence","Capacitor","Buffer","Genetic Algorithm","Leap+1","Streamline+1","Creative AI+1","Scrape+1","Glacier+1","Leap","Self Repair","Coolheaded+1","Conserve Battery","Storm+1","Conserve Battery+1","Leap+1","Coolheaded+1","Electrodynamics","Defragment","Chill+1","Core Surge+1","Defragment+1","Compile Driver+1","Capacitor+1"],"special_seed":0,"relics":["Ectoplasm","Mango","Molten Egg 2","Odd Mushroom","PreservedInsect","Pear","Anchor","Astrolabe","Red Mask","Toxic Egg 2","Mercury Hourglass","Tiny House","Unceasing Top","Whetstone","Blood Vial","Art of War"],"potions_floor_usage":[55],"damage_taken":[{"damage":5.0,"enemies":"Small Slimes","floor":1.0,"turns":4.0},{"damage":0.0,"enemies":"Jaw Worm","floor":4.0,"turns":5.0},{"damage":1.0,"enemies":"2 Louse","floor":5.0,"turns":3.0},{"damage":0.0,"enemies":"2 Fungi Beasts","floor":7.0,"turns":4.0},{"damage":42.0,"enemies":"3 Sentries","floor":8.0,"turns":15.0},{"damage":25.0,"enemies":"The Mushroom Lair","floor":10.0,"turns":6.0},{"damage":18.0,"enemies":"Lagavulin","floor":13.0,"turns":8.0},{"damage":20.0,"enemies":"Gremlin Nob","floor":14.0,"turns":5.0},{"damage":31.0,"enemies":"The Guardian","floor":16.0,"turns":12.0},{"damage":13.0,"enemies":"3 Byrds","floor":18.0,"turns":6.0},{"damage":1.0,"enemies":"Shell Parasite","floor":19.0,"turns":10.0},{"damage":46.0,"enemies":"Masked Bandits","floor":20.0,"turns":9.0},{"damage":10.0,"enemies":"Chosen and Byrds","floor":21.0,"turns":9.0},{"damage":19.0,"enemies":"Snake Plant","floor":22.0,"turns":7.0},{"damage":26.0,"enemies":"Centurion and Healer","floor":27.0,"turns":8.0},{"damage":1.0,"enemies":"Snecko","floor":28.0,"turns":6.0},{"damage":7.0,"enemies":"Sentry and Sphere","floor":30.0,"turns":5.0},{"damage":31.0,"enemies":"Collector","floor":33.0,"turns":10.0},{"damage":12.0,"enemies":"3 Darklings","floor":35.0,"turns":9.0},{"damage":17.0,"enemies":"Orb Walker","floor":36.0,"turns":7.0},{"damage":0.0,"enemies":"Mind Bloom Boss Battle","floor":39.0,"turns":9.0},{"damage":51.0,"enemies":"Reptomancer","floor":40.0,"turns":8.0},{"damage":15.0,"enemies":"Transient","floor":42.0,"turns":5.0},{"damage":8.0,"enemies":"Jaw Worm Horde","floor":45.0,"turns":5.0},{"damage":12.0,"enemies":"Maw","floor":46.0,"turns":10.0},{"damage":12.0,"enemies":"Writhing Mass","floor":47.0,"turns":9.0},{"damage":4.0,"enemies":"Giant Head","floor":48.0,"turns":9.0},{"damage":53.0,"enemies":"Donu and Deca","floor":50.0,"turns":9.0},{"damage":36.0,"enemies":"Shield and Spear","floor":54.0,"turns":9.0},{"damage":87,"enemies":"The Heart","floor":55,"turns":12}],"seed_played":"-5084224498908941398","potions_obtained":[{"floor":5.0,"key":"Ancient Potion"},{"floor":7.0,"key":"Energy Potion"},{"floor":8.0,"key":"Weak Potion"},{"floor":16.0,"key":"Block Potion"},{"floor":18.0,"key":"LiquidBronze"},{"floor":21.0,"key":"EssenceOfSteel"},{"floor":27.0,"key":"Ancient Potion"},{"floor":33.0,"key":"Block Potion"},{"floor":34.0,"key":"Strength Potion"},{"floor":35.0,"key":"LiquidBronze"},{"floor":47.0,"key":"LiquidBronze"},{"floor":54.0,"key":"Strength Potion"}],"is_trial":false,"path_per_floor":["M","?","$","M","M","R","M","E","T","?","T","R","E","?","R","B",null,"M","M","?","M","M","R","?","$","T","M","M","R","M","T","R","B",null,"M","M","?","?","?","E","R","M","T","R","M","M","M","E","R","B",null,"R","$","E","B"],"character_chosen":"DEFECT","items_purchased":["Leap","BootSequence"],"campfire_rested":6,"item_purchase_floors":[3,3],"current_hp_per_floor":[70,75,75,75,74,74,74,46,46,21,21,49,41,21,52,21,104,91,90,51,48,36,67,67,67,67,48,47,47,47,47,78,54,109,104,94,94,94,101,57,89,81,81,81,73,68,63,66,98,47,109,109,109,80,0],"gold":11,"neow_bonus":"BOSS_RELIC","is_prod":false,"is_daily":false,"chose_seed":false,"campfire_upgraded":3,"win_rate":0,"timestamp":1544214972,"path_taken":["M","?","$","M","M","R","M","E","T","?","?","R","E","?","R","BOSS","M","M","?","M","M","R","?","$","T","?","M","R","?","?","R","BOSS","M","M","?","?","?","E","R","M","T","R","M","M","M","E","R","BOSS","R","$","E","BOSS"],"build_version":"2018-12-06","purchased_purges":0,"victory":false,"max_hp_per_floor":[75,80,80,80,80,80,80,94,94,94,94,94,104,104,104,104,104,104,104,104,104,104,104,104,104,104,104,104,104,104,104,104,104,109,109,109,109,109,109,109,109,109,109,109,109,109,109,109,109,109,109,109,109,109,109],"card_choices":[{"not_picked":["Hologram","Undo"],"picked":"Lockon","floor":1.0},{"not_picked":["Sweeping Beam","Barrage"],"picked":"White Noise","floor":4.0},{"not_picked":["Steam","Coolheaded"],"picked":"BootSequence","floor":5.0},{"not_picked":["Rip and Tear","Steam"],"picked":"Capacitor","floor":7.0},{"not_picked":["Turbo","Streamline"],"picked":"Buffer","floor":8.0},{"not_picked":["Turbo","Rebound+1"],"picked":"Genetic Algorithm","floor":10.0},{"not_picked":["Stack","Darkness"],"picked":"Leap","floor":13.0},{"not_picked":["Rebound+1","Sweeping Beam+1"],"picked":"Streamline+1","floor":14.0},{"not_picked":["Meteor Strike+1","Multi-Cast"],"picked":"Creative AI","floor":16.0},{"not_picked":["Coolheaded","Cold Snap+1"],"picked":"Leap","floor":18.0},{"not_picked":["Compile Driver+1","Steam"],"picked":"Self Repair","floor":19.0},{"not_picked":["Doom and Gloom+1","Sweeping Beam+1"],"picked":"Coolheaded+1","floor":20.0},{"not_picked":["Coolheaded","Rebound+1"],"picked":"Conserve Battery","floor":21.0},{"not_picked":["Tempest+1","Multi-Cast"],"picked":"Storm","floor":22.0},{"not_picked":["Ball Lightning+1","Barrage+1"],"picked":"Conserve Battery+1","floor":27.0},{"not_picked":["Rebound+1","Turbo+1"],"picked":"Leap+1","floor":28.0},{"not_picked":["Streamline+1","Gash+1"],"picked":"Coolheaded+1","floor":30.0},{"not_picked":["Meteor Strike+1","Core Surge+1"],"picked":"Electrodynamics","floor":33.0},{"not_picked":["Beam Cell+1","Rebound+1"],"picked":"Defragment","floor":34.0},{"not_picked":["Compile Driver+1","Self Repair"],"picked":"Chill+1","floor":35.0},{"not_picked":["Lockon+1","Capacitor+1","Gash+1"],"picked":"SKIP","floor":36.0},{"not_picked":["Go for the Eyes+1","Skim+1"],"picked":"Core Surge+1","floor":39.0},{"not_picked":["Beam Cell+1","Hologram+1"],"picked":"Defragment+1","floor":40.0},{"not_picked":["Stack+1","Leap+1"],"picked":"Compile Driver+1","floor":42.0},{"not_picked":["Turbo+1","Creative AI","Blizzard+1"],"picked":"SKIP","floor":45.0},{"not_picked":["Turbo+1","Rebound+1","Aggregate+1"],"picked":"SKIP","floor":46.0},{"not_picked":["Doom and Gloom+1","Gash+1","Coolheaded+1"],"picked":"SKIP","floor":47.0},{"not_picked":["Turbo+1","Barrage+1","Coolheaded+1"],"picked":"SKIP","floor":48.0},{"not_picked":["Streamline+1","Coolheaded+1"],"picked":"Capacitor+1","floor":54.0}],"player_experience":1801819,"relics_obtained":[{"floor":8.0,"key":"Mango"},{"floor":9.0,"key":"Molten Egg 2"},{"floor":10.0,"key":"Odd Mushroom"},{"floor":11.0,"key":"PreservedInsect"},{"floor":13.0,"key":"Pear"},{"floor":14.0,"key":"Anchor"},{"floor":20.0,"key":"Red Mask"},{"floor":26.0,"key":"Toxic Egg 2"},{"floor":31.0,"key":"Mercury Hourglass"},{"floor":39.0,"key":"Unceasing Top"},{"floor":40.0,"key":"Whetstone"},{"floor":48.0,"key":"Blood Vial"},{"floor":54.0,"key":"Art of War"}],"event_choices":[{"damage_healed":0.0,"max_hp_gain":5.0,"max_hp_loss":0.0,"gold_gain":0.0,"event_name":"Big Fish","player_choice":"Donut","floor":2.0,"gold_loss":0.0,"damage_taken":0.0},{"damage_healed":0.0,"max_hp_gain":0.0,"max_hp_loss":0.0,"gold_gain":0.0,"event_name":"Mushrooms","player_choice":"Fought Mushrooms","floor":10.0,"gold_loss":0.0,"damage_taken":0.0},{"damage_healed":0.0,"max_hp_gain":0.0,"max_hp_loss":0.0,"gold_gain":0.0,"event_name":"Dead Adventurer","player_choice":"Searched \u00272\u0027 times","floor":14.0,"gold_loss":0.0,"damage_taken":0.0},{"damage_healed":0.0,"max_hp_gain":0.0,"max_hp_loss":0.0,"gold_gain":0.0,"event_name":"Masked Bandits","player_choice":"Fought Bandits","floor":20.0,"gold_loss":0.0,"damage_taken":0.0},{"damage_healed":0.0,"max_hp_gain":0.0,"max_hp_loss":0.0,"gold_gain":0.0,"event_name":"Ghosts","player_choice":"Ignored","floor":24.0,"gold_loss":0.0,"damage_taken":0.0},{"damage_healed":0.0,"max_hp_gain":0.0,"max_hp_loss":0.0,"gold_gain":222.0,"event_name":"Tomb of Lord Red Mask","player_choice":"Wore Mask","floor":37.0,"gold_loss":0.0,"damage_taken":0.0},{"cards_removed":["All For One"],"damage_healed":0.0,"max_hp_gain":0.0,"max_hp_loss":0.0,"gold_gain":0.0,"event_name":"Falling","player_choice":"Removed Attack","floor":38.0,"gold_loss":0.0,"damage_taken":0.0},{"damage_healed":0.0,"max_hp_gain":0.0,"max_hp_loss":0.0,"gold_gain":0.0,"event_name":"MindBloom","player_choice":"Fight","floor":39.0,"gold_loss":0.0,"damage_taken":0.0}],"is_beta":false,"boss_relics":[{"not_picked":["Fusion Hammer","White Beast Statue"],"picked":"Astrolabe"},{"not_picked":["Runic Pyramid","Coffee Dripper"],"picked":"Tiny House"}],"items_purged_floors":[],"is_endless":false,"potions_floor_spawned":[5,7,8,16,18,21,27,33,35,40,47,48,54],"killed_by":"The Heart","ascension_level":0}