{"gold_per_floor":[211,224,114,39,39,39,51,85,85,85,85,102,113,131,131,205,205,218,218,231,248,248],"floor_reached":22,"playtime":1220,"items_purged":["Strike_G"],"score":329,"play_id":"04d1e2e0-a6dc-407a-b676-19acdca4495e","local_time":"20190202085306","is_ascension_mode":true,"campfire_choices":[{"data":"Neutralize","floor":6,"key":"SMITH"},{"floor":11,"key":"REST"},{"floor":15,"key":"REST"}],"neow_cost":"NONE","seed_source_timestamp":764199460610189,"circlet_count":0,"master_deck":["AscendersBane","Defend_G","Defend_G","Defend_G","Defend_G","Defend_G","Survivor","Neutralize+1","All Out Attack","Quick Slash","Infinite Blades","PiercingWail","Noxious Fumes+1","Deadly Poison","Dash","Noxious Fumes","Die Die Die","Wraith Form v2+1","Die Die Die+1","Dagger Spray+1","Dodge and Roll","Footwork","PiercingWail"],"special_seed":0,"relics":["Ring of the Snake","Dodecahedron","Singing Bowl","Astrolabe"],"potions_floor_usage":[8,13,18,21,22],"damage_taken":[{"damage":4.0,"enemies":"2 Louse","floor":1.0,"turns":5.0},{"damage":0.0,"enemies":"Jaw Worm","floor":2.0,"turns":4.0},{"damage":4,"enemies":"Small Slimes","floor":7,"turns":3},{"damage":32,"enemies":"Lagavulin","floor":8,"turns":7},{"damage":12,"enemies":"Exordium Thugs","floor":12,"turns":5},{"damage":11,"enemies":"Looter","floor":13,"turns":3},{"damage":0,"enemies":"2 Fungi Beasts","floor":14,"turns":3},{"damage":38,"enemies":"The Guardian","floor":16,"turns":10},{"damage":20,"enemies":"Spheric Guardian","floor":18,"turns":4},{"damage":12,"enemies":"3 Byrds","floor":20,"turns":3},{"damage":22,"enemies":"Centurion and Healer","floor":21,"turns":9},{"damage":28,"enemies":"Shelled Parasite and Fungi","floor":22,"turns":3}],"seed_played":"8729015101816911134","potions_obtained":[{"floor":1.0,"key":"Ancient Potion"},{"floor":8,"key":"Energy Potion"},{"floor":12,"key":"SteroidPotion"},{"floor":18,"key":"AttackPotion"},{"floor":21,"key":"Regen Potion"}],"is_trial":false,"path_per_floor":["M","M","$","?","?","R","M","E","T","?","R","M","M","M","R","B",null,"M","?","M","M","M"],"character_chosen":"THE_SILENT","items_purchased":["Infinite Blades"],"campfire_rested":2,"item_purchase_floors":[3],"current_hp_per_floor":[55,55,55,55,60,60,56,24,24,24,45,33,22,22,43,5,55,35,35,23,1,0],"gold":248,"neow_bonus":"HUNDRED_GOLD","is_prod":false,"is_daily":false,"chose_seed":false,"campfire_upgraded":1,"win_rate":0,"timestamp":1549115586,"path_taken":["M","M","$","?","?","R","M","E","T","?","R","M","M","?","R","BOSS","M","?","M","M","M"],"build_version":"2019-01-23","purchased_purges":1,"victory":false,"max_hp_per_floor":[66,66,66,66,71,71,71,71,71,71,71,71,71,71,71,71,71,71,71,71,71,71],"card_choices":[{"not_picked":["Finisher","PiercingWail"],"picked":"All Out Attack","floor":1.0},{"not_picked":["Deflect","Acrobatics"],"picked":"Quick Slash","floor":2.0},{"not_picked":["Distraction","Tactician"],"picked":"PiercingWail","floor":7},{"not_picked":["Slice","Sucker Punch"],"picked":"Noxious Fumes","floor":8},{"not_picked":["Terror","Quick Slash"],"picked":"Deadly Poison","floor":12},{"not_picked":["Endless Agony","Setup"],"picked":"Dash","floor":13},{"not_picked":["Escape Plan","Accuracy"],"picked":"Noxious Fumes","floor":14},{"not_picked":["Bullet Time","Storm of Steel"],"picked":"Die Die Die","floor":16},{"not_picked":["Skewer","Reflex"],"picked":"Dodge and Roll","floor":18},{"not_picked":["Acrobatics","Bane"],"picked":"Footwork","floor":20},{"not_picked":["Bane","Terror"],"picked":"PiercingWail","floor":21}],"player_experience":2284354,"relics_obtained":[{"floor":8,"key":"Dodecahedron"},{"floor":9,"key":"Singing Bowl"}],"event_choices":[{"cards_removed":["Strike_G"],"damage_healed":0,"gold_gain":0,"player_choice":"Card Removal","damage_taken":0,"max_hp_gain":0,"max_hp_loss":0,"event_name":"The Cleric","floor":4,"gold_loss":75},{"damage_healed":0,"gold_gain":0,"player_choice":"Donut","damage_taken":0,"max_hp_gain":5,"max_hp_loss":0,"event_name":"Big Fish","floor":5,"gold_loss":0},{"damage_healed":0,"gold_gain":0,"player_choice":"Upgraded","damage_taken":0,"max_hp_gain":0,"max_hp_loss":0,"event_name":"Upgrade Shrine","floor":10,"gold_loss":0,"cards_upgraded":["Noxious Fumes"]},{"damage_healed":0,"gold_gain":0,"player_choice":"Ignored","damage_taken":0,"max_hp_gain":0,"max_hp_loss":0,"event_name":"Cursed Tome","floor":19,"gold_loss":0}],"is_beta":false,"boss_relics":[{"not_picked":["Runic Dome","Empty Cage"],"picked":"Astrolabe"}],"items_purged_floors":[3],"is_endless":false,"potions_floor_spawned":[1,7,8,12,18,21],"killed_by":"Shelled Parasite and Fungi","ascension_level":15}