{"gold_per_floor":[209,223,8,8,23,23,41,77,103,147,166,206,230,230,230,351,351,366,366,27,27,27,27,50,50,50,50,75,118,118,141,141,271,271,291,291,291,12,36,36,74,74],"floor_reached":42,"playtime":2354,"items_purged":["Strike_R","Writhe"],"score":742,"play_id":"1240e57a-280a-4014-af97-de40d18d6817","local_time":"20190112212731","is_ascension_mode":true,"campfire_choices":[{"data":"Uppercut","floor":6,"key":"SMITH"},{"floor":15,"key":"REST"},{"data":"Barricade","floor":23,"key":"SMITH"},{"data":"Flame Barrier","floor":25,"key":"SMITH"},{"data":"Spot Weakness","floor":27,"key":"SMITH"},{"data":"Demon Form","floor":30,"key":"SMITH"},{"floor":32,"key":"REST"},{"floor":40,"key":"RECALL"}],"neow_cost":"NONE","seed_source_timestamp":322119516397515,"circlet_count":0,"master_deck":["AscendersBane","Defend_R","Defend_R","Defend_R","Defend_R","Bash","Thunderclap","Iron Wave","Uppercut+1","Inflame","Metallicize","Pummel","Spot Weakness+1","Pommel Strike","Headbutt","Flame Barrier+1","Barricade+1","Dropkick","Shrug It Off","Headbutt","Demon Form+1","Whirlwind","Immolate","Headbutt+1","Sword Boomerang+1","Blood for Blood+1","Ghostly Armor+1","Madness","Madness","Mayhem","Finesse","Shrug It Off","Disarm"],"relics":["Burning Blood","Golden Idol","Strawberry","PreservedInsect","Pen Nib","Bag of Marbles","Sozu","Meat on the Bone","Mercury Hourglass","Thread and Needle","Gremlin Horn","Astrolabe","Art of War"],"potions_floor_usage":[8,10,16,16,18],"damage_taken":[{"damage":11,"enemies":"Jaw Worm","floor":1,"turns":5},{"damage":9,"enemies":"Small Slimes","floor":2,"turns":4},{"damage":0,"enemies":"2 Louse","floor":5,"turns":3},{"damage":11,"enemies":"Red Slaver","floor":7,"turns":4},{"damage":14,"enemies":"Lagavulin","floor":8,"turns":6},{"damage":5,"enemies":"Gremlin Nob","floor":10,"turns":3},{"damage":6,"enemies":"Blue Slaver","floor":11,"turns":3},{"damage":17,"enemies":"3 Sentries","floor":12,"turns":4},{"damage":13,"enemies":"Large Slime","floor":13,"turns":5},{"damage":45,"enemies":"The Guardian","floor":16,"turns":13},{"damage":28,"enemies":"Spheric Guardian","floor":18,"turns":6},{"damage":24,"enemies":"3 Byrds","floor":24,"turns":4},{"damage":8,"enemies":"Cultist and Chosen","floor":28,"turns":6},{"damage":14,"enemies":"Gremlin Leader","floor":29,"turns":4},{"damage":26,"enemies":"Snake Plant","floor":31,"turns":4},{"damage":34,"enemies":"Collector","floor":33,"turns":8},{"damage":8,"enemies":"3 Shapes","floor":35,"turns":6},{"damage":9,"enemies":"Orb Walker","floor":39,"turns":3},{"damage":49,"enemies":"Giant Head","floor":41,"turns":8},{"damage":47,"enemies":"Transient","floor":42,"turns":2}],"seed_played":"6191106398339746094","potions_obtained":[{"floor":2,"key":"SkillPotion"},{"floor":8,"key":"Energy Potion"},{"floor":12,"key":"EssenceOfSteel"},{"floor":13,"key":"Swift Potion"},{"floor":16,"key":"Regen Potion"}],"is_trial":false,"path_per_floor":["M","M","$","?","M","R","M","E","T","E","M","E","M","?","R","B",null,"M","?","$","?","$","R","M","R","T","R","M","E","R","M","R","B",null,"M","?","?","$","M","R","E","M"],"character_chosen":"IRONCLAD","items_purchased":["Uppercut","Inflame","Mercury Hourglass","Mayhem","Finesse"],"campfire_rested":2,"item_purchase_floors":[3,3,20,38,38],"current_hp_per_floor":[67,64,64,44,50,50,45,44,44,45,45,34,27,20,46,7,67,59,59,59,87,87,87,69,69,69,69,67,59,59,51,77,61,81,79,68,68,68,65,65,34,0],"gold":74,"neow_bonus":"HUNDRED_GOLD","is_prod":false,"is_daily":false,"chose_seed":false,"campfire_upgraded":5,"win_rate":0,"timestamp":1547346451,"path_taken":["M","M","$","?","M","R","M","E","T","E","M","E","M","?","R","BOSS","M","?","$","?","$","R","M","R","T","R","?","E","R","M","R","BOSS","M","?","?","$","M","R","E","M"],"build_version":"2019-01-10","purchased_purges":2,"victory":false,"max_hp_per_floor":[80,80,80,80,80,80,80,87,87,87,87,87,87,87,87,87,87,87,87,87,87,87,87,87,87,87,87,87,87,87,87,87,87,87,87,87,87,87,87,87,87,87],"card_choices":[{"not_picked":["Burning Pact","Flex"],"picked":"Thunderclap","floor":1},{"not_picked":["Flex","Anger"],"picked":"Iron Wave","floor":2},{"not_picked":["Disarm","Havoc"],"picked":"Metallicize","floor":5},{"not_picked":["Dual Wield","Perfected Strike"],"picked":"Uppercut","floor":7},{"not_picked":["Inflame","Twin Strike"],"picked":"Pummel","floor":8},{"not_picked":["Intimidate","Body Slam"],"picked":"Spot Weakness","floor":10},{"not_picked":["Entrench","Warcry"],"picked":"Pommel Strike","floor":11},{"not_picked":["Warcry","Cleave"],"picked":"Headbutt","floor":12},{"not_picked":["Anger","Sword Boomerang"],"picked":"Flame Barrier","floor":13},{"not_picked":["Exhume","Double Tap"],"picked":"Barricade","floor":16},{"not_picked":["Corruption","Inflame"],"picked":"Dropkick","floor":18},{"not_picked":["Cleave","Havoc"],"picked":"Shrug It Off","floor":24},{"not_picked":["Havoc","Bloodletting"],"picked":"Headbutt","floor":28},{"not_picked":["Clothesline+1","Anger+1"],"picked":"Demon Form","floor":29},{"not_picked":["Thunderclap","Body Slam"],"picked":"Whirlwind","floor":31},{"not_picked":["Barricade","Bludgeon"],"picked":"Immolate","floor":33},{"not_picked":["Sword Boomerang","Clothesline"],"picked":"Ghostly Armor+1","floor":35},{"not_picked":["Body Slam","Searing Blow"],"picked":"Shrug It Off","floor":39},{"not_picked":["Warcry","Pommel Strike"],"picked":"Disarm","floor":41}],"player_experience":2101635,"relics_obtained":[{"floor":8,"key":"Strawberry"},{"floor":9,"key":"PreservedInsect"},{"floor":10,"key":"Pen Nib"},{"floor":12,"key":"Bag of Marbles"},{"floor":26,"key":"Thread and Needle"},{"floor":29,"key":"Gremlin Horn"},{"floor":41,"key":"Art of War"}],"event_choices":[{"damage_healed":0,"gold_gain":0,"player_choice":"Take Damage","damage_taken":20,"relics_obtained":["Golden Idol"],"max_hp_gain":0,"max_hp_loss":0,"event_name":"Golden Idol","floor":4,"gold_loss":0},{"cards_removed":["Strike_R"],"damage_healed":0,"gold_gain":0,"player_choice":"Card Removal","damage_taken":7,"max_hp_gain":0,"max_hp_loss":0,"event_name":"Golden Wing","floor":14,"gold_loss":0},{"damage_healed":0,"gold_gain":0,"player_choice":"Opened","damage_taken":0,"relics_obtained":["Meat on the Bone"],"max_hp_gain":0,"max_hp_loss":0,"event_name":"The Mausoleum","floor":19,"gold_loss":0,"cards_obtained":["Writhe"]},{"cards_removed":["Uppercut"],"damage_healed":28,"gold_gain":0,"player_choice":"Offered Uncommon","damage_taken":0,"max_hp_gain":0,"max_hp_loss":0,"event_name":"Bonfire Elementals","floor":21,"gold_loss":0},{"damage_healed":0,"gold_gain":0,"player_choice":"Embrace Madness","damage_taken":11,"max_hp_gain":0,"max_hp_loss":0,"event_name":"Winding Halls","floor":36,"gold_loss":0,"cards_obtained":["Madness","Madness"]},{"damage_healed":0,"gold_gain":0,"player_choice":"Ignored","damage_taken":0,"max_hp_gain":0,"max_hp_loss":0,"event_name":"Tomb of Lord Red Mask","floor":37,"gold_loss":0}],"is_beta":false,"boss_relics":[{"not_picked":["White Beast Statue","Fusion Hammer"],"picked":"Sozu"},{"not_picked":["Runic Dome","Calling Bell"],"picked":"Astrolabe"}],"items_purged_floors":[3,20],"is_endless":false,"potions_floor_spawned":[2,8,12,13,16,24,28,35],"killed_by":"Transient","ascension_level":12}