{"gold_per_floor":[118,131,2,14,27,27,27,27,107,107,107,122,122,140,140,140],"floor_reached":16,"playtime":896,"items_purged":[],"score":129,"play_id":"0946d256-0370-4789-9c86-b5815fb30bdd","local_time":"20180702160837","is_ascension_mode":true,"campfire_choices":[{"data":"Capacitor","floor":6,"key":"SMITH"},{"data":"Redo","floor":8,"key":"SMITH"},{"data":"Dualcast","floor":10,"key":"SMITH"},{"floor":15,"key":"REST"}],"neow_cost":"NONE","seed_source_timestamp":678219209382435,"circlet_count":0,"master_deck":["Strike_B","Strike_B","Strike_B","Strike_B","Defend_B","Defend_B","Defend_B","Defend_B","Zap+1","Dualcast+1","Go for the Eyes","Redo+1","Capacitor+1","Coolheaded","Cold Snap","Coolheaded","Leap","Sweeping Beam"],"relics":["Cracked Core","Tiny Chest"],"potions_floor_usage":[16],"damage_taken":[{"damage":0,"enemies":"Cultist","floor":1,"turns":3},{"damage":0,"enemies":"2 Louse","floor":2,"turns":2},{"damage":0,"enemies":"Small Slimes","floor":4,"turns":3},{"damage":17,"enemies":"Looter","floor":5,"turns":3},{"damage":8,"enemies":"2 Fungi Beasts","floor":12,"turns":3},{"damage":17,"enemies":"3 Louse","floor":14,"turns":5},{"damage":77,"enemies":"Hexaghost","floor":16,"turns":18}],"seed_played":"1063287942786027847","potions_obtained":[{"floor":5,"key":"SteroidPotion"},{"floor":12,"key":"Block Potion"}],"is_trial":false,"path_per_floor":["M","M","$","M","M","R","$","R","T","R","?","M","?","M","R"],"character_chosen":"DEFECT","items_purchased":["Capacitor","Coolheaded"],"campfire_rested":1,"item_purchase_floors":[3,3],"current_hp_per_floor":[68,68,68,68,51,51,51,51,51,51,75,67,67,50,72,0],"gold":140,"neow_bonus":"UPGRADE_CARD","is_prod":false,"is_daily":false,"chose_seed":false,"campfire_upgraded":3,"win_rate":0,"timestamp":1530562117,"path_taken":["M","M","$","?","M","R","?","R","T","R","?","M","?","M","R","BOSS"],"build_version":"2018-06-28","purchased_purges":0,"victory":false,"max_hp_per_floor":[75,75,75,75,75,75,75,75,75,75,75,75,75,75,75,75],"card_choices":[{"not_picked":["Reinforced Body","Steam"],"picked":"Go for the Eyes","floor":1},{"not_picked":["Streamline","Rebound"],"picked":"Redo","floor":2},{"not_picked":["Scrape","Thunder Strike"],"picked":"Cold Snap","floor":4},{"not_picked":["Barrage","Leap"],"picked":"Coolheaded","floor":5},{"not_picked":["Gash","Skim"],"picked":"Leap","floor":12},{"not_picked":["Turbo","Skim"],"picked":"Sweeping Beam","floor":14}],"player_experience":922234,"relics_obtained":[{"floor":9,"key":"Tiny Chest"}],"event_choices":[{"event_name":"Big Fish","player_choice":"Banana","floor":11,"damage_taken":0},{"event_name":"Liars Game","player_choice":"disagreed","floor":13,"damage_taken":0}],"boss_relics":[],"items_purged_floors":[],"is_endless":false,"potions_floor_spawned":[5,12],"killed_by":"Hexaghost","ascension_level":8}