{"gold_per_floor":[115,169,17,27,27,27,90,90,161,161,8,8,23,34,34,105,105,125,135,135,161,174,174,174],"floor_reached":24,"playtime":1027,"items_purged":["Defend_B","Regret"],"score":378,"play_id":"65094339-5031-47c7-b4b1-cd0dbc7617ad","local_time":"20190210190611","is_ascension_mode":true,"campfire_choices":[{"data":"Defragment","floor":6,"key":"SMITH"},{"data":"Zap","floor":8,"key":"SMITH"},{"floor":15,"key":"REST"},{"floor":23,"key":"REST"}],"neow_cost":"NONE","seed_source_timestamp":1608184105699961,"circlet_count":0,"master_deck":["AscendersBane","Strike_B","Strike_B","Strike_B","Strike_B","Defend_B","Defend_B","Defend_B","Zap+1","Dualcast","Reboot","Cold Snap","Consume","Defragment+1","Coolheaded","Doom and Gloom","Multi-Cast","Shame"],"relics":["Cracked Core","MawBank","Tiny Chest","Darkstone Periapt","Ice Cream","Matryoshka","Inserter","Smiling Mask","Anchor","Happy Flower"],"potions_floor_usage":[14,16,18],"damage_taken":[{"damage":7,"enemies":"Cultist","floor":1,"turns":4},{"damage":6,"enemies":"2 Louse","floor":4,"turns":2},{"damage":20,"enemies":"Lagavulin","floor":7,"turns":8},{"damage":7,"enemies":"Jaw Worm","floor":13,"turns":2},{"damage":1,"enemies":"2 Fungi Beasts","floor":14,"turns":2},{"damage":45,"enemies":"The Guardian","floor":16,"turns":11},{"damage":0,"enemies":"Chosen","floor":18,"turns":3},{"damage":17,"enemies":"Shell Parasite","floor":19,"turns":6},{"damage":1,"enemies":"Centurion and Healer","floor":22,"turns":5},{"damage":90,"enemies":"Gremlin Leader","floor":24,"turns":6}],"seed_played":"-5673893666831604340","potions_obtained":[{"floor":4,"key":"Explosive Potion"},{"floor":13,"key":"FearPotion"},{"floor":16,"key":"Fire Potion"}],"is_trial":false,"path_per_floor":["M","T","$","M","$","R","E","R","T","?","$","T","M","M","R","B",null,"M","M","?","T","M","R","E"],"character_chosen":"DEFECT","items_purchased":["Consume","Coolheaded"],"campfire_rested":2,"item_purchase_floors":[3,11],"current_hp_per_floor":[57,57,57,51,51,51,31,31,31,37,37,37,30,29,52,7,60,60,43,49,49,48,72,0],"gold":174,"neow_bonus":"ONE_RANDOM_RARE_CARD","is_prod":false,"is_daily":false,"chose_seed":false,"campfire_upgraded":2,"win_rate":0,"timestamp":1549847171,"path_taken":["M","?","$","M","$","R","E","R","T","?","$","?","M","M","R","BOSS","M","M","?","?","?","R","E"],"build_version":"2019-02-06","purchased_purges":2,"victory":false,"max_hp_per_floor":[71,71,71,71,71,71,71,71,71,77,77,77,77,77,77,77,77,77,77,83,83,83,83,83],"card_choices":[{"not_picked":["Steam","Aggregate"],"picked":"Cold Snap","floor":1},{"not_picked":["Beam Cell","Loop"],"picked":"Defragment","floor":4},{"not_picked":["Sunder","Barrage","Melter"],"picked":"SKIP","floor":7},{"not_picked":["Beam Cell","Steam","Barrage"],"picked":"SKIP","floor":13},{"not_picked":["Storm","Streamline"],"picked":"Doom and Gloom","floor":14},{"not_picked":["Seek","Hyperbeam"],"picked":"Multi-Cast","floor":16},{"not_picked":["Rebound+1","Undo","Blizzard"],"picked":"SKIP","floor":18},{"not_picked":["Turbo","Genetic Algorithm","Skim"],"picked":"SKIP","floor":19},{"not_picked":["Barrage","White Noise","Blizzard"],"picked":"SKIP","floor":22}],"player_experience":798233,"relics_obtained":[{"floor":2,"key":"MawBank"},{"floor":7,"key":"Tiny Chest"},{"floor":9,"key":"Darkstone Periapt"},{"floor":12,"key":"Matryoshka"},{"floor":21,"key":"Anchor"},{"floor":21,"key":"Happy Flower"}],"event_choices":[{"damage_healed":0,"gold_gain":0,"player_choice":"Box","damage_taken":0,"relics_obtained":["Ice Cream"],"max_hp_gain":0,"max_hp_loss":0,"event_name":"Big Fish","floor":10,"gold_loss":0,"cards_obtained":["Regret"]},{"damage_healed":0,"gold_gain":0,"player_choice":"Stole Relic","damage_taken":0,"relics_obtained":["Smiling Mask"],"max_hp_gain":0,"max_hp_loss":0,"event_name":"Addict","floor":20,"gold_loss":0,"cards_obtained":["Shame"]}],"is_beta":true,"boss_relics":[{"not_picked":["Nuclear Battery","Busted Crown"],"picked":"Inserter"}],"items_purged_floors":[3,11],"is_endless":false,"potions_floor_spawned":[4,13,16],"killed_by":"Gremlin Leader","ascension_level":19}