{"gold_per_floor":[359,376,376,356,369,399,399,409,436,69,95,21,21,31,31,129,129,115,115,133,147,147,147,181,181,181,195,195,195,229,245,245,344,344,360,60,80,91,101,101,101,101,101,101,134,134,134,145,145,145],"floor_reached":50,"playtime":3602,"items_purged":["Injury"],"score":856,"play_id":"71cf93ad-c158-4e46-87a4-5a27fa67a756","local_time":"20180807153259","is_ascension_mode":true,"campfire_choices":[{"data":"Neutralize","floor":7,"key":"SMITH"},{"data":"Poisoned Stab","floor":15,"key":"SMITH"},{"data":"Envenom","floor":23,"key":"SMITH"},{"floor":25,"key":"REST"},{"data":"Footwork","floor":29,"key":"SMITH"},{"floor":32,"key":"REST"},{"data":"Night Terror","floor":40,"key":"SMITH"},{"data":"Cloak And Dagger","floor":44,"key":"SMITH"},{"floor":47,"key":"REST"},{"floor":49,"key":"REST"}],"neow_cost":"TEN_PERCENT_HP_LOSS","seed_source_timestamp":995407028607474,"circlet_count":0,"master_deck":["Defend_G","Defend_G","Defend_G","Defend_G","Defend_G","Survivor","Neutralize+1","AscendersBane","PiercingWail","Sucker Punch","Dodge and Roll","Dash","Poisoned Stab+1","Infinite Blades","Slice","Dash","Blur","Envenom+1","Footwork+1","Caltrops+1","Cloak And Dagger+1","Noxious Fumes+1","Bite","Bite","Bite","Bite","Cloak And Dagger","Dagger Spray","Sucker Punch","Night Terror+1","Caltrops","Catalyst","PiercingWail+1","Escape Plan+1","Clumsy","Well Laid Plans+1","Bandage Up","Impatience","Dodge and Roll+1"],"relics":["Ring of the Snake","Omamori","Bag of Marbles","Boot","Kunai","Thread and Needle","Cursed Key","Letter Opener","Mummified Hand","Snake Skull","Calipers","WristBlade","Gremlin Horn","Vajra"],"potions_floor_usage":[6,6,21,21,37,38,45,50],"damage_taken":[{"damage":0,"enemies":"Small Slimes","floor":1,"turns":4},{"damage":7,"enemies":"2 Louse","floor":2,"turns":5},{"damage":1,"enemies":"Cultist","floor":5,"turns":6},{"damage":13,"enemies":"Gremlin Nob","floor":6,"turns":4},{"damage":0,"enemies":"3 Louse","floor":8,"turns":3},{"damage":13,"enemies":"3 Sentries","floor":11,"turns":8},{"damage":0,"enemies":"Exordium Thugs","floor":14,"turns":6},{"damage":15,"enemies":"Slime Boss","floor":16,"turns":14},{"damage":0,"enemies":"2 Thieves","floor":18,"turns":4},{"damage":0,"enemies":"Shell Parasite","floor":20,"turns":5},{"damage":20,"enemies":"3 Cultists","floor":21,"turns":7},{"damage":23,"enemies":"Gremlin Leader","floor":24,"turns":15},{"damage":0,"enemies":"Snecko","floor":27,"turns":4},{"damage":7,"enemies":"Book of Stabbing","floor":30,"turns":4},{"damage":8,"enemies":"Snake Plant","floor":31,"turns":3},{"damage":3,"enemies":"Champ","floor":33,"turns":12},{"damage":0,"enemies":"Flame Bruiser 1 Orb","floor":35,"turns":7},{"damage":24,"enemies":"3 Darklings","floor":37,"turns":5},{"damage":21,"enemies":"Sphere and 2 Shapes","floor":38,"turns":6},{"damage":13,"enemies":"Spire Growth","floor":39,"turns":6},{"damage":27,"enemies":"Giant Head","floor":45,"turns":8},{"damage":3,"enemies":"3 Darklings","floor":48,"turns":4},{"damage":56,"enemies":"Time Eater","floor":50,"turns":10}],"seed_played":"-7003331711039189782","potions_obtained":[{"floor":1,"key":"AttackPotion"},{"floor":4,"key":"EntropicBrew"},{"floor":5,"key":"FearPotion"},{"floor":11,"key":"SpeedPotion"},{"floor":16,"key":"Energy Potion"},{"floor":18,"key":"Fruit Juice"},{"floor":30,"key":"Fire Potion"},{"floor":33,"key":"LiquidBronze"},{"floor":35,"key":"SteroidPotion"},{"floor":38,"key":"GamblersBrew"},{"floor":45,"key":"PowerPotion"}],"is_trial":false,"path_per_floor":["M","M","?","?","M","E","R","M","T","$","E","$","?","M","R","B",null,"M","?","M","M","?","R","E","R","T","M","?","R","E","M","R","B",null,"M","$","M","M","M","R","?","?","T","R","E","?","R","M","R"],"character_chosen":"THE_SILENT","items_purchased":["Kunai","Infinite Blades","Slice","Blur","Night Terror","Caltrops","Catalyst"],"campfire_rested":4,"item_purchase_floors":[10,10,10,12,36,36,36],"current_hp_per_floor":[63,56,49,49,48,35,35,35,35,35,22,22,37,37,37,22,53,53,53,53,38,32,32,9,29,29,29,29,29,30,28,42,47,47,47,47,29,16,9,9,9,41,41,41,22,12,24,29,41,0],"gold":145,"neow_bonus":"TWO_FIFTY_GOLD","is_prod":false,"is_daily":false,"chose_seed":false,"campfire_upgraded":6,"win_rate":0,"timestamp":1533673979,"path_taken":["M","M","?","?","M","E","R","M","T","?","E","$","?","M","R","BOSS","M","?","M","?","?","R","E","R","T","M","?","R","E","M","R","BOSS","M","$","M","M","?","R","?","?","T","R","E","?","R","M","R","BOSS"],"build_version":"2018-08-06","purchased_purges":1,"victory":false,"max_hp_per_floor":[63,63,63,63,63,63,63,63,63,63,63,63,63,63,63,63,63,63,63,63,68,68,68,68,68,68,68,47,47,47,47,47,47,47,47,47,47,47,47,47,47,41,41,41,41,41,41,41,41,41],"card_choices":[{"not_picked":["Underhanded Strike","Prepared"],"picked":"PiercingWail","floor":1},{"not_picked":["Expertise","All Out Attack"],"picked":"Sucker Punch","floor":2},{"not_picked":["Accuracy","Setup"],"picked":"Dodge and Roll","floor":5},{"not_picked":["Heel Hook","Outmaneuver"],"picked":"Dash","floor":6},{"not_picked":["Underhanded Strike","Escape Plan"],"picked":"Poisoned Stab","floor":8},{"not_picked":["Choke","Outmaneuver"],"picked":"Dash","floor":11},{"not_picked":["PiercingWail","Underhanded Strike","Flechettes"],"picked":"SKIP","floor":14},{"not_picked":["Die Die Die","A Thousand Cuts"],"picked":"Envenom","floor":16},{"not_picked":["Dagger Throw","Underhanded Strike"],"picked":"Footwork","floor":18},{"not_picked":["Flying Knee","Setup"],"picked":"Caltrops+1","floor":20},{"not_picked":["Slice","Endless Agony"],"picked":"Cloak And Dagger","floor":21},{"not_picked":["Catalyst+1","A Thousand Cuts"],"picked":"Noxious Fumes+1","floor":24},{"not_picked":["Masterful Stab","Poisoned Stab","Prepared+1"],"picked":"SKIP","floor":27},{"not_picked":["Deflect","Flying Knee"],"picked":"Cloak And Dagger","floor":30},{"not_picked":["Bane","Heel Hook+1"],"picked":"Dagger Spray","floor":31},{"not_picked":["Flechettes+1","Quick Slash+1"],"picked":"Sucker Punch","floor":35},{"not_picked":["Slice","Dagger Throw"],"picked":"PiercingWail+1","floor":37},{"not_picked":["Dagger Throw+1","Sucker Punch+1","Bane+1"],"picked":"SKIP","floor":38},{"not_picked":["Distraction","Predator+1"],"picked":"Escape Plan+1","floor":39},{"not_picked":["Noxious Fumes+1","Underhanded Strike+1"],"picked":"Well Laid Plans+1","floor":45},{"not_picked":["Flash of Steel","Forethought"],"picked":"Bandage Up","floor":46},{"not_picked":["PanicButton","Good Instincts"],"picked":"Impatience","floor":46},{"not_picked":["Predator","Prepared"],"picked":"Dodge and Roll+1","floor":48}],"player_experience":358595,"relics_obtained":[{"floor":6,"key":"Bag of Marbles"},{"floor":9,"key":"Boot"},{"floor":11,"key":"Thread and Needle"},{"floor":24,"key":"Mummified Hand"},{"floor":26,"key":"Snake Skull"},{"floor":30,"key":"Calipers"},{"floor":43,"key":"Gremlin Horn"},{"floor":45,"key":"Vajra"}],"event_choices":[{"event_name":"Scrap Ooze","player_choice":"success","floor":3,"damage_taken":7},{"event_name":"The Woman in Blue","player_choice":"Bought 1 Potion","floor":4,"damage_taken":0},{"event_name":"Mushrooms","player_choice":"Healed and dodged fight","floor":13,"damage_taken":0},{"event_name":"The Mausoleum","player_choice":"Yes","floor":19,"damage_taken":0},{"event_name":"Wheel of Change","player_choice":"Damage","floor":22,"damage_taken":0},{"event_name":"Vampires","player_choice":"Became a vampire","floor":28,"damage_taken":0},{"event_name":"Falling","player_choice":"Removed Attack","floor":41,"damage_taken":0},{"event_name":"The Moai Head","player_choice":"Heal","floor":42,"damage_taken":0},{"event_name":"SensoryStone","player_choice":"Memory 3","floor":46,"damage_taken":0}],"is_beta":true,"boss_relics":[{"not_picked":["Velvet Choker","Runic Dome"],"picked":"Cursed Key"},{"not_picked":["Sozu","Coffee Dripper"],"picked":"WristBlade"}],"items_purged_floors":[36],"is_endless":false,"potions_floor_spawned":[1,5,11,16,18,30,33,35,38,45],"killed_by":"Time Eater","ascension_level":11}