{"gold_per_floor":[109,109,209,226,237,237,262,262,262,290,290,290,48,58,58,156,156,173,173,173,157,157,157,170,170,170,189,32,48,48],"floor_reached":30,"playtime":1232,"items_purged":["Strike_B"],"score":389,"play_id":"9e7368d6-8841-4721-9d60-098127ee769b","local_time":"20190103121725","is_ascension_mode":true,"campfire_choices":[{"data":"Streamline","floor":6,"key":"SMITH"},{"data":"Reinforced Body","floor":8,"key":"SMITH"},{"floor":11,"key":"REST"},{"floor":15,"key":"REST"},{"floor":23,"key":"REST"},{"floor":25,"key":"REST"}],"neow_cost":"NONE","seed_source_timestamp":129641412726605,"circlet_count":0,"master_deck":["Zap+1","Dualcast","Streamline+1","Reinforced Body+1","Capacitor","Coolheaded","Conserve Battery","Sweeping Beam","Chaos","Echo Form","Redo","Cold Snap","Creative AI","Undo","Rip and Tear","Barrage","Double Energy"],"relics":["Cracked Core","NeowsBlessing","Bottled Tornado","Pantograph","Ornamental Fan","Shuriken","Pandora\u0027s Box","Kunai","Ancient Tea Set"],"potions_floor_usage":[14,16,16],"damage_taken":[{"damage":0,"enemies":"2 Louse","floor":1,"turns":1},{"damage":0,"enemies":"Jaw Worm","floor":4,"turns":1},{"damage":0,"enemies":"Cultist","floor":5,"turns":1},{"damage":23,"enemies":"3 Sentries","floor":7,"turns":7},{"damage":31,"enemies":"Lagavulin","floor":10,"turns":6},{"damage":14,"enemies":"Exordium Thugs","floor":14,"turns":4},{"damage":0,"enemies":"Slime Boss","floor":16,"turns":9},{"damage":17,"enemies":"Shell Parasite","floor":18,"turns":5},{"damage":26,"enemies":"2 Thieves","floor":21,"turns":4},{"damage":27,"enemies":"Colosseum Slavers","floor":22,"turns":4},{"damage":10,"enemies":"Cultist and Chosen","floor":24,"turns":4},{"damage":20,"enemies":"Sentry and Sphere","floor":27,"turns":6},{"damage":15,"enemies":"Centurion and Healer","floor":29,"turns":7},{"damage":15,"enemies":"Chosen and Byrds","floor":30,"turns":4}],"seed_played":"-5465801177750930310","potions_obtained":[{"floor":4,"key":"SpeedPotion"},{"floor":14,"key":"SpeedPotion"},{"floor":16,"key":"FairyPotion"},{"floor":21,"key":"LiquidBronze"},{"floor":27,"key":"Strength Potion"}],"is_trial":false,"path_per_floor":["M","?","?","M","M","R","E","R","T","E","R","T","$","M","R","B",null,"M","?","?","M","?","R","M","R","T","M","$","M","M"],"character_chosen":"DEFECT","items_purchased":["Sweeping Beam","Chaos","AttackPotion","Ancient Tea Set"],"campfire_rested":4,"item_purchase_floors":[13,13,13,28],"current_hp_per_floor":[68,68,68,68,68,68,45,45,45,14,36,36,36,22,44,69,74,57,57,57,31,4,26,16,38,38,18,18,3,0],"gold":48,"neow_bonus":"THREE_ENEMY_KILL","is_prod":false,"is_daily":false,"chose_seed":false,"campfire_upgraded":2,"win_rate":0,"timestamp":1546485445,"path_taken":["M","?","?","M","?","R","E","R","T","E","R","?","$","M","R","BOSS","M","?","?","M","?","R","M","R","T","M","?","M","?"],"build_version":"2018-12-20","purchased_purges":1,"victory":false,"max_hp_per_floor":[75,75,75,75,75,75,75,75,75,75,75,75,75,75,75,75,75,75,75,75,75,75,75,75,75,75,75,75,75,75],"card_choices":[{"not_picked":["Rebound","Compile Driver"],"picked":"Streamline","floor":1},{"not_picked":["Machine Learning","Barrage"],"picked":"Reinforced Body","floor":4},{"not_picked":["Hologram","Beam Cell"],"picked":"Capacitor","floor":5},{"not_picked":["Redo","Skim"],"picked":"Coolheaded","floor":7},{"not_picked":["Redo","Go for the Eyes"],"picked":"Conserve Battery","floor":10},{"not_picked":["Darkness","Reprogram","Genetic Algorithm"],"picked":"SKIP","floor":14},{"not_picked":["Buffer","Meteor Strike"],"picked":"Echo Form","floor":16},{"not_picked":["Melter","Gash","Turbo"],"picked":"SKIP","floor":18},{"not_picked":["Barrage","Capacitor","Streamline"],"picked":"SKIP","floor":21},{"not_picked":["Gash","Recycle","Cold Snap"],"picked":"SKIP","floor":24},{"not_picked":["Ball Lightning","Coolheaded+1"],"picked":"Double Energy","floor":27},{"not_picked":["Barrage+1","Steam","Skim"],"picked":"SKIP","floor":29}],"player_experience":321845,"relics_obtained":[{"floor":7,"key":"Bottled Tornado"},{"floor":9,"key":"Pantograph"},{"floor":10,"key":"Ornamental Fan"},{"floor":12,"key":"Shuriken"},{"floor":26,"key":"Kunai"}],"event_choices":[{"damage_healed":0,"gold_gain":0,"player_choice":"Grow","damage_taken":0,"max_hp_gain":0,"max_hp_loss":0,"event_name":"Living Wall","floor":2,"gold_loss":0,"cards_upgraded":["Zap"]},{"damage_healed":0,"gold_gain":100,"player_choice":"Pray","damage_taken":0,"max_hp_gain":0,"max_hp_loss":0,"event_name":"Golden Shrine","floor":3,"gold_loss":0},{"damage_healed":0,"gold_gain":0,"player_choice":"Ignored","damage_taken":0,"max_hp_gain":0,"max_hp_loss":0,"event_name":"Vampires","floor":19,"gold_loss":0},{"cards_removed":["Echo Form"],"damage_healed":0,"gold_gain":0,"player_choice":"Elegance","damage_taken":0,"max_hp_gain":0,"max_hp_loss":0,"event_name":"Back to Basics","floor":20,"gold_loss":0},{"damage_healed":0,"gold_gain":0,"player_choice":"Fight","damage_taken":0,"max_hp_gain":0,"max_hp_loss":0,"event_name":"Colosseum","floor":22,"gold_loss":0},{"damage_healed":0,"gold_gain":0,"player_choice":"Fled From Nobs","damage_taken":0,"max_hp_gain":0,"max_hp_loss":0,"event_name":"Colosseum","floor":22,"gold_loss":0}],"is_beta":false,"boss_relics":[{"not_picked":["Lizard Tail","Black Star"],"picked":"Pandora\u0027s Box"}],"items_purged_floors":[13],"is_endless":false,"potions_floor_spawned":[4,14,16,21,27],"killed_by":"Chosen and Byrds","ascension_level":7}