{"gold_per_floor":[119,130,3,3,3,3,31,41,68,102,119,154,154,33,33,111,111,124,136,136],"floor_reached":20,"playtime":860,"items_purged":[],"score":412,"play_id":"1a112fcc-438e-46bc-879e-328172fad824","local_time":"20181231094634","is_ascension_mode":true,"campfire_choices":[{"floor":6,"key":"REST"},{"floor":13,"key":"REST"},{"floor":15,"key":"REST"}],"neow_cost":"NONE","seed_source_timestamp":972762297572540,"circlet_count":0,"master_deck":["AscendersBane","Strike_B","Strike_B","Strike_B","Strike_B","Defend_B+1","Defend_B","Defend_B","Defend_B+1","Zap","Dualcast","Sweeping Beam","Melter","Defragment","Barrage","Coolheaded","Leap","Streamline","Rebound","Coolheaded","Glacier","Loop","Echo Form","BootSequence","Gash"],"relics":["FrozenCore","NeowsBlessing","Bronze Scales","Vajra","Smiling Mask","Bottled Lightning"],"potions_floor_usage":[10,12,16,18,20],"damage_taken":[{"damage":0,"enemies":"Jaw Worm","floor":1,"turns":1},{"damage":0,"enemies":"Cultist","floor":2,"turns":1},{"damage":0,"enemies":"Gremlin Nob","floor":7,"turns":1},{"damage":9,"enemies":"2 Louse","floor":8,"turns":2},{"damage":25,"enemies":"3 Sentries","floor":10,"turns":6},{"damage":0,"enemies":"2 Fungi Beasts","floor":11,"turns":2},{"damage":17,"enemies":"Lagavulin","floor":12,"turns":6},{"damage":34,"enemies":"The Guardian","floor":16,"turns":13},{"damage":6,"enemies":"3 Byrds","floor":18,"turns":2},{"damage":20,"enemies":"Shell Parasite","floor":19,"turns":6},{"damage":50,"enemies":"3 Cultists","floor":20,"turns":5}],"seed_played":"-2493389936071670839","potions_obtained":[{"floor":1,"key":"Dexterity Potion"},{"floor":7,"key":"SteroidPotion"},{"floor":8,"key":"Block Potion"},{"floor":11,"key":"SkillPotion"},{"floor":16,"key":"Explosive Potion"},{"floor":19,"key":"PowerPotion"}],"is_trial":false,"path_per_floor":["M","M","$","?","$","R","E","M","T","E","M","E","R","$","R","B",null,"M","M","M"],"character_chosen":"DEFECT","items_purchased":["Defragment","Barrage","Glacier","Loop"],"campfire_rested":3,"item_purchase_floors":[3,3,14,14],"current_hp_per_floor":[64,64,64,43,43,64,64,55,55,30,30,13,34,34,55,21,59,53,33,0],"gold":136,"neow_bonus":"THREE_ENEMY_KILL","is_prod":false,"is_daily":false,"chose_seed":false,"campfire_upgraded":0,"win_rate":0,"timestamp":1546267594,"path_taken":["M","M","$","?","?","R","E","M","T","E","?","E","R","?","R","BOSS","M","M","M"],"build_version":"2018-12-20","purchased_purges":0,"victory":false,"max_hp_per_floor":[71,71,71,71,71,71,71,71,71,71,71,71,71,71,71,71,71,71,71,71],"card_choices":[{"not_picked":["Fusion","Aggregate"],"picked":"Sweeping Beam","floor":1},{"not_picked":["Blizzard","Stack"],"picked":"Melter","floor":2},{"not_picked":["Loop","Beam Cell"],"picked":"Coolheaded","floor":7},{"not_picked":["Cold Snap","Scrape"],"picked":"Leap","floor":8},{"not_picked":["Stack","Melter"],"picked":"Streamline","floor":10},{"not_picked":["Aggregate","Barrage"],"picked":"Rebound","floor":11},{"not_picked":["Darkness","Fission"],"picked":"Coolheaded","floor":12},{"not_picked":["Core Surge","Creative AI"],"picked":"Echo Form","floor":16},{"not_picked":["Hologram","Rebound"],"picked":"BootSequence","floor":18},{"not_picked":["Aggregate","Reprogram"],"picked":"Gash","floor":19}],"player_experience":1963992,"relics_obtained":[{"floor":7,"key":"Bronze Scales"},{"floor":9,"key":"Vajra"},{"floor":10,"key":"Smiling Mask"},{"floor":12,"key":"Bottled Lightning"}],"event_choices":[{"damage_healed":0,"gold_gain":0,"player_choice":"Entered Light","damage_taken":21,"max_hp_gain":0,"max_hp_loss":0,"event_name":"Shining Light","floor":4,"gold_loss":0,"cards_upgraded":["Defend_B","Defend_B"]}],"is_beta":false,"boss_relics":[{"not_picked":["Calling Bell","Astrolabe"],"picked":"FrozenCore"}],"items_purged_floors":[],"is_endless":false,"potions_floor_spawned":[1,7,8,11,16,19],"killed_by":"3 Cultists","ascension_level":18}