{"gold_per_floor":[119,194,214,214,2,36,36,71,71,104,104,53,79,96,96,172,172,182,142,142,0,0,0,0,18,18,34,52,52,52,71,71,71],"floor_reached":33,"playtime":1235,"items_purged":[],"score":501,"play_id":"7940b35f-2d37-4da5-8e01-a1fc74e6dc93","local_time":"20190215135203","is_ascension_mode":true,"campfire_choices":[{"floor":7,"key":"REST"},{"floor":11,"key":"REST"},{"data":"1","floor":15,"key":"LIFT"},{"data":"2","floor":23,"key":"LIFT"},{"data":"3","floor":24,"key":"LIFT"},{"data":"Immolate","floor":32,"key":"SMITH"}],"neow_cost":"NONE","seed_source_timestamp":123087120056198,"circlet_count":0,"master_deck":["AscendersBane","Bash","Immolate+1","Headbutt","Rage","Metallicize","Shrug It Off","Sword Boomerang","Headbutt","Shrug It Off","Spot Weakness","Double Tap","Cleave","Metallicize","Sentinel","Blood for Blood","Reckless Charge","Shrug It Off","Second Wind","Rage","Metallicize","Feel No Pain","True Grit","Rage","Sentinel","Warcry+1","Shockwave"],"relics":["Burning Blood","Pantograph","MealTicket","Regal Pillow","WingedGreaves","Girya","Charon\u0027s Ashes","Happy Flower","Pandora\u0027s Box","MutagenicStrength","Mummified Hand"],"potions_floor_usage":[8,10,16,27,31,33],"damage_taken":[{"damage":7,"enemies":"Jaw Worm","floor":1,"turns":2},{"damage":6,"enemies":"Cultist","floor":3,"turns":3},{"damage":20,"enemies":"3 Sentries","floor":6,"turns":5},{"damage":23,"enemies":"Lagavulin","floor":8,"turns":5},{"damage":24,"enemies":"Gremlin Nob","floor":10,"turns":5},{"damage":50,"enemies":"Lagavulin","floor":13,"turns":9},{"damage":1,"enemies":"Small Slimes","floor":14,"turns":3},{"damage":43,"enemies":"Hexaghost","floor":16,"turns":9},{"damage":16,"enemies":"2 Thieves","floor":18,"turns":4},{"damage":26,"enemies":"3 Byrds","floor":25,"turns":3},{"damage":0,"enemies":"3 Cultists","floor":27,"turns":2},{"damage":14,"enemies":"Centurion and Healer","floor":28,"turns":2},{"damage":4,"enemies":"Cultist and Chosen","floor":31,"turns":5},{"damage":78,"enemies":"Automaton","floor":33,"turns":10}],"seed_played":"-8959943774990689636","potions_obtained":[{"floor":1,"key":"FearPotion"},{"floor":8,"key":"Block Potion"},{"floor":14,"key":"Strength Potion"},{"floor":16,"key":"PowerPotion"},{"floor":25,"key":"Energy Potion"},{"floor":27,"key":"Block Potion"}],"is_trial":false,"path_per_floor":["M","?","M","T","$","E","R","E","T","E","R","$","E","M","R","B",null,"M","$","?","$","?","R","R","M","T","M","M","$","?","M","R","B"],"character_chosen":"IRONCLAD","items_purchased":["MealTicket","Headbutt","Metallicize","Feel No Pain","True Grit"],"campfire_rested":2,"item_purchase_floors":[5,12,19,21,21],"current_hp_per_floor":[67,56,56,56,56,42,75,58,58,40,75,75,31,36,36,24,62,52,67,67,75,75,75,75,55,55,61,53,53,68,70,70,0],"gold":71,"neow_bonus":"TRANSFORM_CARD","is_prod":false,"is_daily":false,"chose_seed":false,"campfire_upgraded":1,"win_rate":0,"timestamp":1550256723,"path_taken":["M","?","M","?","$","E","R","E","T","E","R","$","E","?","R","BOSS","M","$","?","$","?","R","R","M","T","M","M","?","?","M","R","BOSS"],"build_version":"2019-01-23","purchased_purges":0,"victory":false,"max_hp_per_floor":[75,75,75,75,75,75,75,75,75,75,75,75,75,75,75,75,75,75,75,75,75,75,75,75,75,75,75,75,75,75,75,75,75],"card_choices":[{"not_picked":["Evolve","Clothesline"],"picked":"Headbutt","floor":1},{"not_picked":["Searing Blow","Ghostly Armor"],"picked":"Rage","floor":3},{"not_picked":["Inflame","Anger"],"picked":"Metallicize","floor":6},{"not_picked":["Whirlwind","Warcry"],"picked":"Shrug It Off","floor":8},{"not_picked":["Flex","Warcry"],"picked":"Sword Boomerang","floor":10},{"not_picked":["Heavy Blade","Cleave"],"picked":"Shrug It Off","floor":13},{"not_picked":["Perfected Strike","Reckless Charge"],"picked":"Spot Weakness","floor":14},{"not_picked":["Immolate","Offering"],"picked":"Double Tap","floor":16},{"not_picked":["Headbutt","Shrug It Off"],"picked":"Rage","floor":18},{"not_picked":["Flex","Dropkick+1"],"picked":"Rage","floor":25},{"not_picked":["Pommel Strike","Uppercut"],"picked":"Sentinel","floor":27},{"not_picked":["Heavy Blade","Twin Strike+1"],"picked":"Warcry+1","floor":28},{"not_picked":["Armaments","Perfected Strike"],"picked":"Shockwave","floor":31}],"player_experience":2442825,"relics_obtained":[{"floor":4,"key":"Pantograph"},{"floor":6,"key":"Regal Pillow"},{"floor":8,"key":"WingedGreaves"},{"floor":9,"key":"Girya"},{"floor":10,"key":"Charon\u0027s Ashes"},{"floor":13,"key":"Happy Flower"},{"floor":26,"key":"Mummified Hand"}],"event_choices":[{"damage_healed":0,"gold_gain":75,"player_choice":"Gather Gold","damage_taken":11,"max_hp_gain":0,"max_hp_loss":0,"event_name":"World of Goop","floor":2,"gold_loss":0},{"damage_healed":0,"gold_gain":0,"player_choice":"Inject Mutagens","damage_taken":0,"relics_obtained":["MutagenicStrength"],"max_hp_gain":0,"max_hp_loss":0,"event_name":"Drug Dealer","floor":20,"gold_loss":0},{"cards_removed":["Hemokinesis"],"damage_healed":0,"gold_gain":0,"player_choice":"Elegance","damage_taken":0,"max_hp_gain":0,"max_hp_loss":0,"event_name":"Back to Basics","floor":22,"gold_loss":0},{"damage_healed":15,"gold_gain":0,"player_choice":"Heal","damage_taken":0,"max_hp_gain":0,"max_hp_loss":0,"event_name":"The Library","floor":30,"gold_loss":0}],"is_beta":false,"boss_relics":[{"not_picked":["Busted Crown","Runic Pyramid"],"picked":"Pandora\u0027s Box"}],"items_purged_floors":[],"is_endless":false,"potions_floor_spawned":[1,8,14,16,25,27],"killed_by":"Automaton","ascension_level":17}