{"gold_per_floor":[118,137,137,212,212,212,212,222,222,233,245,245,265,276,276,276],"floor_reached":16,"playtime":1119,"items_purged":[],"score":94,"play_id":"2aaddf7b-0343-476b-9033-588bcd497207","local_time":"20190201213815","is_ascension_mode":false,"campfire_choices":[{"data":"Dodge and Roll","floor":6,"key":"SMITH"},{"data":"Envenom","floor":12,"key":"SMITH"},{"data":"Outmaneuver","floor":15,"key":"SMITH"}],"neow_cost":"NONE","seed_source_timestamp":286532357219962,"circlet_count":0,"master_deck":["Defend_G","Defend_G","Defend_G","Defend_G","Defend_G","Strike_G","Strike_G","Strike_G","Strike_G","Strike_G","Survivor","Neutralize","Dodge and Roll+1","Backflip","Dagger Throw","Envenom+1","Acrobatics","Outmaneuver+1"],"relics":["Ring of the Snake","PreservedInsect","Ornamental Fan"],"potions_floor_usage":[14,16,16,16],"damage_taken":[{"damage":0,"enemies":"Jaw Worm","floor":1,"turns":5},{"damage":0,"enemies":"2 Louse","floor":2,"turns":5},{"damage":0,"enemies":"Cultist","floor":8,"turns":4},{"damage":0,"enemies":"Looter","floor":10,"turns":4},{"damage":1,"enemies":"3 Louse","floor":11,"turns":4},{"damage":0,"enemies":"Blue Slaver","floor":13,"turns":6},{"damage":10,"enemies":"Exordium Thugs","floor":14,"turns":6},{"damage":61,"enemies":"Slime Boss","floor":16,"turns":11}],"seed_played":"4650778881700573724","potions_obtained":[{"floor":2,"key":"GhostInAJar"},{"floor":10,"key":"Energy Potion"},{"floor":13,"key":"SteroidPotion"},{"floor":14,"key":"AttackPotion"}],"is_trial":false,"path_per_floor":["M","M","?","?","?","R","?","M","T","M","M","R","M","M","R","B"],"character_chosen":"THE_SILENT","items_purchased":[],"campfire_rested":0,"item_purchase_floors":[],"current_hp_per_floor":[70,70,75,64,64,64,64,64,64,64,63,63,63,53,53,0],"gold":276,"neow_bonus":"RANDOM_COMMON_RELIC","is_prod":false,"is_daily":false,"chose_seed":false,"campfire_upgraded":3,"win_rate":0.0,"timestamp":1549085895,"path_taken":["M","M","?","?","?","R","?","M","T","M","M","R","M","M","R","BOSS"],"build_version":"2019-01-23","purchased_purges":0,"victory":false,"max_hp_per_floor":[70,70,75,75,75,75,75,75,75,75,75,75,75,75,75,75],"card_choices":[{"not_picked":["Acrobatics","Dagger Spray"],"picked":"Dodge and Roll","floor":1},{"not_picked":["Quick Slash","Poisoned Stab"],"picked":"Backflip","floor":2},{"not_picked":["Escape Plan","Backflip"],"picked":"Dagger Throw","floor":8},{"not_picked":["Slice","Blur"],"picked":"Envenom","floor":10},{"not_picked":["PiercingWail","Distraction","Riddle With Holes"],"picked":"SKIP","floor":11},{"not_picked":["Distraction","Prepared"],"picked":"Acrobatics","floor":13},{"not_picked":["Crippling Poison","Accuracy"],"picked":"Outmaneuver","floor":14}],"player_experience":188803,"relics_obtained":[{"floor":9,"key":"Ornamental Fan"}],"event_choices":[{"damage_healed":0,"gold_gain":0,"player_choice":"Donut","damage_taken":0,"max_hp_gain":5,"max_hp_loss":0,"event_name":"Big Fish","floor":3,"gold_loss":0},{"damage_healed":0,"gold_gain":75,"player_choice":"Gather Gold","damage_taken":11,"max_hp_gain":0,"max_hp_loss":0,"event_name":"World of Goop","floor":4,"gold_loss":0},{"damage_healed":0,"gold_gain":0,"player_choice":"Ignored","damage_taken":0,"max_hp_gain":0,"max_hp_loss":0,"event_name":"Shining Light","floor":5,"gold_loss":0},{"damage_healed":0,"gold_gain":0,"player_choice":"Ignored","damage_taken":0,"max_hp_gain":0,"max_hp_loss":0,"event_name":"NoteForYourself","floor":7,"gold_loss":0}],"is_beta":false,"boss_relics":[],"items_purged_floors":[],"is_endless":false,"potions_floor_spawned":[2,10,13,14],"killed_by":"Slime Boss","ascension_level":0}