{"gold_per_floor":[219,231,251,261,281,309,309,323,323,174,199,199,210,226,226,322,322,337,145,95,84,84],"floor_reached":22,"playtime":2738,"items_purged":[],"score":210,"play_id":"3a2eecbc-0769-40ac-aa88-da3c706638ce","local_time":"20190209111413","is_ascension_mode":true,"campfire_choices":[{"data":"True Grit","floor":12,"key":"SMITH"},{"data":"Spot Weakness","floor":15,"key":"SMITH"}],"neow_cost":"NONE","seed_source_timestamp":938699661257840,"circlet_count":0,"master_deck":["Strike_R","Strike_R","Strike_R","Strike_R","Strike_R","Defend_R","Defend_R","Defend_R","Defend_R","Bash","Ghostly Armor","Spot Weakness+1","True Grit+1","Dropkick","Shrug It Off","Demon Form","Shrug It Off","Thunderclap","Trip","Rage"],"relics":["Burning Blood","Boot","Matryoshka","PreservedInsect","Magic Flower","White Beast Statue"],"potions_floor_usage":[6,11,16,16],"damage_taken":[{"damage":2,"enemies":"Cultist","floor":1,"turns":5},{"damage":1,"enemies":"Jaw Worm","floor":2,"turns":4},{"damage":1,"enemies":"2 Louse","floor":3,"turns":3},{"damage":12,"enemies":"Red Slaver","floor":4,"turns":6},{"damage":10,"enemies":"Large Slime","floor":5,"turns":8},{"damage":31,"enemies":"3 Sentries","floor":6,"turns":9},{"damage":14,"enemies":"3 Louse","floor":8,"turns":4},{"damage":14,"enemies":"Lagavulin","floor":11,"turns":6},{"damage":0,"enemies":"Looter","floor":13,"turns":4},{"damage":25,"enemies":"Exordium Wildlife","floor":14,"turns":7},{"damage":86,"enemies":"Slime Boss","floor":16,"turns":18},{"damage":62,"enemies":"3 Byrds","floor":18,"turns":8},{"damage":26,"enemies":"2 Thieves","floor":21,"turns":4},{"damage":48,"enemies":"Cultist and Chosen","floor":22,"turns":5}],"seed_played":"-4260596728482978402","potions_obtained":[{"floor":1,"key":"Regen Potion"},{"floor":3,"key":"Swift Potion"},{"floor":6,"key":"EssenceOfSteel"},{"floor":13,"key":"Regen Potion"},{"floor":14,"key":"FairyPotion"},{"floor":18,"key":"LiquidBronze"},{"floor":21,"key":"FairyPotion"}],"is_trial":false,"path_per_floor":["M","M","M","M","M","E","?","M","T","$","E","R","M","M","R","B",null,"M","$","?","M","M"],"character_chosen":"IRONCLAD","items_purchased":["PreservedInsect","Thunderclap","Trip","Rage"],"campfire_rested":0,"item_purchase_floors":[10,19,19,19],"current_hp_per_floor":[80,80,80,74,70,45,71,63,63,63,55,55,64,48,48,26,80,27,27,27,10,0],"gold":84,"neow_bonus":"HUNDRED_GOLD","is_prod":false,"is_daily":false,"chose_seed":false,"campfire_upgraded":2,"win_rate":0,"timestamp":1549739653,"path_taken":["M","?","M","M","M","E","?","M","T","$","E","R","M","M","R","BOSS","M","$","?","M","M"],"build_version":"2019-01-23","purchased_purges":0,"victory":false,"max_hp_per_floor":[80,80,80,80,80,80,80,80,80,80,80,80,80,80,80,80,80,80,80,80,80,80],"card_choices":[{"not_picked":["Dropkick","Fire Breathing"],"picked":"Ghostly Armor","floor":1},{"not_picked":["Warcry","Burning Pact"],"picked":"Spot Weakness","floor":2},{"not_picked":["Twin Strike","Wild Strike"],"picked":"True Grit","floor":3},{"not_picked":["Hemokinesis","Pommel Strike","Clothesline"],"picked":"SKIP","floor":4},{"not_picked":["Wild Strike","Intimidate","Carnage"],"picked":"SKIP","floor":5},{"not_picked":["Flex","Perfected Strike","Thunderclap"],"picked":"SKIP","floor":6},{"not_picked":["Perfected Strike","Thunderclap","Second Wind"],"picked":"SKIP","floor":8},{"not_picked":["Combust","Warcry"],"picked":"Dropkick","floor":11},{"not_picked":["Burning Pact","Corruption","Sentinel"],"picked":"SKIP","floor":13},{"not_picked":["Intimidate","Sword Boomerang"],"picked":"Shrug It Off","floor":14},{"not_picked":["Impervious","Berserk"],"picked":"Demon Form","floor":16},{"not_picked":["Heavy Blade","Anger+1"],"picked":"Shrug It Off","floor":18},{"not_picked":["Warcry","Power Through","Thunderclap"],"picked":"SKIP","floor":21}],"player_experience":192734,"relics_obtained":[{"floor":6,"key":"Boot"},{"floor":9,"key":"Matryoshka"},{"floor":11,"key":"Magic Flower"}],"event_choices":[{"damage_healed":26,"gold_gain":0,"player_choice":"Banana","damage_taken":0,"max_hp_gain":0,"max_hp_loss":0,"event_name":"Big Fish","floor":7,"gold_loss":0},{"damage_healed":0,"gold_gain":0,"player_choice":"Bet on Murderer","damage_taken":0,"max_hp_gain":0,"max_hp_loss":0,"event_name":"The Joust","floor":20,"gold_loss":50}],"is_beta":false,"boss_relics":[{"not_picked":["Mark of Pain","Eternal Feather"],"picked":"White Beast Statue"}],"items_purged_floors":[],"is_endless":false,"potions_floor_spawned":[1,3,6,13,14,18,21],"killed_by":"Cultist and Chosen","ascension_level":1}