{"gold_per_floor":[109,124,124,139,214,245,245,261,285,305,340,340,340,23,23,97,97,110,110,121,46,136,136,148,159,159,5,5],"floor_reached":28,"playtime":1328,"items_purged":["Strike_R","Strike_R"],"score":422,"play_id":"4fbd91d6-716c-4a96-96fb-a30812e35430","local_time":"20190211192940","is_ascension_mode":true,"campfire_choices":[{"data":"Cleave","floor":7.0,"key":"SMITH"},{"floor":12.0,"key":"REST"},{"data":"Sword Boomerang","floor":15.0,"key":"SMITH"},{"data":"Flame Barrier","floor":23.0,"key":"SMITH"}],"neow_cost":"NONE","seed_source_timestamp":0,"circlet_count":0,"master_deck":["AscendersBane","Strike_R","Strike_R","Strike_R","Defend_R","Defend_R+1","Defend_R+1","Defend_R","Bash+1","Shrug It Off","Cleave+1","Pommel Strike","True Grit+1","Sword Boomerang+1","Pommel Strike","Blood for Blood","Reaper","Thunderclap","Flame Barrier+1","Blood for Blood","Metallicize","Headbutt"],"special_seed":0,"relics":["Burning Blood","War Paint","Omamori","Regal Pillow","Torii","Mark of Pain","Ornamental Fan"],"potions_floor_usage":[25],"damage_taken":[{"damage":7.0,"enemies":"Jaw Worm","floor":1.0,"turns":3.0},{"damage":1.0,"enemies":"Small Slimes","floor":2.0,"turns":4.0},{"damage":4.0,"enemies":"2 Louse","floor":4.0,"turns":3.0},{"damage":41.0,"enemies":"3 Sentries","floor":6.0,"turns":10.0},{"damage":0.0,"enemies":"Gremlin Gang","floor":8.0,"turns":1.0},{"damage":2.0,"enemies":"2 Fungi Beasts","floor":10.0,"turns":3.0},{"damage":41.0,"enemies":"Lagavulin","floor":11.0,"turns":6.0},{"damage":38.0,"enemies":"The Guardian","floor":16.0,"turns":15.0},{"damage":8.0,"enemies":"Chosen","floor":18.0,"turns":5.0},{"damage":6.0,"enemies":"3 Byrds","floor":20.0,"turns":6.0},{"damage":51.0,"enemies":"Cultist and Chosen","floor":24.0,"turns":9.0},{"damage":2,"enemies":"Centurion and Healer","floor":25,"turns":7},{"damage":34,"enemies":"Snake Plant","floor":28,"turns":3}],"seed_played":"4910692501943884738","potions_obtained":[{"floor":4.0,"key":"Regen Potion"},{"floor":6.0,"key":"SteroidPotion"},{"floor":10.0,"key":"LiquidBronze"},{"floor":16.0,"key":"Block Potion"},{"floor":20.0,"key":"SpeedPotion"}],"is_trial":false,"path_per_floor":["M","M","?","M","?","E","R","M","T","M","E","R","?","$","R","B",null,"M","$","M","$","?","R","M","M","T","$","M"],"character_chosen":"IRONCLAD","items_purchased":["Torii","Headbutt"],"campfire_rested":1,"item_purchase_floors":[14,27],"current_hp_per_floor":[67,72,72,74,63,43,43,49,49,53,18,55,55,55,55,23,62,64,64,71,71,57,57,16,30,30,30,0],"gold":5,"neow_bonus":"UPGRADE_CARD","is_prod":false,"is_daily":false,"chose_seed":false,"campfire_upgraded":3,"win_rate":0,"timestamp":1549931380,"path_taken":["M","M","?","M","?","E","R","M","T","M","E","R","?","$","R","BOSS","M","$","?","$","?","R","M","M","T","?","M"],"build_version":"2019-01-23","purchased_purges":2,"victory":false,"max_hp_per_floor":[75,75,75,75,75,75,75,75,75,75,75,75,75,75,75,75,75,75,75,75,75,75,75,75,75,75,75,75],"card_choices":[{"not_picked":["Fire Breathing","Entrench"],"picked":"Shrug It Off","floor":1.0},{"not_picked":["Carnage","Body Slam"],"picked":"Cleave","floor":2.0},{"not_picked":["Sever Soul","Bloodletting"],"picked":"Pommel Strike","floor":4.0},{"not_picked":["Anger","Shockwave"],"picked":"True Grit","floor":6.0},{"not_picked":["Sever Soul","Havoc"],"picked":"Sword Boomerang","floor":8.0},{"not_picked":["Armaments","Reckless Charge"],"picked":"Pommel Strike","floor":10.0},{"not_picked":["Reckless Charge","Anger"],"picked":"Blood for Blood","floor":11.0},{"not_picked":["Feed","Exhume"],"picked":"Reaper","floor":16.0},{"not_picked":["Cleave","Dropkick"],"picked":"Thunderclap","floor":18.0},{"not_picked":["Bloodletting","Clash"],"picked":"Flame Barrier","floor":20.0},{"not_picked":["Havoc","Body Slam"],"picked":"Blood for Blood","floor":24},{"not_picked":["Reckless Charge","Havoc"],"picked":"Metallicize","floor":25}],"player_experience":2406973,"relics_obtained":[{"floor":6.0,"key":"War Paint"},{"floor":9.0,"key":"Omamori"},{"floor":11.0,"key":"Regal Pillow"},{"floor":26,"key":"Ornamental Fan"}],"event_choices":[{"damage_healed":0.0,"max_hp_gain":0.0,"max_hp_loss":0.0,"gold_gain":0.0,"event_name":"Shining Light","player_choice":"Ignored","floor":3.0,"gold_loss":0.0,"damage_taken":0.0},{"damage_healed":0.0,"max_hp_gain":0.0,"max_hp_loss":0.0,"gold_gain":75.0,"event_name":"World of Goop","player_choice":"Gather Gold","floor":5.0,"gold_loss":0.0,"damage_taken":11.0},{"damage_healed":0.0,"max_hp_gain":0.0,"max_hp_loss":0.0,"gold_gain":0.0,"event_name":"Upgrade Shrine","player_choice":"Upgraded","floor":13.0,"gold_loss":0.0,"damage_taken":0.0,"cards_upgraded":["True Grit"]},{"damage_healed":0.0,"max_hp_gain":0.0,"max_hp_loss":0.0,"gold_gain":90.0,"event_name":"Knowing Skull","player_choice":"GOLD ","floor":22.0,"potions_obtained":[],"gold_loss":0.0,"damage_taken":14.0,"cards_obtained":[]}],"is_beta":false,"boss_relics":[{"not_picked":["Black Star","Runic Dome"],"picked":"Mark of Pain"}],"items_purged_floors":[21,27],"is_endless":false,"potions_floor_spawned":[4,6,10,16,20],"killed_by":"Snake Plant","ascension_level":17}