{"gold_per_floor":[109,119,134,134,153,153,171,171,171,191,191,205,205,223,223,223],"floor_reached":16,"playtime":732,"items_purged":[],"score":168,"play_id":"0c03eee9-f992-4b7d-971f-32bb5b556b0b","local_time":"20180809175201","is_ascension_mode":true,"campfire_choices":[{"data":"Zap","floor":6,"key":"SMITH"},{"data":"Leap","floor":8,"key":"SMITH"},{"data":"Hologram","floor":13,"key":"SMITH"},{"data":"Dualcast","floor":15,"key":"SMITH"}],"neow_cost":"","seed_source_timestamp":188706162110988,"circlet_count":0,"master_deck":["Strike_B","Strike_B","Strike_B","Defend_B","Defend_B","Defend_B","Defend_B","Zap+1","Dualcast+1","AscendersBane","Compile Driver","Leap+1","Self Repair","Coolheaded","Self Repair","Hologram+1","Cold Snap","Reboot"],"relics":["Cracked Core","Emotion Chip","Dead Branch"],"potions_floor_usage":[5,16,16],"damage_taken":[{"damage":1,"enemies":"Cultist","floor":1,"turns":3},{"damage":2,"enemies":"Jaw Worm","floor":2,"turns":3},{"damage":7,"enemies":"Small Slimes","floor":3,"turns":3},{"damage":5,"enemies":"Exordium Wildlife","floor":5,"turns":4},{"damage":5,"enemies":"2 Fungi Beasts","floor":7,"turns":4},{"damage":16,"enemies":"Looter","floor":10,"turns":3},{"damage":8,"enemies":"Blue Slaver","floor":12,"turns":3},{"damage":5,"enemies":"3 Louse","floor":14,"turns":5},{"damage":64,"enemies":"Hexaghost","floor":16,"turns":16}],"seed_played":"-1023583836528919570","potions_obtained":[{"floor":3,"key":"Fruit Juice"},{"floor":10,"key":"EssenceOfSteel"},{"floor":14,"key":"Poison Potion"}],"is_trial":false,"path_per_floor":["M","M","M","T","M","R","M","R","T","M","?","M","R","M","R"],"character_chosen":"DEFECT","items_purchased":[],"campfire_rested":0,"item_purchase_floors":[],"current_hp_per_floor":[63,61,54,54,61,61,56,56,56,54,47,53,53,62,62,0],"gold":223,"neow_bonus":"","is_prod":false,"is_daily":false,"chose_seed":false,"campfire_upgraded":4,"win_rate":0,"timestamp":1533851521,"path_taken":["M","M","M","?","M","R","?","R","T","M","?","M","R","M","R","BOSS"],"build_version":"2018-08-02","purchased_purges":0,"victory":false,"max_hp_per_floor":[71,71,71,71,76,76,76,76,76,76,76,76,76,76,76,76],"card_choices":[{"not_picked":["Turbo","Stack"],"picked":"Compile Driver","floor":1},{"not_picked":["Heatsinks","Compile Driver"],"picked":"Leap","floor":2},{"not_picked":["Skim","Redo"],"picked":"Self Repair","floor":3},{"not_picked":["Gash","Turbo"],"picked":"Coolheaded","floor":5},{"not_picked":["Turbo","Skim"],"picked":"Self Repair","floor":7},{"not_picked":["Melter","Rebound"],"picked":"Hologram","floor":10},{"not_picked":["Turbo","Doom and Gloom"],"picked":"Cold Snap","floor":12},{"not_picked":["Reinforced Body","Stack"],"picked":"Reboot","floor":14}],"player_experience":1471150,"relics_obtained":[{"floor":4,"key":"Emotion Chip"},{"floor":9,"key":"Dead Branch"}],"event_choices":[{"event_name":"Golden Wing","player_choice":"Card Removal","floor":11,"damage_taken":0}],"is_beta":false,"boss_relics":[],"items_purged_floors":[],"is_endless":false,"potions_floor_spawned":[3,10,14],"killed_by":"Hexaghost","ascension_level":15}