{"gold_per_floor":[114,94,109,124,124,154,184,199,224,224,254,284,284,314,314,414,414,429,229,229,279,279,309,309,339,339,369,384,17,47,47,47,147,147,162,262,262,262,292,322,352,382,382,412,442,472,502,42,42,42],"floor_reached":51,"playtime":3095,"items_purged":[],"score":1239,"play_id":"fc960f24-2a17-430e-8e6b-d7acf54a124e","local_time":"20181115120436","daily_mods":["Allstar","Flight","DeadlyEvents"],"is_ascension_mode":false,"campfire_choices":[{"data":"Demon Form","floor":10,"key":"SMITH"},{"data":"Discovery","floor":13,"key":"SMITH"},{"data":"Spot Weakness","floor":15,"key":"SMITH"},{"data":"Corruption","floor":24,"key":"SMITH"},{"data":"Feel No Pain","floor":32,"key":"SMITH"},{"data":"True Grit","floor":49,"key":"SMITH"}],"neow_cost":"","seed_source_timestamp":0,"circlet_count":0,"master_deck":["Bash+1","Violence","Purity","Master of Strategy","Swift Strike","Discovery+1","Sword Boomerang","Shrug It Off","Headbutt","True Grit+1","Demon Form+1","Clothesline","Spot Weakness+1","Juggernaut","Wild Strike","True Grit","Dual Wield","Intimidate","Flex","Clash","Anger","Sword Boomerang","Corruption+1","Second Wind","Battle Trance","Shrug It Off","Hologram","Dash+1","Swift Strike+1","Headbutt+1","Body Slam+1","Feel No Pain+1","Deep Breath","Metamorphosis","Doubt","Quick Slash+1","Good Instincts","Blur","Madness+1","Madness+1","Seeing Red+1","Shrug It Off+1","Heavy Blade+1","Backflip+1","Die Die Die+1","True Grit","Havoc","Dramatic Entrance+1"],"special_seed":17850,"relics":["Burning Blood","Darkstone Periapt","Centennial Puzzle","Red Skull","StoneCalendar","Prayer Wheel","Pantograph","Pandora\u0027s Box","PrismaticShard","Vajra","Oddly Smooth Stone","Omamori","Molten Egg 2","Incense Burner","Charon\u0027s Ashes","Anchor","Calling Bell","Bronze Scales","Gremlin Horn","Turnip","Champion Belt","Dodecahedron","Bottled Tornado","Lantern","Meat on the Bone","War Paint","Shuriken","Mummified Hand","Unceasing Top","Blue Candle","Orichalcum","Strawberry"],"potions_floor_usage":[7,7,14,16,25,39,50,50,50],"damage_taken":[{"damage":2,"enemies":"Small Slimes","floor":1,"turns":2},{"damage":0,"enemies":"Cultist","floor":3,"turns":2},{"damage":0,"enemies":"2 Louse","floor":4,"turns":3},{"damage":14,"enemies":"Gremlin Nob","floor":6,"turns":3},{"damage":19,"enemies":"3 Sentries","floor":7,"turns":8},{"damage":5,"enemies":"Exordium Thugs","floor":8,"turns":3},{"damage":16,"enemies":"Gremlin Nob","floor":11,"turns":3},{"damage":26,"enemies":"Lagavulin","floor":12,"turns":5},{"damage":0,"enemies":"Gremlin Nob","floor":14,"turns":2},{"damage":26,"enemies":"Hexaghost","floor":16,"turns":8},{"damage":3,"enemies":"Chosen","floor":18,"turns":4},{"damage":21,"enemies":"Book of Stabbing","floor":23,"turns":4},{"damage":15,"enemies":"Slavers","floor":25,"turns":4},{"damage":4,"enemies":"Gremlin Leader","floor":27,"turns":5},{"damage":9,"enemies":"3 Byrds","floor":28,"turns":5},{"damage":4,"enemies":"Book of Stabbing","floor":30,"turns":4},{"damage":9,"enemies":"Automaton","floor":33,"turns":6},{"damage":42,"enemies":"3 Darklings","floor":35,"turns":5},{"damage":12,"enemies":"Mind Bloom Boss Battle","floor":36,"turns":5},{"damage":20,"enemies":"Nemesis","floor":39,"turns":7},{"damage":26,"enemies":"Giant Head","floor":40,"turns":7},{"damage":6,"enemies":"Nemesis","floor":41,"turns":3},{"damage":3,"enemies":"Giant Head","floor":42,"turns":5},{"damage":12,"enemies":"Nemesis","floor":44,"turns":3},{"damage":0,"enemies":"Giant Head","floor":45,"turns":6},{"damage":18,"enemies":"Nemesis","floor":46,"turns":5},{"damage":1,"enemies":"Reptomancer","floor":47,"turns":2},{"damage":31,"enemies":"Time Eater","floor":50,"turns":8}],"seed_played":"-5442637841000677310","potions_obtained":[{"floor":1,"key":"Block Potion"},{"floor":2,"key":"Dexterity Potion"},{"floor":6,"key":"Fruit Juice"},{"floor":8,"key":"Explosive Potion"},{"floor":11,"key":"Weak Potion"},{"floor":14,"key":"Block Potion"},{"floor":16,"key":"FearPotion"},{"floor":27,"key":"BloodPotion"},{"floor":39,"key":"GamblersBrew"},{"floor":44,"key":"SkillPotion"}],"is_trial":false,"path_per_floor":["M","?","M","M","?","E","E","M","T","R","E","E","R","E","R","B",null,"M","$","?","T","?","E","R","E","T","E","M","$","E","?","R","B",null,"M","?","?","T","E","E","E","E","T","E","E","E","E","$","R","B",null],"character_chosen":"IRONCLAD","items_purchased":["PrismaticShard","Feel No Pain","Charon\u0027s Ashes","Strawberry","Ancient Potion","SpeedPotion","True Grit","Havoc","Dramatic Entrance+1"],"campfire_rested":0,"item_purchase_floors":[19,29,29,48,48,48,48,48,48],"current_hp_per_floor":[80,80,80,80,80,72,64,65,65,65,55,35,35,41,41,46,85,85,85,85,85,85,70,70,61,61,63,60,60,62,46,46,68,96,60,79,67,67,62,42,42,57,57,63,69,57,62,69,69,69],"gold":42,"neow_bonus":"","is_prod":false,"is_daily":true,"chose_seed":false,"campfire_upgraded":6,"win_rate":0,"timestamp":1542279876,"path_taken":["M","?","?","M","?","E","E","M","T","R","?","E","R","E","R","BOSS","M","$","?","?","?","E","R","E","T","E","?","$","?","?","R","BOSS","M","?","?","?","?","E","E","?","T","E","?","?","E","$","R","BOSS"],"build_version":"2018-11-08","purchased_purges":0,"victory":true,"max_hp_per_floor":[80,80,80,80,80,80,85,85,85,85,85,85,85,85,85,85,85,85,85,85,85,85,85,85,85,85,85,85,85,85,90,90,90,96,96,96,96,96,96,96,96,96,96,96,96,96,96,103,103,103],"card_choices":[{"not_picked":["Heavy Blade","Body Slam"],"picked":"Sword Boomerang","floor":1},{"not_picked":["Perfected Strike","Pummel"],"picked":"Shrug It Off","floor":3},{"not_picked":["Evolve","Anger"],"picked":"Headbutt","floor":4},{"not_picked":["Thunderclap","Warcry"],"picked":"True Grit","floor":6},{"not_picked":["Warcry","Fire Breathing","Rage"],"picked":"SKIP","floor":7},{"not_picked":["Heavy Blade","Hemokinesis"],"picked":"Demon Form","floor":8},{"not_picked":["Rampage","True Grit"],"picked":"Clothesline","floor":11},{"not_picked":["Fire Breathing","Whirlwind"],"picked":"Spot Weakness","floor":12},{"not_picked":["Wild Strike","Clothesline","Bloodletting"],"picked":"SKIP","floor":14},{"not_picked":["Double Tap","Brutality"],"picked":"Juggernaut","floor":16},{"not_picked":["Clash","Power Through"],"picked":"Second Wind","floor":18},{"not_picked":["Pommel Strike","Perfected Strike"],"picked":"Battle Trance","floor":18},{"not_picked":["Calculated Gamble","Thunderclap"],"picked":"Hologram","floor":23},{"not_picked":["Bandage Up","Sucker Punch"],"picked":"Dash+1","floor":25},{"not_picked":["Rebound+1","Clothesline+1"],"picked":"Swift Strike+1","floor":27},{"not_picked":["Rebound+1","Wild Strike+1"],"picked":"Headbutt+1","floor":28},{"not_picked":["Shrug It Off","Setup"],"picked":"Body Slam+1","floor":28},{"not_picked":["Iron Wave+1","Perfected Strike+1"],"picked":"Deep Breath","floor":30},{"not_picked":["Bullet Time","Thunder Strike+1"],"picked":"Metamorphosis","floor":33},{"not_picked":["Hemokinesis+1","Battle Trance+1"],"picked":"Quick Slash+1","floor":35},{"not_picked":["Finisher+1","Sweeping Beam+1"],"picked":"Good Instincts","floor":35},{"not_picked":["Skewer+1","Eviscerate+1"],"picked":"Blur","floor":36},{"not_picked":["Blood for Blood+1","Clash+1","Dagger Spray+1"],"picked":"SKIP","floor":39},{"not_picked":["Accuracy","Jack Of All Trades+1"],"picked":"Seeing Red+1","floor":40},{"not_picked":["Hemokinesis+1","Blood for Blood+1"],"picked":"Shrug It Off+1","floor":41},{"not_picked":["Impatience","Eviscerate+1"],"picked":"Heavy Blade+1","floor":42},{"not_picked":["Coolheaded+1","Leap","Sucker Punch+1"],"picked":"SKIP","floor":44},{"not_picked":["Dagger Spray+1","Bloodletting","Heavy Blade+1"],"picked":"SKIP","floor":45},{"not_picked":["Shrug It Off","Steam+1"],"picked":"Backflip+1","floor":46},{"not_picked":["Deflect","Chaos+1"],"picked":"Die Die Die+1","floor":47}],"player_experience":1702251,"relics_obtained":[{"floor":6,"key":"Darkstone Periapt"},{"floor":7,"key":"Centennial Puzzle"},{"floor":9,"key":"Red Skull"},{"floor":11,"key":"StoneCalendar"},{"floor":12,"key":"Prayer Wheel"},{"floor":14,"key":"Pantograph"},{"floor":21,"key":"Vajra"},{"floor":23,"key":"Oddly Smooth Stone"},{"floor":25,"key":"Omamori"},{"floor":26,"key":"Molten Egg 2"},{"floor":27,"key":"Incense Burner"},{"floor":30,"key":"Anchor"},{"floor":34,"key":"Bronze Scales"},{"floor":34,"key":"Gremlin Horn"},{"floor":34,"key":"Turnip"},{"floor":36,"key":"Champion Belt"},{"floor":38,"key":"Dodecahedron"},{"floor":39,"key":"Bottled Tornado"},{"floor":40,"key":"Lantern"},{"floor":41,"key":"Meat on the Bone"},{"floor":42,"key":"War Paint"},{"floor":43,"key":"Shuriken"},{"floor":44,"key":"Mummified Hand"},{"floor":45,"key":"Unceasing Top"},{"floor":46,"key":"Blue Candle"},{"floor":47,"key":"Orichalcum"}],"event_choices":[{"damage_healed":0,"gold_gain":0,"player_choice":"Bought 1 Potion","damage_taken":0,"max_hp_gain":0,"max_hp_loss":0,"event_name":"The Woman in Blue","floor":2,"gold_loss":0},{"damage_healed":0,"gold_gain":0,"player_choice":"Upgraded","damage_taken":0,"max_hp_gain":0,"max_hp_loss":0,"event_name":"Upgrade Shrine","floor":5,"gold_loss":0,"cards_upgraded":["Bash"]},{"damage_healed":0,"gold_gain":0,"player_choice":"Ignored","damage_taken":0,"max_hp_gain":0,"max_hp_loss":0,"event_name":"Beggar","floor":20,"gold_loss":0},{"damage_healed":0,"gold_gain":0,"player_choice":"Read","damage_taken":0,"max_hp_gain":0,"max_hp_loss":0,"event_name":"The Library","floor":22,"gold_loss":0,"cards_obtained":["Shrug It Off"]},{"damage_healed":0,"gold_gain":0,"player_choice":"Shed Blood","damage_taken":21,"max_hp_gain":5,"max_hp_loss":0,"event_name":"Forgotten Altar","floor":31,"gold_loss":0},{"damage_healed":0,"gold_gain":0,"player_choice":"Fight","damage_taken":0,"max_hp_gain":0,"max_hp_loss":0,"event_name":"MindBloom","floor":36,"gold_loss":0},{"damage_healed":0,"gold_gain":0,"player_choice":"Embrace Madness","damage_taken":12,"max_hp_gain":0,"max_hp_loss":0,"event_name":"Winding Halls","floor":37,"gold_loss":0,"cards_obtained":["Madness","Madness"]}],"is_beta":false,"boss_relics":[{"not_picked":["Lizard Tail","Runic Pyramid"],"picked":"Pandora\u0027s Box"},{"not_picked":["Busted Crown","Runic Cube"],"picked":"Calling Bell"}],"items_purged_floors":[],"is_endless":false,"potions_floor_spawned":[1,6,8,11,14,16,27,28,30,33,39,41,44,45,47],"ascension_level":0}