{"gold_per_floor":[216,230,246,20,20,20,32,32,59,73,73,99,99,64,64,163,163,173,25,42,42,42,74,34,64,88,88,122,142,142,142,142,245,545,560,132,147,1146,1146,1146,373,373,403,403,414,433,433],"floor_reached":47,"playtime":3505,"items_purged":["Strike_G","Regret","Normality"],"score":738,"play_id":"341c9157-d24f-4316-97f4-e20346bef267","local_time":"20180716144137","is_ascension_mode":true,"campfire_choices":[{"data":"Neutralize","floor":6,"key":"SMITH"},{"data":"Noxious Fumes","floor":11,"key":"SMITH"},{"data":"PiercingWail","floor":13,"key":"SMITH"},{"data":"Sucker Punch","floor":15,"key":"SMITH"},{"floor":27,"key":"REST"},{"floor":32,"key":"REST"},{"floor":40,"key":"REST"},{"floor":42,"key":"REST"},{"floor":44,"key":"REST"}],"neow_cost":"NONE","seed_source_timestamp":402961053875888,"circlet_count":0,"master_deck":["Defend_G","Defend_G","Defend_G","Defend_G","Strike_G","Strike_G","Strike_G","Strike_G","Survivor","Neutralize+1","Terror","Bouncing Flask+1","Sucker Punch+1","Flying Knee","Noxious Fumes+1","PiercingWail+1","After Image","Backflip+1","Poisoned Stab","Catalyst","Doppelganger","Catalyst","PiercingWail","Leg Sweep","A Thousand Cuts","Injury","Deflect+1","Footwork","Bane+1","Normality","Concentrate","Choke","Catalyst"],"relics":["Ring of the Snake","Omamori","Art of War","Oddly Smooth Stone","Anchor","Fusion Hammer","Happy Flower","Juzu Bracelet","Bag of Preparation","Ancient Tea Set","Lantern","Calling Bell","Old Coin","Matryoshka","Vajra","Kunai","Blood Vial","Dream Catcher","MealTicket","Tiny Chest","Torii"],"potions_floor_usage":[12,12,16,28,35,45,47],"damage_taken":[{"damage":0,"enemies":"Small Slimes","floor":1,"turns":5},{"damage":1,"enemies":"Jaw Worm","floor":2,"turns":3},{"damage":2,"enemies":"2 Louse","floor":3,"turns":3},{"damage":0,"enemies":"2 Fungi Beasts","floor":7,"turns":4},{"damage":10,"enemies":"3 Louse","floor":10,"turns":3},{"damage":1,"enemies":"Lagavulin","floor":12,"turns":5},{"damage":8,"enemies":"The Guardian","floor":16,"turns":7},{"damage":2,"enemies":"Shell Parasite","floor":18,"turns":6},{"damage":5,"enemies":"2 Thieves","floor":20,"turns":5},{"damage":23,"enemies":"Slavers","floor":23,"turns":5},{"damage":0,"enemies":"Book of Stabbing","floor":25,"turns":5},{"damage":35,"enemies":"Gremlin Leader","floor":28,"turns":5},{"damage":0,"enemies":"Centurion and Healer","floor":29,"turns":5},{"damage":15,"enemies":"Collector","floor":33,"turns":5},{"damage":43,"enemies":"Flame Bruiser 1 Orb","floor":35,"turns":7},{"damage":23,"enemies":"3 Darklings","floor":37,"turns":5},{"damage":56,"enemies":"Sphere and 2 Shapes","floor":45,"turns":6},{"damage":1,"enemies":"Maw","floor":46,"turns":5},{"damage":22,"enemies":"Transient","floor":47,"turns":3}],"seed_played":"-5576520261921967196","potions_obtained":[{"floor":3,"key":"EssenceOfSteel"},{"floor":7,"key":"Swift Potion"},{"floor":12,"key":"Strength Potion"},{"floor":24,"key":"Ancient Potion"},{"floor":24,"key":"FairyPotion"},{"floor":24,"key":"SneckoOil"},{"floor":28,"key":"GamblersBrew"},{"floor":33,"key":"Dexterity Potion"},{"floor":37,"key":"SteroidPotion"}],"is_trial":false,"path_per_floor":["M","M","M","$","?","R","M","?","T","M","R","E","R","?","R","B",null,"M","$","M","?","?","E","?","E","T","R","E","M","?","?","R","B",null,"M","$","M","?","?","R","$","R","T","R","M","M"],"character_chosen":"THE_SILENT","items_purchased":["Omamori","Happy Flower","Kunai","Footwork","Blood Vial","Dream Catcher","MealTicket","Concentrate","EssenceOfSteel"],"campfire_rested":5,"item_purchase_floors":[4,19,36,36,41,41,41,41,41],"current_hp_per_floor":[63,62,60,60,60,60,60,53,53,43,43,42,42,59,59,51,65,63,63,58,58,58,35,35,35,35,56,21,21,21,21,42,27,59,16,16,1,1,1,22,22,43,43,64,10,11,0],"gold":433,"neow_bonus":"HUNDRED_GOLD","is_prod":false,"is_daily":false,"chose_seed":false,"campfire_upgraded":4,"win_rate":0,"timestamp":1531717897,"path_taken":["M","M","M","$","?","R","M","?","T","M","R","E","R","?","R","BOSS","M","$","M","?","?","E","?","E","T","R","E","M","?","?","R","BOSS","M","$","M","?","?","R","?","R","T","R","M","M","M"],"build_version":"2018-07-12","purchased_purges":3,"victory":false,"max_hp_per_floor":[70,70,70,70,70,70,70,70,70,70,70,70,70,70,70,70,70,70,70,70,70,70,70,70,70,70,70,70,70,70,70,70,70,70,70,70,70,70,70,70,70,70,70,70,70,70,70],"card_choices":[{"not_picked":["Quick Slash","Calculated Gamble"],"picked":"Terror","floor":1},{"not_picked":["Terror","Heel Hook"],"picked":"Bouncing Flask","floor":2},{"not_picked":["Dagger Throw","Dagger Spray"],"picked":"Sucker Punch","floor":3},{"not_picked":["Finisher","Infinite Blades"],"picked":"Flying Knee","floor":7},{"not_picked":["Slice","Predator"],"picked":"Noxious Fumes","floor":10},{"not_picked":["Cloak And Dagger","Terror"],"picked":"PiercingWail","floor":12},{"not_picked":["Doppelganger","Glass Knife"],"picked":"After Image","floor":16},{"not_picked":["Deadly Poison","Deflect"],"picked":"Backflip+1","floor":18},{"not_picked":["Concentrate","Dodge and Roll"],"picked":"Poisoned Stab","floor":20},{"not_picked":["Poisoned Stab","Malaise"],"picked":"Doppelganger","floor":23},{"not_picked":["Heel Hook","Setup+1"],"picked":"Catalyst","floor":25},{"not_picked":["Slice+1","Heel Hook"],"picked":"PiercingWail","floor":28},{"not_picked":["Dagger Throw","Cloak And Dagger"],"picked":"Leg Sweep","floor":29},{"not_picked":["Storm of Steel","Tactician"],"picked":"A Thousand Cuts","floor":33},{"not_picked":["Dagger Spray","Predator"],"picked":"Deflect+1","floor":35},{"not_picked":["Die Die Die","Underhanded Strike+1"],"picked":"Bane+1","floor":37},{"not_picked":["Acrobatics+1","Infinite Blades"],"picked":"Choke","floor":42},{"not_picked":["Dagger Spray+1","Underhanded Strike+1"],"picked":"Catalyst","floor":45},{"not_picked":["Prepared","Sucker Punch+1","Bane"],"picked":"SKIP","floor":46}],"player_experience":157819,"relics_obtained":[{"floor":9,"key":"Oddly Smooth Stone"},{"floor":12,"key":"Anchor"},{"floor":23,"key":"Juzu Bracelet"},{"floor":25,"key":"Bag of Preparation"},{"floor":26,"key":"Ancient Tea Set"},{"floor":28,"key":"Lantern"},{"floor":34,"key":"Old Coin"},{"floor":34,"key":"Matryoshka"},{"floor":34,"key":"Vajra"},{"floor":43,"key":"Tiny Chest"},{"floor":43,"key":"Torii"}],"event_choices":[{"event_name":"Living Wall","player_choice":"Grow","floor":5,"damage_taken":0},{"event_name":"Scrap Ooze","player_choice":"success","floor":8,"damage_taken":7},{"event_name":"The Cleric","player_choice":"Healed","floor":14,"damage_taken":0},{"event_name":"Bonfire Elementals","player_choice":"BASIC","floor":21,"damage_taken":0},{"event_name":"The Library","player_choice":"Read","floor":22,"damage_taken":0},{"event_name":"The Woman in Blue","player_choice":"Bought 3 Potions","floor":24,"damage_taken":0},{"event_name":"Forgotten Altar","player_choice":"Smashed Altar","floor":30,"damage_taken":0},{"event_name":"Ghosts","player_choice":"Ignored","floor":31,"damage_taken":0},{"event_name":"MindBloom","player_choice":"Gold","floor":38,"damage_taken":0},{"event_name":"Tomb of Lord Red Mask","player_choice":"Ignored","floor":39,"damage_taken":0}],"boss_relics":[{"not_picked":["Snecko Eye","Tiny House"],"picked":"Fusion Hammer"},{"not_picked":["Ring of the Serpent","Busted Crown"],"picked":"Calling Bell"}],"items_purged_floors":[4,36,41],"is_endless":false,"potions_floor_spawned":[3,7,12,25,28,33,37],"killed_by":"Transient","ascension_level":6}