{"gold_per_floor":[115,126,126,126,147,191,191,227,227,248,269,293,293,308,308,433,433,452,452,452,487,512,512,216,255,330,68,86,109,33,64,64,184,184,197,322,422,436,457,457,491,491,539,578,279,300,633,662,662,662,662,662,236,268,268],"floor_reached":56,"playtime":6901,"items_purged":["Strike_G","Writhe","Strike_G","Strike_G"],"score":1309,"play_id":"f86c675c-4d91-46eb-ba46-6fc66728bde3","local_time":"20190208041345","is_ascension_mode":true,"campfire_choices":[{"data":"Neutralize","floor":7.0,"key":"SMITH"},{"floor":15.0,"key":"REST"},{"data":"A Thousand Cuts","floor":23.0,"key":"SMITH"},{"data":"Noxious Fumes","floor":32.0,"key":"SMITH"},{"floor":40.0,"key":"RECALL"},{"data":"Burst","floor":42,"key":"SMITH"},{"data":"Cloak And Dagger","floor":49,"key":"SMITH"},{"data":"After Image","floor":52,"key":"SMITH"}],"neow_cost":"NONE","seed_source_timestamp":0,"circlet_count":0,"master_deck":["Defend_G","Defend_G","Defend_G","Defend_G","Strike_G","Strike_G","Survivor","Neutralize+1","A Thousand Cuts+1","Dagger Throw","Backflip","Malaise+1","Backflip","Dash","Burst+1","After Image+1","Outmaneuver","Well Laid Plans+1","Escape Plan+1","Noxious Fumes+1","Bandage Up","Terror","Infinite Blades","Cloak And Dagger+1","Tools of the Trade","Tactician+1","Blade Dance+1","Parasite","Sadistic Nature","Tactician","Footwork","Catalyst"],"special_seed":0,"relics":["Ring of the Snake","Incense Burner","Du-Vu Doll","Bronze Scales","Peace Pipe","Coffee Dripper","Kunai","Enchiridion","Red Mask","Strawberry","Pear","Pocketwatch","Eternal Feather","StoneCalendar","Gambling Chip","Juzu Bracelet","Anchor","Bag of Preparation","Membership Card","Snake Skull","Turnip"],"potions_floor_usage":[41,44,55,55],"damage_taken":[{"damage":0.0,"enemies":"Jaw Worm","floor":1.0,"turns":6.0},{"damage":1.0,"enemies":"2 Louse","floor":2.0,"turns":3.0},{"damage":0.0,"enemies":"Small Slimes","floor":5.0,"turns":3.0},{"damage":11.0,"enemies":"Lagavulin","floor":6.0,"turns":7.0},{"damage":18.0,"enemies":"3 Sentries","floor":8.0,"turns":8.0},{"damage":5.0,"enemies":"Blue Slaver","floor":10.0,"turns":4.0},{"damage":1.0,"enemies":"Exordium Wildlife","floor":11.0,"turns":3.0},{"damage":9.0,"enemies":"3 Louse","floor":12.0,"turns":4.0},{"damage":0.0,"enemies":"Red Slaver","floor":14.0,"turns":4.0},{"damage":21.0,"enemies":"Slime Boss","floor":16.0,"turns":14.0},{"damage":3.0,"enemies":"Spheric Guardian","floor":18.0,"turns":6.0},{"damage":24.0,"enemies":"Masked Bandits","floor":21.0,"turns":5.0},{"damage":0.0,"enemies":"Chosen","floor":22.0,"turns":5.0},{"damage":2.0,"enemies":"Slavers","floor":25.0,"turns":6.0},{"damage":0.0,"enemies":"Centurion and Healer","floor":28.0,"turns":7.0},{"damage":0.0,"enemies":"Shelled Parasite and Fungi","floor":29.0,"turns":5.0},{"damage":0.0,"enemies":"Book of Stabbing","floor":31.0,"turns":6.0},{"damage":1.0,"enemies":"Automaton","floor":33.0,"turns":9.0},{"damage":22.0,"enemies":"3 Darklings","floor":35.0,"turns":5.0},{"damage":0.0,"enemies":"Mind Bloom Boss Battle","floor":36.0,"turns":7.0},{"damage":0.0,"enemies":"Orb Walker","floor":38.0,"turns":4.0},{"damage":0.0,"enemies":"Writhing Mass","floor":39.0,"turns":6.0},{"damage":1,"enemies":"Nemesis","floor":41,"turns":7},{"damage":21,"enemies":"Reptomancer","floor":44,"turns":6},{"damage":0,"enemies":"4 Shapes","floor":46,"turns":4},{"damage":6,"enemies":"Nemesis","floor":48,"turns":7},{"damage":1,"enemies":"Time Eater","floor":50,"turns":14},{"damage":28,"enemies":"Shield and Spear","floor":54,"turns":6},{"damage":45,"enemies":"The Heart","floor":55,"turns":8}],"seed_played":"-4903634188895259362","potions_obtained":[{"floor":2.0,"key":"SteroidPotion"},{"floor":10.0,"key":"Regen Potion"},{"floor":11.0,"key":"Block Potion"},{"floor":12.0,"key":"AttackPotion"},{"floor":22.0,"key":"Ancient Potion"},{"floor":28.0,"key":"EssenceOfSteel"},{"floor":31.0,"key":"SpeedPotion"},{"floor":35.0,"key":"PowerPotion"},{"floor":39.0,"key":"EssenceOfSteel"},{"floor":44,"key":"FairyPotion"}],"is_trial":false,"path_per_floor":["M","M","?","?","M","E","R","E","T","M","M","M","?","M","R","B",null,"M","?","?","?","M","R","$","E","T","$","M","M","$","E","R","B",null,"M","?","?","M","M","R","E","R","T","E","$","M","?","E","R","B",null,"R","$","E","B",null],"character_chosen":"THE_SILENT","items_purchased":["GhostInAJar","Strawberry","Noxious Fumes","Bandage Up","Infinite Blades","Sadistic Nature","Membership Card","Snake Skull","Footwork","Strength Potion","Catalyst"],"campfire_rested":1,"item_purchase_floors":[24,24,27,27,30,45,53,53,53,53,53],"current_hp_per_floor":[70,69,66,65,65,54,54,36,36,31,30,21,21,21,40,19,65,62,62,46,36,36,36,43,51,51,51,55,59,59,63,63,66,82,60,64,64,68,72,82,81,82,82,65,65,69,69,71,82,82,82,82,82,62,25],"gold":268,"neow_bonus":"TRANSFORM_CARD","is_prod":false,"is_daily":false,"chose_seed":false,"campfire_upgraded":6,"win_rate":0,"timestamp":1549620825,"path_taken":["M","M","?","?","M","E","R","E","T","M","?","M","?","M","R","BOSS","M","?","?","?","M","R","$","E","T","$","M","M","?","E","R","BOSS","M","?","?","?","M","R","E","R","T","E","?","M","?","E","R","BOSS","R","$","E","BOSS"],"build_version":"2019-02-06","purchased_purges":4,"victory":true,"max_hp_per_floor":[70,70,70,65,65,65,65,65,65,65,65,65,65,65,65,65,65,65,65,65,65,65,65,72,82,82,82,82,82,82,82,82,82,82,82,82,82,82,82,82,82,82,82,82,82,82,82,82,82,82,82,82,82,82,82],"card_choices":[{"not_picked":["Poisoned Stab","Choke","Outmaneuver"],"picked":"SKIP","floor":1.0},{"not_picked":["Deadly Poison","Riddle With Holes"],"picked":"Dagger Throw","floor":2.0},{"not_picked":["Infinite Blades","Dodge and Roll"],"picked":"Backflip","floor":5.0},{"not_picked":["Underhanded Strike","Prepared"],"picked":"Malaise","floor":6.0},{"not_picked":["Deflect","Quick Slash"],"picked":"Backflip","floor":8.0},{"not_picked":["Catalyst","Deflect","Deadly Poison"],"picked":"SKIP","floor":10.0},{"not_picked":["Sucker Punch","All Out Attack"],"picked":"Dash","floor":11.0},{"not_picked":["Calculated Gamble","Poisoned Stab","PiercingWail"],"picked":"SKIP","floor":12.0},{"not_picked":["Blade Dance","Prepared"],"picked":"Burst","floor":14.0},{"not_picked":["A Thousand Cuts","Storm of Steel"],"picked":"After Image","floor":16.0},{"not_picked":["Tactician","Finisher+1"],"picked":"Outmaneuver","floor":18.0},{"not_picked":["Finisher","PiercingWail"],"picked":"Well Laid Plans+1","floor":21.0},{"not_picked":["Outmaneuver","Underhanded Strike+1","Flying Knee"],"picked":"SKIP","floor":22.0},{"not_picked":["Heel Hook","Sucker Punch+1"],"picked":"Escape Plan+1","floor":25.0},{"not_picked":["Deadly Poison","Masterful Stab+1"],"picked":"Terror","floor":28.0},{"not_picked":["Dagger Throw+1","Backflip+1","PiercingWail"],"picked":"SKIP","floor":29.0},{"not_picked":["Deflect","PiercingWail+1"],"picked":"Cloak And Dagger","floor":31.0},{"not_picked":["Corpse Explosion","Die Die Die"],"picked":"Tools of the Trade","floor":33.0},{"not_picked":["Underhanded Strike","Blade Dance+1"],"picked":"Tactician+1","floor":35.0},{"not_picked":["Masterful Stab+1","Tactician"],"picked":"Blade Dance+1","floor":36.0},{"not_picked":["Acrobatics","Dagger Spray","Blade Dance"],"picked":"SKIP","floor":38.0},{"not_picked":["Bane+1","Expertise+1","Escape Plan"],"picked":"SKIP","floor":39.0},{"not_picked":["Dagger Spray","Riddle With Holes","Calculated Gamble"],"picked":"SKIP","floor":41},{"not_picked":["Bullet Time","Acrobatics","All Out Attack"],"picked":"SKIP","floor":44},{"not_picked":["Acrobatics","Dagger Throw"],"picked":"Tactician","floor":46},{"not_picked":["Underhanded Strike+1","Flying Knee+1","Quick Slash+1"],"picked":"SKIP","floor":48},{"not_picked":["Deflect","Bullet Time","Skewer+1"],"picked":"SKIP","floor":54}],"player_experience":44886,"relics_obtained":[{"floor":6.0,"key":"Du-Vu Doll"},{"floor":8.0,"key":"Bronze Scales"},{"floor":9.0,"key":"Peace Pipe"},{"floor":20.0,"key":"Enchiridion"},{"floor":21.0,"key":"Red Mask"},{"floor":25.0,"key":"Pear"},{"floor":31.0,"key":"Pocketwatch"},{"floor":36.0,"key":"StoneCalendar"},{"floor":41,"key":"Gambling Chip"},{"floor":43,"key":"Juzu Bracelet"},{"floor":44,"key":"Anchor"},{"floor":48,"key":"Bag of Preparation"},{"floor":54,"key":"Turnip"}],"event_choices":[{"damage_healed":0.0,"max_hp_gain":0.0,"max_hp_loss":0.0,"gold_gain":0.0,"event_name":"Scrap Ooze","player_choice":"Success","floor":3.0,"gold_loss":0.0,"damage_taken":3.0,"relics_obtained":["Incense Burner"]},{"damage_healed":0.0,"max_hp_gain":0.0,"max_hp_loss":5.0,"gold_gain":0.0,"event_name":"Golden Idol","player_choice":"Lose Max HP","floor":4.0,"gold_loss":0.0,"damage_taken":0.0,"relics_obtained":["Golden Idol"]},{"damage_healed":0.0,"max_hp_gain":0.0,"max_hp_loss":0.0,"gold_gain":0.0,"event_name":"Living Wall","player_choice":"Grow","floor":13.0,"gold_loss":0.0,"damage_taken":0.0,"cards_upgraded":["Malaise"]},{"damage_healed":0.0,"max_hp_gain":0.0,"max_hp_loss":0.0,"gold_gain":0.0,"event_name":"The Mausoleum","player_choice":"Opened","floor":19.0,"gold_loss":0.0,"damage_taken":0.0,"relics_obtained":["Kunai"],"cards_obtained":["Writhe"]},{"damage_healed":0.0,"max_hp_gain":0.0,"max_hp_loss":0.0,"gold_gain":0.0,"event_name":"Cursed Tome","player_choice":"Obtained Book","floor":20.0,"gold_loss":0.0,"damage_taken":16.0},{"damage_healed":0.0,"max_hp_gain":0.0,"max_hp_loss":0.0,"gold_gain":0.0,"event_name":"Masked Bandits","player_choice":"Fought Bandits","floor":21.0,"gold_loss":0.0,"damage_taken":0.0},{"damage_healed":0.0,"max_hp_gain":0.0,"max_hp_loss":0.0,"gold_gain":0.0,"event_name":"MindBloom","player_choice":"Fight","floor":36.0,"gold_loss":0.0,"damage_taken":0.0},{"damage_healed":0.0,"max_hp_gain":0.0,"max_hp_loss":0.0,"gold_gain":100.0,"event_name":"Golden Shrine","player_choice":"Pray","floor":37.0,"gold_loss":0.0,"damage_taken":0.0},{"damage_healed":0,"gold_gain":333,"player_choice":"Gave Idol","damage_taken":0,"max_hp_gain":0,"max_hp_loss":0,"event_name":"The Moai Head","floor":47,"relics_lost":["Golden Idol"],"gold_loss":0}],"is_beta":true,"boss_relics":[{"not_picked":["Ring of the Serpent","Runic Pyramid"],"picked":"Coffee Dripper"},{"not_picked":["Sozu","White Beast Statue"],"picked":"Eternal Feather"}],"items_purged_floors":[24,27,45,53],"is_endless":false,"potions_floor_spawned":[2,10,11,12,22,28,31,35,38,39,44,54],"ascension_level":1}