{"gold_per_floor":[20,39,56,56,72,105,121,136,136,136,136,149,149,175,175,273,273,285,311,322,334,259,259,7,25,48,61,8,20,20,20,20,125,425,441,441],"floor_reached":36,"playtime":3291,"items_purged":["Strike_G"],"score":479,"play_id":"def7f807-9d89-4299-abc5-96565afdc4f4","local_time":"20180714201424","is_ascension_mode":true,"campfire_choices":[{"data":"Venomology","floor":11,"key":"SMITH"},{"floor":13,"key":"REST"},{"floor":15,"key":"REST"},{"data":"Storm of Steel","floor":23,"key":"SMITH"},{"floor":30,"key":"REST"},{"floor":32,"key":"REST"}],"neow_cost":"NO_GOLD","seed_source_timestamp":250345280370049,"circlet_count":0,"master_deck":["Defend_G","Defend_G","Defend_G","Defend_G","Defend_G+1","Strike_G","Strike_G","Strike_G","Strike_G+1","Survivor","Neutralize+1","Corpse Explosion","Outmaneuver","Poisoned Stab","Escape Plan","Dagger Throw+1","Dodge and Roll","Venomology+1","Deadly Poison","All Out Attack","Noxious Fumes","Envenom","Leg Sweep","Dash+1","Storm of Steel+1","Apotheosis","Poisoned Stab","Escape Plan+1","Cloak And Dagger","PiercingWail","Burst","Decay","Doubt","Pain","Bouncing Flask+1"],"relics":["Ring of the Snake","Question Card","Snake Skull","Whetstone","Runic Pyramid","Red Mask","Ancient Tea Set","Calling Bell","Old Coin","The Courier","Dream Catcher"],"potions_floor_usage":[6,8,8,14,14,14,16,16,18,19,19,21,25,27,29,33,33,35,35],"damage_taken":[{"damage":3,"enemies":"Jaw Worm","floor":1,"turns":4},{"damage":9,"enemies":"Small Slimes","floor":2,"turns":3},{"damage":0,"enemies":"Cultist","floor":3,"turns":3},{"damage":0,"enemies":"Blue Slaver","floor":5,"turns":5},{"damage":17,"enemies":"3 Sentries","floor":6,"turns":6},{"damage":10,"enemies":"3 Louse","floor":7,"turns":3},{"damage":8,"enemies":"Gremlin Gang","floor":8,"turns":7},{"damage":0,"enemies":"Red Slaver","floor":12,"turns":4},{"damage":22,"enemies":"Gremlin Nob","floor":14,"turns":4},{"damage":25,"enemies":"The Guardian","floor":16,"turns":8},{"damage":0,"enemies":"Spheric Guardian","floor":18,"turns":3},{"damage":28,"floor":19,"turns":5},{"damage":6,"enemies":"2 Thieves","floor":20,"turns":4},{"damage":0,"enemies":"Cultist and Chosen","floor":21,"turns":6},{"damage":6,"enemies":"Slaver and Parasite","floor":25,"turns":5},{"damage":34,"enemies":"Sentry and Sphere","floor":27,"turns":6},{"damage":0,"enemies":"Centurion and Healer","floor":29,"turns":7},{"damage":38,"enemies":"Automaton","floor":33,"turns":10},{"damage":60,"enemies":"Flame Bruiser 1 Orb","floor":35,"turns":11},{"damage":10,"floor":36,"turns":7}],"seed_played":"-6265490134746268450","potions_obtained":[{"floor":1,"key":"SkillPotion"},{"floor":5,"key":"Poison Potion"},{"floor":6,"key":"FearPotion"},{"floor":8,"key":"Swift Potion"},{"floor":16,"key":"Weak Potion"},{"floor":20,"key":"SkillPotion"},{"floor":25,"key":"SneckoOil"},{"floor":27,"key":"Block Potion"},{"floor":29,"key":"GamblersBrew"},{"floor":35,"key":"SpeedPotion"}],"is_trial":false,"path_per_floor":["M","M","M","?","M","E","M","M","T","?","R","M","R","E","R","B",null,"M","?","M","M","?","R","$","M","T","M","$","M","R","?","R","B",null,"M"],"character_chosen":"THE_SILENT","items_purchased":["Apotheosis","Cloak And Dagger"],"campfire_rested":4,"item_purchase_floors":[24,28],"current_hp_per_floor":[67,58,58,44,44,27,17,9,9,32,32,32,53,31,52,27,70,70,42,36,36,36,36,36,30,30,10,10,10,31,31,52,14,70,10,0],"gold":441,"neow_bonus":"THREE_RARE_CARDS","is_prod":false,"is_daily":false,"chose_seed":false,"campfire_upgraded":2,"win_rate":0,"timestamp":1531565064,"path_taken":["M","M","M","?","M","E","?","M","T","?","R","M","R","E","R","BOSS","M","?","M","M","?","R","$","M","T","M","$","M","R","?","R","BOSS","M","?"],"build_version":"2018-07-12","purchased_purges":1,"victory":false,"max_hp_per_floor":[70,70,70,70,70,70,70,70,70,70,70,70,70,70,70,70,70,70,70,70,70,70,70,70,70,70,70,70,70,70,70,70,70,70,70,70],"card_choices":[{"not_picked":["Doppelganger","A Thousand Cuts"],"picked":"Corpse Explosion","floor":0},{"not_picked":["Predator","Expertise"],"picked":"Outmaneuver","floor":1},{"not_picked":["Dodge and Roll","Acrobatics"],"picked":"Poisoned Stab","floor":2},{"not_picked":["Riddle With Holes","Prepared"],"picked":"Escape Plan","floor":3},{"not_picked":["Predator","Setup"],"picked":"Dagger Throw","floor":5},{"not_picked":["Blade Dance","Eviscerate"],"picked":"Dodge and Roll","floor":6},{"not_picked":["Predator","Blur","Reflex"],"picked":"Venomology","floor":7},{"not_picked":["Prepared","Concentrate","Acrobatics"],"picked":"Deadly Poison","floor":8},{"not_picked":["Dagger Spray","Outmaneuver","Reflex"],"picked":"All Out Attack","floor":12},{"not_picked":["Flechettes","Cloak And Dagger","Dash"],"picked":"Noxious Fumes","floor":14},{"not_picked":["Grand Finale","After Image","A Thousand Cuts"],"picked":"Envenom","floor":16},{"not_picked":["Masterful Stab+1","Endless Agony","Finisher"],"picked":"Leg Sweep","floor":18},{"not_picked":["Endless Agony+1","Backflip","Slice+1"],"picked":"Dash+1","floor":19},{"not_picked":["Quick Slash","Masterful Stab","Slice"],"picked":"Predator","floor":20},{"not_picked":["Poisoned Stab","Reflex","Masterful Stab"],"picked":"Storm of Steel","floor":21},{"not_picked":["Slice","Underhanded Strike","Backflip"],"picked":"Poisoned Stab","floor":25},{"not_picked":["All Out Attack","Bane","Dash"],"picked":"Escape Plan+1","floor":27},{"not_picked":["Well Laid Plans","Deflect","Calculated Gamble"],"picked":"PiercingWail","floor":29},{"not_picked":["Unload","Tools of the Trade","Glass Knife"],"picked":"Burst","floor":33},{"not_picked":["Dash+1","Well Laid Plans+1","Underhanded Strike"],"picked":"Bouncing Flask+1","floor":35}],"player_experience":136394,"relics_obtained":[{"floor":6,"key":"Question Card"},{"floor":9,"key":"Snake Skull"},{"floor":14,"key":"Whetstone"},{"floor":19,"key":"Red Mask"},{"floor":26,"key":"Ancient Tea Set"},{"floor":34,"key":"Old Coin"},{"floor":34,"key":"The Courier"},{"floor":34,"key":"Dream Catcher"}],"event_choices":[{"event_name":"Shining Light","player_choice":"Entered Light","floor":4,"damage_taken":0},{"event_name":"Big Fish","player_choice":"Banana","floor":10,"damage_taken":0},{"event_name":"Masked Bandits","player_choice":"Fought over 285 gold","floor":19,"damage_taken":0},{"event_name":"Beggar","player_choice":"Gave Gold","floor":22,"damage_taken":0},{"event_name":"Addict","player_choice":"Ignored","floor":31,"damage_taken":0},{"event_name":"MindBloom","player_choice":"Fight","floor":36,"damage_taken":0}],"boss_relics":[{"not_picked":["Sozu","Ring of the Serpent"],"picked":"Runic Pyramid"},{"not_picked":["Eternal Feather","Lizard Tail"],"picked":"Calling Bell"}],"items_purged_floors":[24],"is_endless":false,"potions_floor_spawned":[1,5,6,8,16,20,25,27,29,35],"ascension_level":4}