{"gold_per_floor":[369,387,387,51,16,44,44,73,73,73,86,104,137,137,137,239,239,257,267,192,211,211,240,240,270,295,328,340,351,384,495,507,617,629,655,667,233,248,267,267,296,296,319,319,319,346,421,432,432,432,432,432,18,44,44],"floor_reached":56,"playtime":4911,"items_purged":["Strike_G","Strike_G","Strike_G"],"score":1446,"play_id":"e3b1a44e-4674-4899-97d7-68b5d76f0628","local_time":"20190214174111","is_ascension_mode":true,"campfire_choices":[{"data":"Neutralize","floor":7.0,"key":"SMITH"},{"floor":15.0,"key":"REST"},{"floor":24.0,"key":"REST"},{"floor":32.0,"key":"REST"},{"floor":40.0,"key":"REST"},{"floor":42,"key":"RECALL"},{"floor":45,"key":"REST"},{"floor":49,"key":"REST"},{"floor":52,"key":"REST"}],"neow_cost":"CURSE","seed_source_timestamp":254360643542,"circlet_count":0,"master_deck":["Defend_G","Defend_G","Defend_G","Defend_G","Defend_G","Strike_G+1","Survivor","Neutralize+1","Infinite Blades","Backstab+1","Leg Sweep","Well Laid Plans","Well Laid Plans","A Thousand Cuts+1","Corpse Explosion","Dodge and Roll+1","Crippling Poison","Acrobatics","Backflip+1","PiercingWail+1","Noxious Fumes+1","Caltrops+1","Slice","Bullet Time","Blur+1","Skewer+1","Catalyst","PiercingWail"],"special_seed":0,"relics":["Ring of the Snake","Vajra","Pear","Incense Burner","FossilizedHelix","Question Card","Frozen Egg 2","Fusion Hammer","Ice Cream","Pantograph","Centennial Puzzle","WingedGreaves","MawBank","OrangePellets","Whetstone","Tingsha","Juzu Bracelet","Bronze Scales","Kunai","Pen Nib"],"potions_floor_usage":[50,50,55],"damage_taken":[{"damage":6.0,"enemies":"2 Louse","floor":1.0,"turns":4.0},{"damage":8.0,"enemies":"Small Slimes","floor":2.0,"turns":4.0},{"damage":24.0,"enemies":"3 Sentries","floor":6.0,"turns":10.0},{"damage":19.0,"enemies":"Gremlin Nob","floor":8.0,"turns":5.0},{"damage":0.0,"enemies":"Jaw Worm","floor":11.0,"turns":2.0},{"damage":4.0,"enemies":"Lots of Slimes","floor":12.0,"turns":4.0},{"damage":2.0,"enemies":"3 Sentries","floor":13.0,"turns":11.0},{"damage":3.0,"enemies":"The Guardian","floor":16.0,"turns":14.0},{"damage":2.0,"enemies":"3 Byrds","floor":18.0,"turns":3.0},{"damage":0.0,"enemies":"Spheric Guardian","floor":19.0,"turns":4.0},{"damage":1.0,"enemies":"Cultist and Chosen","floor":21.0,"turns":6.0},{"damage":15.0,"enemies":"Gremlin Leader","floor":23.0,"turns":7.0},{"damage":15.0,"enemies":"Slavers","floor":25.0,"turns":2.0},{"damage":3.0,"enemies":"Book of Stabbing","floor":27.0,"turns":8.0},{"damage":0.0,"enemies":"Centurion and Healer","floor":28.0,"turns":7.0},{"damage":0.0,"enemies":"3 Cultists","floor":29.0,"turns":3.0},{"damage":21.0,"enemies":"Gremlin Leader","floor":30.0,"turns":6.0},{"damage":18.0,"enemies":"Automaton","floor":33.0,"turns":9.0},{"damage":31.0,"enemies":"3 Darklings","floor":35.0,"turns":3.0},{"damage":0.0,"enemies":"Orb Walker","floor":38.0,"turns":4.0},{"damage":11.0,"enemies":"Jaw Worm Horde","floor":39.0,"turns":3.0},{"damage":3,"enemies":"Reptomancer","floor":41,"turns":10},{"damage":7,"enemies":"Nemesis","floor":46,"turns":7},{"damage":0,"enemies":"3 Darklings","floor":48,"turns":4},{"damage":75,"enemies":"Time Eater","floor":50,"turns":12},{"damage":22,"enemies":"Shield and Spear","floor":54,"turns":6},{"damage":77,"enemies":"The Heart","floor":55,"turns":10}],"seed_played":"3864905357683029825","potions_obtained":[{"floor":1.0,"key":"Energy Potion"},{"floor":6.0,"key":"Ancient Potion"},{"floor":11.0,"key":"LiquidBronze"},{"floor":23.0,"key":"SkillPotion"},{"floor":25.0,"key":"Block Potion"},{"floor":27.0,"key":"GamblersBrew"},{"floor":30.0,"key":"Weak Potion"},{"floor":41,"key":"AttackPotion"}],"is_trial":false,"path_per_floor":["M","M","?","$","?","E","R","E","T","?","M","M","E","T","R","B",null,"M","M","?","M","?","E","R","E","T","E","M","M","E","?","R","B",null,"M","?","$","M","M","R","E","R","T","?","R","E","?","M","R","B",null,"R","$","E","B",null],"character_chosen":"THE_SILENT","items_purchased":["Vajra","Regen Potion","Infinite Blades","OrangePellets","Whetstone","PiercingWail","Kunai"],"campfire_rested":7,"item_purchase_floors":[4,4,4,37,37,53,53],"current_hp_per_floor":[64,56,49,49,66,67,67,48,48,36,36,32,30,30,54,51,80,78,78,78,77,77,62,80,65,65,62,62,62,41,41,65,62,80,49,49,49,49,38,62,59,59,59,59,80,73,65,65,80,5,80,80,80,58,3],"gold":44,"neow_bonus":"TWO_FIFTY_GOLD","is_prod":false,"is_daily":false,"chose_seed":false,"campfire_upgraded":1,"win_rate":0,"timestamp":1550137271,"path_taken":["M","M","?","$","?","E","R","E","T","?","M","M","E","?","R","BOSS","M","M","?","M","?","E","R","E","T","E","M","M","E","?","R","BOSS","M","?","$","?","M","R","E","R","T","?","R","E","?","M","R","BOSS","R","$","E","BOSS"],"build_version":"2019-01-23","purchased_purges":3,"victory":true,"max_hp_per_floor":[70,70,70,70,70,80,80,80,80,80,80,80,80,80,80,80,80,80,80,80,80,80,80,80,80,80,80,80,80,80,80,80,80,80,80,80,80,80,80,80,80,80,80,80,80,80,80,80,80,80,80,80,80,80,80],"card_choices":[{"not_picked":["Tactician","Quick Slash","Acrobatics"],"picked":"SKIP","floor":1.0},{"not_picked":["Cloak And Dagger","Reflex","Masterful Stab"],"picked":"SKIP","floor":2.0},{"not_picked":["Finisher","Underhanded Strike"],"picked":"Backstab","floor":6.0},{"not_picked":["Deflect","Escape Plan"],"picked":"Leg Sweep","floor":8.0},{"not_picked":["Cloak And Dagger","Flying Knee","Underhanded Strike"],"picked":"Well Laid Plans","floor":11.0},{"not_picked":["Underhanded Strike","Acrobatics","Blade Dance"],"picked":"Well Laid Plans","floor":12.0},{"not_picked":["Flechettes","Dodge and Roll","Crippling Poison"],"picked":"A Thousand Cuts","floor":13.0},{"not_picked":["Glass Knife","Unload","Bullet Time"],"picked":"Corpse Explosion","floor":16.0},{"not_picked":["Underhanded Strike","Bane+1","Masterful Stab"],"picked":"Dodge and Roll+1","floor":18.0},{"not_picked":["Escape Plan","Concentrate","Cloak And Dagger"],"picked":"Crippling Poison","floor":19.0},{"not_picked":["Wraith Form v2+1","Dagger Spray","Deflect"],"picked":"Acrobatics","floor":21.0},{"not_picked":["Riddle With Holes","Deadly Poison","Bullet Time"],"picked":"Backflip+1","floor":23.0},{"not_picked":["Backflip","Malaise","Burst"],"picked":"PiercingWail+1","floor":25.0},{"not_picked":["Blade Dance","Prepared+1","Poisoned Stab","Corpse Explosion"],"picked":"SKIP","floor":27.0},{"not_picked":["Dagger Spray","Slice","Skewer"],"picked":"Noxious Fumes+1","floor":28.0},{"not_picked":["Endless Agony","Reflex","All Out Attack"],"picked":"Caltrops+1","floor":29.0},{"not_picked":["Flying Knee","Dagger Throw","Leg Sweep"],"picked":"Slice","floor":30.0},{"not_picked":["Wraith Form v2+1","Venomology","Phantasmal Killer"],"picked":"Bullet Time","floor":33.0},{"not_picked":["Flying Knee+1","Dagger Spray","Prepared+1"],"picked":"Blur+1","floor":35.0},{"not_picked":["Flying Knee","Backflip","Distraction"],"picked":"Skewer+1","floor":38.0},{"not_picked":["Quick Slash+1","Dagger Throw+1","Endless Agony","Cloak And Dagger+1"],"picked":"SKIP","floor":39.0},{"not_picked":["Malaise","Dodge and Roll","Expertise+1","Blade Dance+1"],"picked":"SKIP","floor":41},{"not_picked":["Dodge and Roll+1","Finisher+1","Accuracy+1","Blade Dance"],"picked":"SKIP","floor":46},{"not_picked":["Choke+1","Heel Hook+1","Blade Dance+1"],"picked":"Catalyst","floor":48},{"not_picked":["Cloak And Dagger","Poisoned Stab+1","Tactician","Flying Knee+1"],"picked":"SKIP","floor":54}],"player_experience":129526,"relics_obtained":[{"floor":6.0,"key":"Pear"},{"floor":8.0,"key":"Incense Burner"},{"floor":9.0,"key":"FossilizedHelix"},{"floor":13.0,"key":"Frozen Egg 2"},{"floor":23.0,"key":"Ice Cream"},{"floor":25.0,"key":"Pantograph"},{"floor":26.0,"key":"Centennial Puzzle"},{"floor":27.0,"key":"WingedGreaves"},{"floor":30.0,"key":"MawBank"},{"floor":41,"key":"Tingsha"},{"floor":43,"key":"Juzu Bracelet"},{"floor":46,"key":"Bronze Scales"},{"floor":54,"key":"Pen Nib"}],"event_choices":[{"cards_removed":["Pain"],"damage_healed":0.0,"max_hp_gain":0.0,"max_hp_loss":0.0,"gold_gain":0.0,"event_name":"Golden Wing","player_choice":"Card Removal","floor":3.0,"gold_loss":0.0,"damage_taken":7.0},{"damage_healed":17.0,"max_hp_gain":0.0,"max_hp_loss":0.0,"gold_gain":0.0,"event_name":"The Cleric","player_choice":"Healed","floor":5.0,"gold_loss":35.0,"damage_taken":0.0},{"damage_healed":0.0,"max_hp_gain":0.0,"max_hp_loss":0.0,"gold_gain":0.0,"event_name":"Scrap Ooze","player_choice":"Success","floor":10.0,"gold_loss":0.0,"damage_taken":12.0,"relics_obtained":["Question Card"]},{"cards_removed":["Strike_G"],"damage_healed":0.0,"max_hp_gain":0.0,"max_hp_loss":0.0,"gold_gain":0.0,"event_name":"Beggar","player_choice":"Gave Gold","floor":20.0,"gold_loss":75.0,"damage_taken":0.0},{"damage_healed":0.0,"max_hp_gain":0.0,"max_hp_loss":0.0,"gold_gain":0.0,"event_name":"Vampires","player_choice":"Ignored","floor":22.0,"gold_loss":0.0,"damage_taken":0.0},{"damage_healed":0.0,"max_hp_gain":0.0,"max_hp_loss":0.0,"gold_gain":99.0,"event_name":"Nest","player_choice":"Stole From Cult","floor":31.0,"gold_loss":0.0,"damage_taken":0.0},{"damage_healed":0.0,"max_hp_gain":0.0,"max_hp_loss":0.0,"gold_gain":0.0,"event_name":"SecretPortal","player_choice":"Ignored","floor":36.0,"gold_loss":0.0,"damage_taken":0.0},{"damage_healed":0,"gold_gain":0,"player_choice":"Ignored","damage_taken":0,"max_hp_gain":0,"max_hp_loss":0,"event_name":"Tomb of Lord Red Mask","floor":44,"gold_loss":0},{"damage_healed":0,"gold_gain":75,"player_choice":"Touch","damage_taken":8,"max_hp_gain":0,"max_hp_loss":0,"event_name":"FaceTrader","floor":47,"gold_loss":0}],"is_beta":false,"boss_relics":[{"not_picked":["Runic Pyramid","Runic Dome"],"picked":"Fusion Hammer"},{"not_picked":["HoveringKite","Pandora\u0027s Box","Velvet Choker"]}],"items_purged_floors":[4,37,53],"is_endless":false,"potions_floor_spawned":[1,6,11,23,25,27,30,38,41],"ascension_level":4}