{"gold_per_floor":[113,113,113,113,113,113,124,43,66,66,100,100,111,123,123,194,194,194,119,79,79,79,79,79,79,79,79,79,29,29,29,29,29,29,29,29,29,29,29,29,29],"floor_reached":41,"playtime":1732,"items_purged":["Defend_B"],"score":790,"play_id":"2a20af48-8427-4fa4-894e-aa5ea801a6a2","local_time":"20190210230925","is_ascension_mode":true,"campfire_choices":[{"floor":6,"key":"REST"},{"floor":10,"key":"REST"},{"data":"Zap","floor":12,"key":"SMITH"},{"floor":15,"key":"REST"},{"data":"Electrodynamics","floor":23,"key":"SMITH"},{"data":"J.A.X.","floor":28,"key":"SMITH"},{"floor":32,"key":"REST"},{"data":"Dark Shackles","floor":40,"key":"SMITH"}],"neow_cost":"NONE","seed_source_timestamp":1622066348294745,"circlet_count":0,"master_deck":["AscendersBane","Strike_B","Strike_B+1","Strike_B","Strike_B","Defend_B+1","Defend_B+1","Zap+1","Dualcast","Ball Lightning","Conserve Battery","Sweeping Beam","Genetic Algorithm","Core Surge+1","Ball Lightning","Cold Snap","Electrodynamics+1","Ball Lightning","J.A.X.+1","Finesse","Dark Shackles+1"],"relics":["Cracked Core","Blood Vial","Vajra","Juzu Bracelet","Dead Branch","Ectoplasm","Orichalcum","FossilizedHelix","Busted Crown","Gambling Chip"],"potions_floor_usage":[16,20,21,24,30,30,33,39],"damage_taken":[{"damage":9,"enemies":"Jaw Worm","floor":1,"turns":4},{"damage":0,"enemies":"Small Slimes","floor":7,"turns":2},{"damage":18,"enemies":"3 Sentries","floor":11,"turns":7},{"damage":0,"enemies":"2 Louse","floor":13,"turns":1},{"damage":9,"enemies":"Lots of Slimes","floor":14,"turns":3},{"damage":9,"enemies":"Slime Boss","floor":16,"turns":6},{"damage":1,"enemies":"Spheric Guardian","floor":18,"turns":3},{"damage":2,"enemies":"2 Thieves","floor":20,"turns":2},{"damage":0,"enemies":"Centurion and Healer","floor":21,"turns":5},{"damage":25,"enemies":"Slavers","floor":24,"turns":3},{"damage":0,"enemies":"Sentry and Sphere","floor":27,"turns":3},{"damage":12,"enemies":"Snake Plant","floor":30,"turns":2},{"damage":47,"enemies":"Collector","floor":33,"turns":7},{"damage":2,"enemies":"3 Shapes","floor":35,"turns":5},{"damage":0,"enemies":"Mind Bloom Boss Battle","floor":39,"turns":4},{"damage":90,"enemies":"Giant Head","floor":41,"turns":6}],"seed_played":"-6123329361520836835","potions_obtained":[{"floor":7,"key":"Poison Potion"},{"floor":14,"key":"EssenceOfSteel"},{"floor":16,"key":"PowerPotion"},{"floor":22,"key":"SpeedPotion"},{"floor":22,"key":"Block Potion"},{"floor":24,"key":"EssenceOfSteel"},{"floor":27,"key":"LiquidBronze"},{"floor":30,"key":"Weak Potion"},{"floor":35,"key":"Swift Potion"}],"is_trial":false,"path_per_floor":["M","?","?","?","?","R","M","$","T","R","E","R","M","M","R","B",null,"M","$","M","M","?","R","E","?","T","M","R","?","M","?","R","B",null,"M","?","?","$","?","R","E"],"character_chosen":"DEFECT","items_purchased":["Genetic Algorithm"],"campfire_rested":4,"item_purchase_floors":[8],"current_hp_per_floor":[57,62,36,13,13,35,37,37,37,59,43,43,45,38,60,53,70,71,71,71,73,73,73,50,50,50,52,52,52,42,57,76,29,64,64,64,59,59,61,61,0],"gold":29,"neow_bonus":"RANDOM_COMMON_RELIC","is_prod":false,"is_daily":false,"chose_seed":false,"campfire_upgraded":4,"win_rate":0,"timestamp":1549861765,"path_taken":["M","?","?","?","?","R","?","$","T","R","E","R","M","M","R","BOSS","M","$","M","M","?","R","E","?","T","M","R","?","M","?","R","BOSS","M","?","?","?","?","R","E"],"build_version":"2019-02-06","purchased_purges":1,"victory":false,"max_hp_per_floor":[71,76,76,76,76,76,76,76,76,76,76,76,76,76,76,76,76,76,76,76,76,76,76,76,76,76,76,76,76,76,76,76,76,76,76,76,76,76,76,76,76],"card_choices":[{"not_picked":["Chaos","Stack"],"picked":"Ball Lightning","floor":1},{"not_picked":["Stack","Genetic Algorithm"],"picked":"Sweeping Beam","floor":7},{"not_picked":["Streamline","Recycle"],"picked":"Core Surge","floor":11},{"not_picked":["Doom and Gloom","Coolheaded"],"picked":"Ball Lightning","floor":13},{"not_picked":["BootSequence","Coolheaded"],"picked":"Cold Snap","floor":14},{"not_picked":["Creative AI","Multi-Cast"],"picked":"Electrodynamics","floor":16},{"not_picked":["Chill","Hologram+1","Beam Cell"],"picked":"SKIP","floor":18},{"not_picked":["Redo","Beam Cell","Cold Snap+1"],"picked":"SKIP","floor":20},{"not_picked":["Conserve Battery","Sweeping Beam"],"picked":"Ball Lightning","floor":21},{"not_picked":["Reinforced Body","Doom and Gloom","Cold Snap"],"picked":"SKIP","floor":24},{"not_picked":["Hologram","Loop","Barrage"],"picked":"SKIP","floor":27},{"not_picked":["Sunder","Fusion+1","Hello World"],"picked":"SKIP","floor":30},{"not_picked":["Redo"],"picked":"SKIP","floor":35},{"not_picked":[],"picked":"Finesse","floor":37},{"not_picked":[],"picked":"Dark Shackles","floor":37}],"player_experience":801680,"relics_obtained":[{"floor":9,"key":"Juzu Bracelet"},{"floor":11,"key":"Dead Branch"},{"floor":24,"key":"Orichalcum"},{"floor":26,"key":"FossilizedHelix"},{"floor":39,"key":"Gambling Chip"}],"event_choices":[{"damage_healed":0,"gold_gain":0,"player_choice":"Donut","damage_taken":0,"max_hp_gain":5,"max_hp_loss":0,"event_name":"Big Fish","floor":2,"gold_loss":0},{"damage_healed":0,"gold_gain":0,"player_choice":"Success","damage_taken":26,"relics_obtained":["Vajra"],"max_hp_gain":0,"max_hp_loss":0,"event_name":"Scrap Ooze","floor":3,"gold_loss":0},{"damage_healed":0,"gold_gain":0,"player_choice":"Entered Light","damage_taken":23,"max_hp_gain":0,"max_hp_loss":0,"event_name":"Shining Light","floor":4,"gold_loss":0,"cards_upgraded":["Defend_B","Strike_B"]},{"damage_healed":0,"gold_gain":0,"player_choice":"1 cards matched","damage_taken":0,"max_hp_gain":0,"max_hp_loss":0,"event_name":"Match and Keep!","floor":5,"gold_loss":0,"cards_obtained":["Conserve Battery"]},{"damage_healed":0,"gold_gain":0,"player_choice":"Got Potions","damage_taken":0,"max_hp_gain":0,"max_hp_loss":0,"event_name":"Lab","floor":22,"gold_loss":0},{"damage_healed":0,"gold_gain":0,"player_choice":"Obtain J.A.X.","damage_taken":0,"max_hp_gain":0,"max_hp_loss":0,"event_name":"Drug Dealer","floor":25,"gold_loss":0,"cards_obtained":["J.A.X."]},{"damage_healed":0,"gold_gain":0,"player_choice":"Upgraded Two","damage_taken":0,"max_hp_gain":0,"max_hp_loss":0,"event_name":"Designer","floor":29,"gold_loss":50,"cards_upgraded":["Defend_B","Core Surge"]},{"damage_healed":15,"gold_gain":0,"player_choice":"Heal","damage_taken":0,"max_hp_gain":0,"max_hp_loss":0,"event_name":"The Library","floor":31,"gold_loss":0},{"cards_removed":["Defend_B"],"damage_healed":0,"gold_gain":0,"player_choice":"Removed Skill","damage_taken":0,"max_hp_gain":0,"max_hp_loss":0,"event_name":"Falling","floor":36,"gold_loss":0},{"damage_healed":0,"gold_gain":0,"player_choice":"Memory 2","damage_taken":5,"max_hp_gain":0,"max_hp_loss":0,"event_name":"SensoryStone","floor":37,"gold_loss":0},{"damage_healed":0,"gold_gain":0,"player_choice":"Fight","damage_taken":0,"max_hp_gain":0,"max_hp_loss":0,"event_name":"MindBloom","floor":39,"gold_loss":0}],"is_beta":true,"boss_relics":[{"not_picked":["Pandora\u0027s Box","Orrery"],"picked":"Ectoplasm"},{"not_picked":["Sozu","Eternal Feather"],"picked":"Busted Crown"}],"items_purged_floors":[19],"is_endless":false,"potions_floor_spawned":[7,14,16,18,24,27,30,35],"killed_by":"Giant Head","ascension_level":19}