{"gold_per_floor":[114,31,49,60,60,95,95,128,128,141,159,170,170,182,182,182],"floor_reached":16,"playtime":1114,"items_purged":[],"score":114,"play_id":"0da7b7d2-6af7-4e21-b5cb-9445ccbb40c5","local_time":"20190110145233","is_ascension_mode":false,"campfire_choices":[{"data":"Carnage","floor":13,"key":"SMITH"},{"data":"Immolate","floor":15,"key":"SMITH"}],"neow_cost":"NONE","seed_source_timestamp":1740941220335783,"circlet_count":0,"master_deck":["Strike_R","Strike_R","Strike_R","Strike_R","Strike_R","Defend_R+1","Defend_R","Defend_R+1","Defend_R","Bash","Shrug It Off","Burning Pact","True Grit","Shrug It Off","True Grit","Shrug It Off","Blood for Blood","Evolve","Carnage+1","Immolate+1"],"relics":["Burning Blood","NeowsBlessing","Pantograph","Matryoshka","War Paint","Meat on the Bone"],"potions_floor_usage":[6,8,10,16],"damage_taken":[{"damage":0,"enemies":"Cultist","floor":1,"turns":1},{"damage":0,"enemies":"Jaw Worm","floor":3,"turns":1},{"damage":0,"enemies":"2 Louse","floor":4,"turns":1},{"damage":55,"enemies":"Lagavulin","floor":6,"turns":9},{"damage":49,"enemies":"3 Sentries","floor":8,"turns":18},{"damage":5,"enemies":"Exordium Wildlife","floor":10,"turns":8},{"damage":2,"enemies":"Looter","floor":11,"turns":4},{"damage":8,"enemies":"Blue Slaver","floor":12,"turns":6},{"damage":0,"enemies":"3 Louse","floor":14,"turns":5},{"damage":102,"enemies":"The Guardian","floor":16,"turns":13}],"seed_played":"-6375551531564958730","potions_obtained":[{"floor":3,"key":"BloodPotion"},{"floor":4,"key":"Fire Potion"},{"floor":8,"key":"Fire Potion"},{"floor":12,"key":"Block Potion"}],"is_trial":false,"path_per_floor":["M","$","M","M","?","E","?","E","T","M","M","M","R","M","R","B"],"character_chosen":"IRONCLAD","items_purchased":["Burning Pact","True Grit"],"campfire_rested":0,"item_purchase_floors":[2,2],"current_hp_per_floor":[80,80,80,80,80,31,57,22,22,35,51,49,49,55,55,0],"gold":182,"neow_bonus":"THREE_ENEMY_KILL","is_prod":false,"is_daily":false,"chose_seed":false,"campfire_upgraded":2,"win_rate":0,"timestamp":1547160753,"path_taken":["M","?","M","?","?","E","?","E","T","M","M","M","R","M","R","BOSS"],"build_version":"2019-01-03v4","purchased_purges":0,"victory":false,"max_hp_per_floor":[80,80,80,80,80,80,80,80,80,80,80,80,80,80,80,80],"card_choices":[{"not_picked":["Headbutt","Power Through"],"picked":"Shrug It Off","floor":1},{"not_picked":["Warcry","Demon Form"],"picked":"Shrug It Off","floor":3},{"not_picked":["Warcry","Intimidate"],"picked":"True Grit","floor":4},{"not_picked":["Thunderclap","Barricade"],"picked":"Shrug It Off","floor":6},{"not_picked":["Shrug It Off","Flex"],"picked":"Blood for Blood","floor":8},{"not_picked":["Seeing Red","Armaments"],"picked":"Evolve","floor":10},{"not_picked":["Fire Breathing","Sword Boomerang","Heavy Blade"],"picked":"SKIP","floor":11},{"not_picked":["Pummel","Iron Wave"],"picked":"Carnage","floor":12},{"not_picked":["Corruption","Twin Strike"],"picked":"Immolate","floor":14}],"player_experience":100651,"relics_obtained":[{"floor":6,"key":"Pantograph"},{"floor":8,"key":"Matryoshka"},{"floor":9,"key":"War Paint"},{"floor":9,"key":"Meat on the Bone"}],"event_choices":[{"damage_healed":0,"gold_gain":0,"player_choice":"Ignored","damage_taken":0,"max_hp_gain":0,"max_hp_loss":0,"event_name":"Liars Game","floor":5,"gold_loss":0},{"damage_healed":26,"gold_gain":0,"player_choice":"Banana","damage_taken":0,"max_hp_gain":0,"max_hp_loss":0,"event_name":"Big Fish","floor":7,"gold_loss":0}],"is_beta":false,"boss_relics":[],"items_purged_floors":[],"is_endless":false,"potions_floor_spawned":[3,4,8,12],"killed_by":"The Guardian","ascension_level":0}