{"gold_per_floor":[112,128,148,162,175,175,204,204,204,238,250,281,297,46,46,141,141,159,174,188,188,188,188],"floor_reached":23,"playtime":2714,"items_purged":["Defend_B"],"score":237,"play_id":"000d788e-2635-4cc4-a8c7-a5df97aee840","local_time":"20180628110529","is_ascension_mode":true,"campfire_choices":[{"data":"Genetic Algorithm","floor":6,"key":"SMITH"},{"floor":8,"key":"REST"},{"data":"Defragment","floor":15,"key":"SMITH"}],"neow_cost":"","seed_source_timestamp":134194165366360,"circlet_count":0,"master_deck":["Strike_B","Strike_B","Strike_B","Strike_B","Defend_B","Defend_B","Defend_B","Zap","Dualcast","Defragment+1","Genetic Algorithm+1","Go for the Eyes","Cold Snap","Beam Cell","Machine Learning","Chill","Recycle","Chill","Loop","Multi-Cast","Undo","All For One"],"relics":["Cracked Core","Dream Catcher","Calipers","Dead Branch","Torii","Inserter"],"potions_floor_usage":[7,10,13,16,16],"damage_taken":[{"damage":1,"enemies":"Cultist","floor":1,"turns":3},{"damage":3,"enemies":"2 Louse","floor":2,"turns":3},{"damage":2,"enemies":"Jaw Worm","floor":3,"turns":4},{"damage":24,"enemies":"Exordium Thugs","floor":4,"turns":5},{"damage":7,"enemies":"Looter","floor":5,"turns":4},{"damage":15,"enemies":"3 Sentries","floor":7,"turns":7},{"damage":9,"enemies":"Gremlin Nob","floor":10,"turns":4},{"damage":0,"enemies":"Blue Slaver","floor":11,"turns":5},{"damage":2,"enemies":"Lagavulin","floor":12,"turns":8},{"damage":7,"enemies":"2 Fungi Beasts","floor":13,"turns":4},{"damage":13,"enemies":"The Guardian","floor":16,"turns":13},{"damage":23,"enemies":"Spheric Guardian","floor":18,"turns":5},{"damage":11,"enemies":"Shell Parasite","floor":19,"turns":9},{"damage":14,"enemies":"Snecko","floor":20,"turns":6},{"damage":24,"enemies":"Gremlin Leader","floor":23,"turns":8}],"seed_played":"1040046436165365985","potions_obtained":[{"floor":1,"key":"Swift Potion"},{"floor":2,"key":"Swift Potion"},{"floor":5,"key":"PowerPotion"},{"floor":10,"key":"Regen Potion"},{"floor":12,"key":"SteroidPotion"}],"is_trial":false,"path_per_floor":["M","M","M","M","M","R","E","R","T","E","M","E","M","$","R","B",null,"M","M","M","?","?"],"character_chosen":"DEFECT","items_purchased":["Recycle","Chill","Loop"],"campfire_rested":1,"item_purchase_floors":[14,14,14],"current_hp_per_floor":[74,71,69,45,38,38,23,45,45,43,43,41,43,43,43,30,75,52,48,34,20,20,0],"gold":188,"neow_bonus":"","is_prod":false,"is_daily":false,"chose_seed":false,"campfire_upgraded":2,"win_rate":0,"timestamp":1530201929,"path_taken":["M","M","M","M","M","R","E","R","T","E","M","E","M","$","R","BOSS","M","M","M","?","?","E"],"build_version":"2018-06-27","purchased_purges":1,"victory":false,"max_hp_per_floor":[75,75,75,75,75,75,75,75,75,75,75,75,75,75,75,75,75,75,75,75,80,80,80],"card_choices":[{"not_picked":["Barrage","Doom and Gloom"],"picked":"Defragment","floor":1},{"not_picked":["Force Field","Consume"],"picked":"Genetic Algorithm","floor":2},{"not_picked":["Heatsinks","Streamline"],"picked":"Go for the Eyes","floor":3},{"not_picked":["Chaos","Turbo"],"picked":"Cold Snap","floor":4},{"not_picked":["Skim","BootSequence"],"picked":"Beam Cell","floor":5},{"not_picked":["Barrage","Compile Driver"],"picked":"Machine Learning","floor":7},{"not_picked":["Gash","Conserve Battery"],"picked":"Chill","floor":8},{"not_picked":["Compile Driver","Sweeping Beam"],"picked":"Auto Shields","floor":10},{"not_picked":["Steam Power","Steam","Redo"],"picked":"SKIP","floor":11},{"not_picked":["Stack","Hologram","Rebound"],"picked":"SKIP","floor":12},{"not_picked":["Sunder","Hello World","Chaos"],"picked":"SKIP","floor":13},{"not_picked":["Thunder Strike","Meteor Strike"],"picked":"Multi-Cast","floor":16},{"not_picked":["Turbo+1","Coolheaded","Steam"],"picked":"SKIP","floor":18},{"not_picked":["FTL","Sunder"],"picked":"Undo","floor":19},{"not_picked":["Beam Cell+1","Steam","Genetic Algorithm"],"picked":"SKIP","floor":20}],"player_experience":143630,"relics_obtained":[{"floor":7,"key":"Dream Catcher"},{"floor":9,"key":"Calipers"},{"floor":10,"key":"Dead Branch"},{"floor":12,"key":"Torii"}],"event_choices":[{"event_name":"Forgotten Altar","player_choice":"Shed Blood","floor":21,"damage_taken":0},{"event_name":"Transmorgrifier","player_choice":"Transform","floor":22,"damage_taken":0}],"boss_relics":[{"not_picked":["Philosopher\u0027s Stone","Sozu"],"picked":"Inserter"}],"items_purged_floors":[14],"is_endless":false,"potions_floor_spawned":[1,2,5,10,12],"killed_by":"Gremlin Leader","ascension_level":2}