{"path_per_floor":["M","?","?","$","?","R","E","M","T","M","R","$","M","M","R","B",null,"M","$","?","$","?","E","R","E","T","$","?","M","M","M","R"],"character_chosen":"IRONCLAD","items_purchased":["Flex","Double Tap","Infernal Blade","Blood for Blood"],"gold_per_floor":[109,109,59,32,207,207,234,251,275,293,293,42,52,71,71,173,173,190,90,90,18,18,48,48,78,78,28,62,79,94,110,110,110],"floor_reached":33,"campfire_rested":4,"playtime":2164,"item_purchase_floors":[4,12,12,21],"current_hp_per_floor":[80,80,80,80,80,80,55,55,55,56,80,80,76,68,80,15,80,61,61,61,61,61,29,53,43,43,43,14,46,40,9,33,0],"items_purged":["Defend_R","Doubt","Strike_R"],"gold":110,"score":283,"play_id":"c8e4e23b-5ca4-44df-825f-df2c276c4fad","local_time":"20180604180803","is_prod":false,"is_daily":false,"chose_seed":false,"is_ascension_mode":false,"campfire_upgraded":1,"win_rate":0,"timestamp":1528150083,"campfire_choices":[{"data":"Inflame","floor":6,"key":"SMITH"},{"floor":11,"key":"REST"},{"floor":15,"key":"REST"},{"floor":24,"key":"REST"},{"floor":32,"key":"REST"}],"path_taken":["M","?","?","$","?","R","E","?","T","M","R","$","M","M","R","BOSS","M","$","?","$","?","E","R","E","T","?","?","M","M","?","R","BOSS"],"build_version":"2018-05-31","seed_source_timestamp":344014381675474,"purchased_purges":3,"victory":false,"master_deck":["Strike_R","Strike_R","Strike_R","Strike_R","Defend_R+1","Bash","Inflame+1","Flex+1","Warcry","Pommel Strike","Pommel Strike","Double Tap+1","Infernal Blade","Armaments","Flex","Feed","Wild Strike","Blood for Blood","Heavy Blade","Shrug It Off+1","Heavy Blade","Perfected Strike","Anger+1","Armaments+1"],"max_hp_per_floor":[80,80,80,80,80,80,80,80,80,80,80,80,80,80,80,80,80,80,80,80,80,80,80,80,80,80,80,80,80,83,83,83,83],"relics":["Burning Blood","Bronze Scales","Ancient Tea Set","War Paint","Lizard Tail","The Courier","Smiling Mask","Pantograph","Gremlin Horn","Red Mask"],"card_choices":[{"not_picked":["Twin Strike","True Grit"],"picked":"Inflame","floor":1},{"not_picked":["Havoc","True Grit"],"picked":"Warcry","floor":7},{"not_picked":["Anger","Blood for Blood"],"picked":"Pommel Strike","floor":8},{"not_picked":["Sword Boomerang","Intimidate"],"picked":"Pommel Strike","floor":10},{"not_picked":["Body Slam","Wild Strike"],"picked":"Armaments","floor":13},{"not_picked":["Barricade","Flame Barrier"],"picked":"Flex","floor":14},{"not_picked":["Berserk","Immolate"],"picked":"Feed","floor":16},{"not_picked":["Iron Wave","Seeing Red"],"picked":"Wild Strike","floor":18},{"not_picked":["Intimidate","Flex"],"picked":"Heavy Blade","floor":23},{"not_picked":["Body Slam+1","Dual Wield"],"picked":"Shrug It Off+1","floor":25},{"not_picked":["Pommel Strike","Iron Wave"],"picked":"Heavy Blade","floor":28},{"not_picked":["True Grit","Warcry"],"picked":"Perfected Strike","floor":29},{"not_picked":["Sword Boomerang+1","Headbutt"],"picked":"Anger+1","floor":30},{"not_picked":["Combust","Clash"],"picked":"Armaments+1","floor":31}],"player_experience":343609,"potions_floor_usage":[16,16,16,25,33,33],"damage_taken":[{"damage":1,"enemies":"Jaw Worm","floor":1,"turns":4},{"damage":31,"enemies":"Lagavulin","floor":7,"turns":5},{"damage":6,"enemies":"Cultist","floor":8,"turns":2},{"damage":5,"enemies":"Small Slimes","floor":10,"turns":3},{"damage":10,"enemies":"3 Louse","floor":13,"turns":2},{"damage":14,"enemies":"Blue Slaver","floor":14,"turns":3},{"damage":79,"enemies":"The Guardian","floor":16,"turns":10},{"damage":25,"enemies":"Spheric Guardian","floor":18,"turns":4},{"damage":38,"enemies":"Book of Stabbing","floor":23,"turns":4},{"damage":16,"enemies":"Gremlin Leader","floor":25,"turns":6},{"damage":35,"enemies":"Masked Bandits","floor":28,"turns":5},{"damage":23,"enemies":"Shell Parasite","floor":29,"turns":4},{"damage":15,"enemies":"Snake Plant","floor":30,"turns":3},{"damage":37,"enemies":"Snecko","floor":31,"turns":5},{"damage":82,"enemies":"Collector","floor":33,"turns":6}],"relics_obtained":[{"floor":7,"key":"Ancient Tea Set"},{"floor":9,"key":"War Paint"},{"floor":23,"key":"Smiling Mask"},{"floor":25,"key":"Pantograph"},{"floor":26,"key":"Gremlin Horn"},{"floor":28,"key":"Red Mask"}],"event_choices":[{"event_name":"Purifier","player_choice":"One Purge","floor":2,"damage_taken":0},{"event_name":"The Cleric","player_choice":"Card Removal","floor":3,"damage_taken":0},{"event_name":"Liars Game","player_choice":"agreed","floor":5,"damage_taken":0},{"event_name":"Accursed Blacksmith","player_choice":"Forge","floor":20,"damage_taken":0},{"event_name":"The Mausoleum","player_choice":"Yes","floor":22,"damage_taken":0},{"event_name":"Masked Bandits","player_choice":"Fought over 28 gold","floor":28,"damage_taken":0}],"boss_relics":[{"not_picked":["Eternal Feather","Mark of Pain"],"picked":"Lizard Tail"}],"items_purged_floors":[12,19,27],"potions_floor_spawned":[8,13,14,23,30,31],"seed_played":"-8659968376990536180","killed_by":"Collector","ascension_level":0,"potions_obtained":[{"floor":8,"key":"Dexterity Potion"},{"floor":13,"key":"SteroidPotion"},{"floor":14,"key":"BloodPotion"},{"floor":23,"key":"LiquidBronze"},{"floor":30,"key":"Explosive Potion"},{"floor":31,"key":"Strength Potion"}],"is_trial":false}