{"gold_per_floor":[115,133,42,42,317,317,330,330,354,354,371,371,385,404,404,500,500,518,120,120,66,81,81,81,81,81,81,101,101],"floor_reached":29,"playtime":4607,"items_purged":["Regret"],"score":213,"play_id":"e29558b1-39b5-445c-9396-02627fc032f5","local_time":"20190212171355","is_ascension_mode":false,"campfire_choices":[{"data":"Zap","floor":6.0,"key":"SMITH"},{"data":"Darkness","floor":8.0,"key":"SMITH"},{"data":"Lockon","floor":12.0,"key":"SMITH"},{"floor":15.0,"key":"REST"},{"data":"Chaos","floor":23,"key":"SMITH"},{"data":"Self Repair","floor":25,"key":"SMITH"},{"data":"Dualcast","floor":27,"key":"SMITH"}],"neow_cost":"NONE","seed_source_timestamp":12325129370043,"circlet_count":0,"master_deck":["Strike_B","Strike_B","Strike_B","Defend_B","Defend_B","Defend_B","Defend_B","Zap+1","Dualcast+1","Leap","Chaos+1","Cold Snap","Darkness+1","Lockon+1","Self Repair+1","Cold Snap","Coolheaded","Seek","Reinforced Body","Loop+1","Necronomicurse","Leap","Coolheaded","Lockon+1"],"special_seed":0,"relics":["Cracked Core","Regal Pillow","Pen Nib","Cables","Sozu","Frozen Egg 2","Necronomicon","Centennial Puzzle"],"potions_floor_usage":[],"damage_taken":[{"damage":0.0,"enemies":"Jaw Worm","floor":1.0,"turns":4.0},{"damage":0.0,"enemies":"Cultist","floor":2.0,"turns":4.0},{"damage":7.0,"enemies":"Small Slimes","floor":7.0,"turns":3.0},{"damage":7.0,"enemies":"Exordium Wildlife","floor":11.0,"turns":3.0},{"damage":24.0,"enemies":"Exordium Thugs","floor":13.0,"turns":5.0},{"damage":8.0,"enemies":"Blue Slaver","floor":14.0,"turns":3.0},{"damage":31.0,"enemies":"The Guardian","floor":16.0,"turns":8.0},{"damage":8.0,"enemies":"Shell Parasite","floor":18.0,"turns":4.0},{"damage":8,"enemies":"3 Byrds","floor":22,"turns":4},{"damage":7,"enemies":"Snake Plant","floor":28,"turns":4},{"damage":74,"enemies":"Gremlin Leader","floor":29,"turns":8}],"seed_played":"3551654221896233384","potions_obtained":[{"floor":2.0,"key":"Block Potion"},{"floor":7.0,"key":"Dexterity Potion"},{"floor":11.0,"key":"SkillPotion"},{"floor":14.0,"key":"GamblersBrew"}],"is_trial":false,"path_per_floor":["M","M","$","?","?","R","M","R","T","T","M","R","M","M","R","B",null,"M","$","?","$","M","R","?","R","T","R","M","E"],"character_chosen":"DEFECT","items_purchased":["Cold Snap","Darkness","Frozen Egg 2","Loop+1","Leap"],"campfire_rested":1,"item_purchase_floors":[3,3,19,19,21],"current_hp_per_floor":[75,75,75,68,68,68,61,61,61,61,54,54,37,36,73,49,75,74,74,58,58,57,57,57,57,57,57,60,0],"gold":101,"neow_bonus":"RANDOM_COMMON_RELIC","is_prod":false,"is_daily":false,"chose_seed":false,"campfire_upgraded":6,"win_rate":0,"timestamp":1550013235,"path_taken":["M","M","$","?","?","R","?","R","T","?","M","R","M","M","R","BOSS","M","$","?","$","M","R","?","R","T","R","M","E"],"build_version":"2019-01-23","purchased_purges":1,"victory":false,"max_hp_per_floor":[75,75,75,75,75,75,75,75,75,75,75,75,75,75,75,75,75,75,75,75,75,75,75,75,75,75,75,75,75],"card_choices":[{"not_picked":["Genetic Algorithm","Static Discharge"],"picked":"Leap","floor":1.0},{"not_picked":["Stack","Steam"],"picked":"Chaos","floor":2.0},{"not_picked":["Cold Snap","White Noise"],"picked":"Lockon","floor":7.0},{"not_picked":["Go for the Eyes","Beam Cell"],"picked":"Self Repair","floor":11.0},{"not_picked":["FTL","Heatsinks"],"picked":"Cold Snap","floor":13.0},{"not_picked":["Auto Shields","Skim"],"picked":"Coolheaded","floor":14.0},{"not_picked":["Amplify","Thunder Strike"],"picked":"Seek","floor":16.0},{"not_picked":["Gash","Stack"],"picked":"Reinforced Body","floor":18.0},{"not_picked":["Streamline+1","Sunder"],"picked":"Coolheaded","floor":22},{"not_picked":["Steam","Glacier"],"picked":"Lockon+1","floor":28}],"player_experience":791651,"relics_obtained":[{"floor":9.0,"key":"Pen Nib"},{"floor":10.0,"key":"Cables"},{"floor":20,"key":"Necronomicon"},{"floor":26,"key":"Centennial Puzzle"}],"event_choices":[{"cards_removed":["Strike_B"],"damage_healed":0.0,"max_hp_gain":0.0,"max_hp_loss":0.0,"gold_gain":0.0,"event_name":"Golden Wing","player_choice":"Card Removal","floor":4.0,"gold_loss":0.0,"damage_taken":7.0},{"damage_healed":0.0,"max_hp_gain":0.0,"max_hp_loss":0.0,"gold_gain":275.0,"event_name":"Golden Shrine","player_choice":"Desecrate","floor":5.0,"gold_loss":0.0,"damage_taken":0.0,"cards_obtained":["Regret"]},{"damage_healed":0,"gold_gain":0,"player_choice":"Obtained Book","damage_taken":16,"max_hp_gain":0,"max_hp_loss":0,"event_name":"Cursed Tome","floor":20,"gold_loss":0},{"damage_healed":0,"gold_gain":0,"player_choice":"Ignored","damage_taken":0,"max_hp_gain":0,"max_hp_loss":0,"event_name":"Ghosts","floor":24,"gold_loss":0}],"is_beta":false,"boss_relics":[{"not_picked":["Eternal Feather","Snecko Eye"],"picked":"Sozu"}],"items_purged_floors":[19],"is_endless":false,"potions_floor_spawned":[2,7,11,14,18,22,28],"killed_by":"Gremlin Leader","ascension_level":0}