{"gold_per_floor":[115,126,146,146,165,165,69,84,84,102,102,27,27,202,202,299,299,271,124,124,124,134,134,82,92,92,92,92,11,11,11],"floor_reached":31,"playtime":1421,"items_purged":["Strike_G","Doubt"],"score":223,"play_id":"2dfc1161-9045-4b67-9627-a7541b444bcd","local_time":"20180815170205","is_ascension_mode":false,"campfire_choices":[{"data":"Adrenaline","floor":6,"key":"SMITH"},{"data":"Catalyst","floor":13,"key":"SMITH"},{"data":"Noxious Fumes","floor":15,"key":"SMITH"},{"data":"Footwork","floor":23,"key":"SMITH"},{"floor":28,"key":"REST"}],"neow_cost":"PERCENT_DAMAGE","seed_source_timestamp":8830424282357,"circlet_count":0,"master_deck":["Defend_G","Defend_G","Defend_G","Defend_G","Defend_G","Strike_G","Strike_G","Strike_G","Strike_G","Survivor","Neutralize","Adrenaline+1","Outmaneuver","Crippling Poison","Catalyst+1","Deflect","Noxious Fumes+1","Acrobatics","Poisoned Stab","Quick Slash","Flechettes","Doppelganger","Acrobatics","Cloak And Dagger","Footwork+1","Backflip","Outmaneuver","Crippling Poison"],"relics":["Ring of the Snake"],"potions_floor_usage":[],"damage_taken":[{"damage":1,"enemies":"Cultist","floor":1,"turns":5},{"damage":0,"enemies":"Small Slimes","floor":2,"turns":4},{"damage":0,"enemies":"2 Louse","floor":3,"turns":2},{"damage":0,"enemies":"Red Slaver","floor":5,"turns":4},{"damage":7,"enemies":"Blue Slaver","floor":8,"turns":5},{"damage":3,"enemies":"Looter","floor":10,"turns":3},{"damage":20,"enemies":"The Guardian","floor":16,"turns":7},{"damage":17,"enemies":"2 Thieves","floor":18,"turns":5},{"damage":22,"enemies":"Spheric Guardian","floor":22,"turns":6},{"damage":12,"enemies":"Snecko","floor":25,"turns":7},{"damage":16,"enemies":"Centurion and Healer","floor":31,"turns":7}],"seed_played":"1405954369689384805","potions_obtained":[{"floor":5,"key":"LiquidBronze"},{"floor":16,"key":"Explosive Potion"},{"floor":18,"key":"Weak Potion"},{"floor":30,"key":"Fire Potion"},{"floor":30,"key":"GhostInAJar"}],"is_trial":false,"path_per_floor":["M","M","M","?","M","R","$","M","T","M","?","$","R","?","R","B",null,"M","$","?","?","M","R","$","M","T","T","R","$","?"],"character_chosen":"THE_SILENT","items_purchased":["Noxious Fumes","Acrobatics","Cloak And Dagger","Backflip","Crippling Poison"],"campfire_rested":1,"item_purchase_floors":[7,7,19,24,29],"current_hp_per_floor":[48,48,48,48,48,48,48,41,41,38,38,38,38,38,38,18,70,53,53,53,53,31,31,31,19,19,19,40,40,40,24],"gold":11,"neow_bonus":"THREE_RARE_CARDS","is_prod":false,"is_daily":false,"chose_seed":false,"campfire_upgraded":4,"win_rate":0,"timestamp":1534318325,"path_taken":["M","M","M","?","M","R","$","M","T","M","?","$","R","?","R","BOSS","M","?","?","?","M","R","?","M","T","?","R","$","?","M"],"build_version":"2018-08-09","purchased_purges":2,"victory":false,"max_hp_per_floor":[70,70,70,70,70,70,70,70,70,70,70,70,70,70,70,70,70,70,70,70,70,70,70,70,70,70,70,70,70,70,70],"card_choices":[{"not_picked":["A Thousand Cuts","Glass Knife"],"picked":"Adrenaline","floor":0},{"not_picked":["Deadly Poison","Dagger Spray"],"picked":"Outmaneuver","floor":1},{"not_picked":["Masterful Stab","Dagger Throw"],"picked":"Crippling Poison","floor":2},{"not_picked":["Bane","Flying Knee"],"picked":"Catalyst","floor":3},{"not_picked":["Skewer","Underhanded Strike"],"picked":"Deflect","floor":5},{"not_picked":["Slice","Dagger Spray"],"picked":"Poisoned Stab","floor":8},{"not_picked":["Heel Hook","Accuracy"],"picked":"Quick Slash","floor":10},{"not_picked":["Die Die Die","Unload"],"picked":"Doppelganger","floor":16},{"not_picked":["Quick Slash","Expertise+1"],"picked":"Acrobatics","floor":18},{"not_picked":["Slice+1","Well Laid Plans"],"picked":"Footwork","floor":22},{"not_picked":["Dodge and Roll","Infinite Blades+1"],"picked":"Outmaneuver","floor":25}],"player_experience":358804,"relics_obtained":[],"event_choices":[{"event_name":"Golden Idol","player_choice":"Ignored","floor":4,"damage_taken":0},{"event_name":"Match and Keep!","player_choice":"1 cards matched","floor":11,"damage_taken":0},{"event_name":"Liars Game","player_choice":"agreed","floor":14,"damage_taken":0},{"event_name":"Cursed Tome","player_choice":"Ignored","floor":20,"damage_taken":0},{"event_name":"Ghosts","player_choice":"Ignored","floor":21,"damage_taken":0},{"event_name":"The Lab","player_choice":"Got Potions","floor":30,"damage_taken":0}],"is_beta":false,"boss_relics":[{"not_picked":["Empty Cage","Ectoplasm","Tiny House"]}],"items_purged_floors":[12,19],"is_endless":false,"potions_floor_spawned":[5,16,18],"killed_by":"Centurion and Healer","ascension_level":0}