{"path_per_floor":["M","M","M","?","M","R","M","M","T","M","R","$","M","T","R","B",null,"M","?","$","?","T","R","T","R","T","M","M","?","M"],"character_chosen":"THE_SILENT","items_purchased":["Accuracy","Adrenaline","Dash","Noxious Fumes","Storm of Steel"],"gold_per_floor":[112,122,135,135,151,151,167,183,259,273,273,46,65,65,65,194,194,214,214,33,33,33,33,33,33,82,101,122,122,143,143],"floor_reached":31,"campfire_rested":2,"playtime":1401,"item_purchase_floors":[12,12,12,20,20],"current_hp_per_floor":[68,67,67,50,50,70,70,43,43,43,43,43,40,40,61,57,75,75,75,75,75,75,75,75,75,75,56,51,51,15,0],"items_purged":[],"gold":143,"score":275,"play_id":"6ada2e61-713c-4730-a505-20e01c6a4222","local_time":"20180622115212","is_prod":false,"is_daily":false,"chose_seed":false,"is_ascension_mode":true,"campfire_upgraded":3,"win_rate":0,"timestamp":1529682732,"campfire_choices":[{"floor":6,"key":"REST"},{"data":"Infinite Blades","floor":11,"key":"SMITH"},{"floor":15,"key":"REST"},{"data":"Noxious Fumes","floor":23,"key":"SMITH"},{"data":"Adrenaline","floor":25,"key":"SMITH"}],"path_taken":["M","M","M","?","M","R","?","M","T","M","R","$","M","?","R","BOSS","M","?","$","?","?","R","?","R","T","M","M","?","M","?"],"build_version":"2018-06-21","seed_source_timestamp":720615524450954,"purchased_purges":0,"circlet_count":0,"victory":false,"master_deck":["Defend_G","Defend_G","Defend_G","Defend_G","Defend_G","Strike_G","Strike_G","Strike_G","Strike_G","Strike_G","Survivor","Neutralize","Cloak And Dagger","Dagger Spray","Terror","Predator","Blur","Blur","Infinite Blades+1","Accuracy","Adrenaline+1","Dash","Accuracy","Tools of the Trade","Jack Of All Trades","Noxious Fumes+1","Storm of Steel","Pain","Regret","Noxious Fumes+1","Escape Plan+1"],"max_hp_per_floor":[70,70,70,70,70,70,70,70,70,70,70,70,70,70,70,75,75,75,75,75,75,75,75,75,75,75,75,75,75,75,75],"relics":["Ring of the Snake","Golden Idol","Ninja Scroll","Bird Faced Urn","Cursed Key","Toxic Egg 2","Bottled Lightning","Snake Skull"],"card_choices":[{"not_picked":["Outmaneuver","Dagger Spray"],"picked":"Cloak And Dagger","floor":1},{"not_picked":["Slice","Flying Knee"],"picked":"Dagger Spray","floor":2},{"not_picked":["Dodge and Roll","Deadly Poison"],"picked":"Terror","floor":3},{"not_picked":["Flechettes","Deadly Poison"],"picked":"Predator","floor":5},{"not_picked":["Bane","Prepared"],"picked":"Blur","floor":7},{"not_picked":["Slice","Bouncing Flask"],"picked":"Blur","floor":8},{"not_picked":["Setup","Dagger Throw"],"picked":"Infinite Blades","floor":10},{"not_picked":["Underhanded Strike","Dodge and Roll"],"picked":"Accuracy","floor":13},{"not_picked":["Grand Finale","Glass Knife"],"picked":"Tools of the Trade","floor":16},{"not_picked":["Slice","Sucker Punch","Dagger Spray+1"],"picked":"SKIP","floor":18},{"not_picked":["Bouncing Flask+1","Backstab+1"],"picked":"Noxious Fumes+1","floor":27},{"not_picked":["Catalyst+1","Dagger Spray"],"picked":"Escape Plan+1","floor":28},{"not_picked":["Poisoned Stab","Calculated Gamble+1","Distraction+1"],"picked":"SKIP","floor":30}],"player_experience":708588,"potions_floor_usage":[16,16,30],"damage_taken":[{"damage":2,"enemies":"Small Slimes","floor":1,"turns":4},{"damage":1,"enemies":"2 Louse","floor":2,"turns":4},{"damage":0,"enemies":"Cultist","floor":3,"turns":5},{"damage":0,"enemies":"Exordium Wildlife","floor":5,"turns":3},{"damage":0,"enemies":"2 Fungi Beasts","floor":7,"turns":3},{"damage":27,"enemies":"Exordium Thugs","floor":8,"turns":5},{"damage":0,"enemies":"3 Louse","floor":10,"turns":3},{"damage":3,"enemies":"Looter","floor":13,"turns":2},{"damage":17,"enemies":"Slime Boss","floor":16,"turns":9},{"damage":0,"enemies":"Spheric Guardian","floor":18,"turns":4},{"damage":23,"enemies":"Shell Parasite","floor":27,"turns":4},{"damage":17,"enemies":"Chosen and Byrds","floor":28,"turns":4},{"damage":44,"enemies":"Snake Plant","floor":30,"turns":4},{"damage":19,"enemies":"Centurion and Healer","floor":31,"turns":2}],"relics_obtained":[{"floor":9,"key":"Ninja Scroll"},{"floor":14,"key":"Bird Faced Urn"},{"floor":22,"key":"Toxic Egg 2"},{"floor":24,"key":"Bottled Lightning"},{"floor":26,"key":"Snake Skull"}],"event_choices":[{"event_name":"Golden Idol","player_choice":"Take Damage","floor":4,"damage_taken":0},{"event_name":"Match and Keep!","player_choice":"1 cards matched","floor":19,"damage_taken":0},{"event_name":"Drug Dealer","player_choice":"Ignored","floor":21,"damage_taken":0},{"event_name":"Purifier","player_choice":"One Purge","floor":29,"damage_taken":0}],"boss_relics":[{"not_picked":["Fusion Hammer","Astrolabe"],"picked":"Cursed Key"}],"items_purged_floors":[],"is_endless":false,"potions_floor_spawned":[5,13,27],"seed_played":"2456241065290139919","killed_by":"Centurion and Healer","ascension_level":4,"potions_obtained":[{"floor":5,"key":"Fruit Juice"},{"floor":13,"key":"PowerPotion"},{"floor":27,"key":"Poison Potion"}],"is_trial":false}