{"gold_per_floor":[113,188,188,203,39,68,68,97,97,107,117,129,129,147,147,251,251,262,29,29,47,47,47,47,58,58,58,91,91,107,119,119,214,264,279,289,63,77,89,114,114,140,218,218,232,232,287,287,287,287,287,287,29,58,58],"floor_reached":55,"playtime":3673,"items_purged":["Shame"],"score":837,"play_id":"a9b50dce-0c32-4ecf-97a8-7c2260c3285e","local_time":"20181210092919","is_ascension_mode":false,"campfire_choices":[{"floor":13,"key":"REST"},{"floor":15,"key":"REST"},{"floor":23,"key":"RECALL"},{"floor":27,"key":"REST"},{"floor":32,"key":"REST"},{"floor":41,"key":"REST"},{"floor":44,"key":"REST"},{"floor":46,"key":"REST"},{"floor":49,"key":"REST"},{"floor":52,"key":"REST"}],"neow_cost":"NONE","seed_source_timestamp":0,"circlet_count":0,"master_deck":["Zap","Dualcast","Cold Snap","Biased Cognition","Glacier","Doom and Gloom","Coolheaded","Loop","Sunder","Blizzard","Defragment","Conserve Battery","Rebound","Leap","Core Surge","Self Repair","Recycle","Sweeping Beam","Glacier","Chill","Cold Snap","Machine Learning","Melter+1","Compile Driver","Hologram+1","Steam+1","Glacier","Seek","Redo","Stack+1","Blizzard+1","Coolheaded","Coolheaded+1","Coolheaded","Seek","Mind Blast","Blizzard","Static Discharge","Conserve Battery"],"special_seed":0,"relics":["Fusion Hammer","Unceasing Top","Letter Opener","The Courier","Pandora\u0027s Box","Torii","Lantern","Dead Branch","Gremlin Horn","FaceOfCleric","Tiny House","DataDisk","Blood Vial","Bag of Marbles","Nunchaku","Vajra"],"potions_floor_usage":[6,12,15,30,31,33,33,38,38,39,39,42,50,50,55,55,55],"damage_taken":[{"damage":6,"enemies":"Jaw Worm","floor":1,"turns":4},{"damage":0,"enemies":"2 Louse","floor":4,"turns":2},{"damage":8,"enemies":"Gremlin Nob","floor":6,"turns":5},{"damage":14,"enemies":"3 Sentries","floor":8,"turns":5},{"damage":0,"enemies":"Cultist","floor":10,"turns":3},{"damage":13,"enemies":"Blue Slaver","floor":11,"turns":4},{"damage":1,"enemies":"Gremlin Gang","floor":12,"turns":3},{"damage":0,"enemies":"Large Slime","floor":14,"turns":5},{"damage":11,"enemies":"The Guardian","floor":16,"turns":15},{"damage":8,"enemies":"Chosen","floor":18,"turns":6},{"damage":11,"enemies":"3 Byrds","floor":21,"turns":8},{"damage":0,"enemies":"Centurion and Healer","floor":25,"turns":11},{"damage":21,"enemies":"Slavers","floor":28,"turns":6},{"damage":1,"enemies":"Chosen and Byrds","floor":30,"turns":5},{"damage":13,"enemies":"Snecko","floor":31,"turns":6},{"damage":18,"enemies":"Collector","floor":33,"turns":14},{"damage":1,"enemies":"Orb Walker","floor":35,"turns":5},{"damage":10,"enemies":"3 Shapes","floor":36,"turns":6},{"damage":16,"enemies":"3 Darklings","floor":38,"turns":7},{"damage":10,"enemies":"Writhing Mass","floor":39,"turns":11},{"damage":20,"enemies":"Nemesis","floor":40,"turns":9},{"damage":66,"enemies":"Giant Head","floor":42,"turns":17},{"damage":0,"enemies":"Jaw Worm Horde","floor":45,"turns":3},{"damage":14,"enemies":"2 Orb Walkers","floor":47,"turns":5},{"damage":33,"enemies":"Donu and Deca","floor":50,"turns":10},{"damage":60,"enemies":"Shield and Spear","floor":54,"turns":10},{"damage":62,"enemies":"The Heart","floor":55,"turns":11}],"seed_played":"-4491792443093478848","potions_obtained":[{"floor":1,"key":"Fire Potion"},{"floor":10,"key":"Regen Potion"},{"floor":12,"key":"SteroidPotion"},{"floor":14,"key":"Fruit Juice"},{"floor":16,"key":"LiquidBronze"},{"floor":28,"key":"Strength Potion"},{"floor":30,"key":"Poison Potion"},{"floor":33,"key":"SteroidPotion"},{"floor":34,"key":"EntropicBrew"},{"floor":39,"key":"Block Potion"},{"floor":42,"key":"Swift Potion"},{"floor":45,"key":"Fire Potion"}],"is_trial":false,"path_per_floor":["M","?","?","M","$","E","?","E","T","M","M","M","R","M","R","B",null,"M","$","?","M","?","R","$","M","T","R","E","?","M","M","R","B",null,"M","M","$","M","M","E","R","E","T","R","M","R","?","?","R","B",null,"R","$","E","B"],"character_chosen":"DEFECT","items_purchased":["Doom and Gloom","Coolheaded","Loop","Torii","DataDisk","Coolheaded","Blizzard","Static Discharge","Regen Potion","PowerPotion","Conserve Battery"],"campfire_rested":9,"item_purchase_floors":[5,5,5,19,37,37,53,53,53,53,53],"current_hp_per_floor":[69,58,58,58,58,50,43,29,29,29,16,24,46,46,73,62,80,79,79,79,75,75,75,75,80,80,80,66,66,73,68,82,72,88,89,87,87,79,77,65,92,35,35,63,73,95,82,82,96,64,97,97,97,38,0],"gold":58,"neow_bonus":"BOSS_RELIC","is_prod":false,"is_daily":false,"chose_seed":false,"campfire_upgraded":0,"win_rate":0,"timestamp":1544452159,"path_taken":["M","?","?","M","$","E","?","E","T","M","M","M","R","M","R","BOSS","M","$","?","M","?","R","$","?","T","R","E","?","M","M","R","BOSS","M","M","$","M","?","E","R","E","T","R","?","R","?","?","R","BOSS","R","$","E","BOSS"],"build_version":"2018-12-06","purchased_purges":1,"victory":false,"max_hp_per_floor":[75,75,75,75,75,75,75,75,75,75,75,75,75,75,80,80,80,80,80,80,80,80,80,80,80,80,80,80,80,81,82,82,83,88,89,90,90,91,92,93,93,94,94,94,95,95,96,96,96,97,97,97,97,98,98],"card_choices":[{"not_picked":["Scrape","Fusion"],"picked":"Cold Snap","floor":1},{"not_picked":["FTL","Leap"],"picked":"Glacier","floor":4},{"not_picked":["Sweeping Beam","Hello World"],"picked":"Sunder","floor":6},{"not_picked":["Sweeping Beam","Gash"],"picked":"Blizzard","floor":8},{"not_picked":["Turbo","Barrage"],"picked":"Defragment","floor":10},{"not_picked":["Cold Snap","BootSequence"],"picked":"Conserve Battery","floor":11},{"not_picked":["Turbo","Gash"],"picked":"Rebound","floor":12},{"not_picked":["Streamline","Scrape"],"picked":"Leap","floor":14},{"not_picked":["Biased Cognition","Meteor Strike"],"picked":"Core Surge","floor":16},{"not_picked":["Sweeping Beam","Go for the Eyes"],"picked":"Cold Snap","floor":18},{"not_picked":["Sunder","Barrage"],"picked":"Machine Learning","floor":21},{"not_picked":["Hologram","Self Repair"],"picked":"Compile Driver","floor":25},{"not_picked":["Rebound+1","Stack+1"],"picked":"Hologram","floor":28},{"not_picked":["Ball Lightning+1","Go for the Eyes"],"picked":"Steam+1","floor":30},{"not_picked":["Redo","Aggregate"],"picked":"Glacier","floor":31},{"not_picked":["Reboot","All For One"],"picked":"Seek","floor":33},{"not_picked":["Melter","Aggregate"],"picked":"Redo","floor":34},{"not_picked":["Rebound","Reprogram"],"picked":"Stack+1","floor":35},{"not_picked":["Go for the Eyes+1","Leap"],"picked":"Blizzard+1","floor":36},{"not_picked":["Doom and Gloom+1","Go for the Eyes"],"picked":"Coolheaded+1","floor":38},{"not_picked":["Sweeping Beam+1","Streamline+1","Hologram"],"picked":"SKIP","floor":39},{"not_picked":["Reboot","Beam Cell"],"picked":"Coolheaded","floor":40},{"not_picked":["Barrage+1","Hologram","Streamline"],"picked":"SKIP","floor":42},{"not_picked":["Cold Snap","Tempest+1","Genetic Algorithm"],"picked":"SKIP","floor":45},{"not_picked":["Go for the Eyes","Gash+1"],"picked":"Seek","floor":47},{"not_picked":["Metamorphosis","Good Instincts"],"picked":"Mind Blast","floor":48},{"not_picked":["All For One","Darkness+1","Steam Power+1"],"picked":"SKIP","floor":54}],"player_experience":1826339,"relics_obtained":[{"floor":6,"key":"Unceasing Top"},{"floor":8,"key":"Letter Opener"},{"floor":9,"key":"The Courier"},{"floor":26,"key":"Dead Branch"},{"floor":28,"key":"Gremlin Horn"},{"floor":40,"key":"Blood Vial"},{"floor":42,"key":"Bag of Marbles"},{"floor":47,"key":"Nunchaku"},{"floor":54,"key":"Vajra"}],"event_choices":[{"damage_healed":0,"gold_gain":75,"player_choice":"Gather Gold","damage_taken":11,"max_hp_gain":0,"max_hp_loss":0,"event_name":"World of Goop","floor":2,"gold_loss":0},{"damage_healed":0,"gold_gain":0,"cards_transformed":["Strike_B"],"player_choice":"Change","damage_taken":0,"max_hp_gain":0,"max_hp_loss":0,"event_name":"Living Wall","floor":3,"gold_loss":0,"cards_obtained":["Biased Cognition"]},{"cards_removed":["Strike_B"],"damage_healed":0,"gold_gain":0,"player_choice":"Card Removal","damage_taken":7,"max_hp_gain":0,"max_hp_loss":0,"event_name":"Golden Wing","floor":7,"gold_loss":0},{"damage_healed":0,"gold_gain":0,"player_choice":"Stole Relic","damage_taken":0,"relics_obtained":["Lantern"],"max_hp_gain":0,"max_hp_loss":0,"event_name":"Addict","floor":20,"gold_loss":0,"cards_obtained":["Shame"]},{"cards_removed":["Barrage"],"damage_healed":0,"gold_gain":0,"player_choice":"Took Card","damage_taken":0,"max_hp_gain":0,"max_hp_loss":0,"event_name":"NoteForYourself","floor":22,"gold_loss":0,"cards_obtained":["Melter"]},{"damage_healed":0,"gold_gain":0,"player_choice":"Trade","damage_taken":0,"relics_obtained":["FaceOfCleric"],"max_hp_gain":0,"max_hp_loss":0,"event_name":"FaceTrader","floor":29,"gold_loss":0},{"damage_healed":0,"gold_gain":0,"player_choice":"Fight","damage_taken":0,"max_hp_gain":0,"max_hp_loss":0,"event_name":"Mysterious Sphere","floor":47,"gold_loss":0},{"damage_healed":0,"gold_gain":0,"player_choice":"Memory 1","damage_taken":0,"max_hp_gain":0,"max_hp_loss":0,"event_name":"SensoryStone","floor":48,"gold_loss":0}],"is_beta":false,"boss_relics":[{"not_picked":["Runic Pyramid","White Beast Statue"],"picked":"Pandora\u0027s Box"},{"not_picked":["Snecko Eye","Velvet Choker"],"picked":"Tiny House"}],"items_purged_floors":[37],"is_endless":false,"potions_floor_spawned":[1,10,12,14,16,28,30,33,39,42,45],"killed_by":"The Heart","ascension_level":0}