{"path_per_floor":["M","M","?","?","$","R","$","E","T","M","R","M","M","M","R","B",null,"M","$","M","M"],"character_chosen":"IRONCLAD","items_purchased":["Shrug It Off","Bottled Tornado"],"gold_per_floor":[110,124,124,124,2,2,2,43,43,68,68,88,103,117,117,237,237,261,21,44,59,59],"floor_reached":22,"campfire_rested":3,"playtime":1237,"item_purchase_floors":[5,19],"current_hp_per_floor":[72,72,52,52,52,76,76,50,50,48,72,59,52,53,77,40,80,59,59,48,28,0],"items_purged":["Strike_R"],"gold":59,"score":216,"play_id":"736ba119-3644-4b33-8651-0f27b59e6283","local_time":"20180611115052","is_prod":false,"is_daily":false,"chose_seed":false,"is_ascension_mode":true,"campfire_upgraded":0,"win_rate":0,"timestamp":1528732252,"campfire_choices":[{"floor":6,"key":"REST"},{"floor":11,"key":"REST"},{"floor":15,"key":"REST"}],"path_taken":["M","M","?","?","$","R","$","E","T","M","R","?","M","M","R","BOSS","M","$","M","M","M"],"build_version":"2018-06-07v3","seed_source_timestamp":405354639005303,"purchased_purges":1,"victory":false,"master_deck":["Strike_R","Strike_R","Strike_R","Strike_R","Defend_R","Defend_R","Defend_R","Bash","Writhe","Cleave","Inflame","Fire Breathing","Shrug It Off","Spot Weakness","Inflame","Armaments","Heavy Blade","Infernal Blade","Limit Break","Pummel","Power Through+1"],"max_hp_per_floor":[80,80,80,80,80,80,80,80,80,80,80,80,80,80,80,80,80,80,80,80,80,80],"relics":["Burning Blood","Girya","Golden Idol","Orichalcum","Kunai","Mark of Pain","Bottled Tornado"],"card_choices":[{"not_picked":["Headbutt","Combust"],"picked":"Cleave","floor":1},{"not_picked":["Flame Barrier","Wild Strike"],"picked":"Inflame","floor":2},{"not_picked":["Body Slam","Iron Wave"],"picked":"Spot Weakness","floor":8},{"not_picked":["Intimidate","Hemokinesis"],"picked":"Inflame","floor":10},{"not_picked":["Feel No Pain","Warcry"],"picked":"Armaments","floor":12},{"not_picked":["Twin Strike","Perfected Strike"],"picked":"Heavy Blade","floor":13},{"not_picked":["Anger","Perfected Strike"],"picked":"Infernal Blade","floor":14},{"not_picked":["Berserk","Immolate"],"picked":"Limit Break","floor":16},{"not_picked":["Warcry","Rampage"],"picked":"Pummel","floor":18},{"not_picked":["Armaments","Flex+1"],"picked":"Power Through+1","floor":20},{"not_picked":["Wild Strike","Dropkick+1","Clothesline"],"picked":"SKIP","floor":21}],"player_experience":480034,"potions_floor_usage":[8,16,16,16],"damage_taken":[{"damage":14,"enemies":"Jaw Worm","floor":1,"turns":3},{"damage":6,"enemies":"Cultist","floor":2,"turns":3},{"damage":32,"enemies":"Gremlin Nob","floor":8,"turns":5},{"damage":8,"enemies":"2 Louse","floor":10,"turns":2},{"damage":19,"enemies":"Lots of Slimes","floor":12,"turns":3},{"damage":13,"enemies":"Gremlin Gang","floor":13,"turns":4},{"damage":5,"enemies":"Exordium Thugs","floor":14,"turns":4},{"damage":43,"enemies":"The Guardian","floor":16,"turns":9},{"damage":27,"enemies":"Chosen","floor":18,"turns":6},{"damage":17,"enemies":"Shell Parasite","floor":20,"turns":3},{"damage":26,"enemies":"Sentry and Sphere","floor":21,"turns":4},{"damage":38,"enemies":"Slaver and Parasite","floor":22,"turns":4}],"relics_obtained":[{"floor":8,"key":"Orichalcum"},{"floor":9,"key":"Kunai"}],"event_choices":[{"event_name":"Golden Idol","player_choice":"Take Damage","floor":3,"damage_taken":0},{"event_name":"Living Wall","player_choice":"Change","floor":4,"damage_taken":0}],"boss_relics":[{"not_picked":["Orrery","Lizard Tail"],"picked":"Mark of Pain"}],"items_purged_floors":[5],"potions_floor_spawned":[2,8,10,12,16,21],"seed_played":"4530256861466456473","killed_by":"Slaver and Parasite","ascension_level":3,"potions_obtained":[{"floor":2,"key":"Strength Potion"},{"floor":8,"key":"Fire Potion"},{"floor":10,"key":"SkillPotion"},{"floor":12,"key":"Dexterity Potion"},{"floor":16,"key":"SpeedPotion"},{"floor":21,"key":"Ancient Potion"}],"is_trial":false}