{"path_per_floor":["M","T","M","M","M","R","E","R","T","M","M","M","$","E","R","B",null,"M","M","$","M","M","R","E","M","T"],"character_chosen":"IRONCLAD","items_purchased":["Dexterity Potion","Spot Weakness","Ginger"],"gold_per_floor":[117,187,199,217,237,237,265,265,265,283,295,315,264,296,296,393,393,413,427,82,98,115,115,150,160,242,242],"floor_reached":27,"campfire_rested":0,"playtime":3823,"item_purchase_floors":[13,20,20],"current_hp_per_floor":[86,86,86,86,86,86,85,85,85,75,72,74,74,80,80,61,86,70,76,76,71,71,71,68,27,27,0],"items_purged":[],"gold":242,"score":326,"play_id":"b31c35bd-38eb-4a41-890c-eb0ea2c0eee4","local_time":"20180626063718","is_prod":false,"is_daily":false,"chose_seed":false,"is_ascension_mode":true,"campfire_upgraded":4,"win_rate":0,"timestamp":1530013038,"campfire_choices":[{"data":"Bash","floor":6,"key":"SMITH"},{"data":"Feel No Pain","floor":8,"key":"SMITH"},{"data":"Corruption","floor":15,"key":"SMITH"},{"data":"Armaments","floor":23,"key":"SMITH"}],"path_taken":["M","?","M","M","M","R","E","R","T","M","M","M","$","E","R","BOSS","M","M","$","M","M","R","E","M","T","M"],"build_version":"2018-06-21","seed_source_timestamp":579331540769634,"purchased_purges":0,"circlet_count":0,"victory":false,"master_deck":["Strike_R","Strike_R","Strike_R","Strike_R","Strike_R","Defend_R","Defend_R","Defend_R","Defend_R","Bash+1","Corruption+1","Feel No Pain+1","Pommel Strike","Body Slam","Intimidate","Armaments+1","Iron Wave","Feed","Intimidate","Impervious","Shrug It Off","True Grit","Spot Weakness","Inflame","Feel No Pain","Armaments","Armaments"],"max_hp_per_floor":[86,86,86,86,86,86,86,86,86,86,86,86,86,86,86,86,86,86,86,86,89,92,92,95,95,95,95],"relics":["Burning Blood","Mango","Dodecahedron","Ornamental Fan","Vajra","Happy Flower","Velvet Choker","Ginger","Regal Pillow","Letter Opener"],"card_choices":[{"not_picked":["Rupture","Searing Blow"],"picked":"Corruption","floor":1},{"not_picked":["Cleave","Armaments"],"picked":"Feel No Pain","floor":3},{"not_picked":["Flex","Berserk"],"picked":"Pommel Strike","floor":4},{"not_picked":["Flex","Thunderclap"],"picked":"Body Slam","floor":5},{"not_picked":["Rupture","Body Slam"],"picked":"Intimidate","floor":7},{"not_picked":["Disarm","Headbutt"],"picked":"Armaments","floor":10},{"not_picked":["Dual Wield","Hemokinesis"],"picked":"Iron Wave","floor":11},{"not_picked":["Rupture","Evolve"],"picked":"Feed","floor":12},{"not_picked":["Flex","Hemokinesis"],"picked":"Intimidate","floor":14},{"not_picked":["Double Tap","Feed"],"picked":"Impervious","floor":16},{"not_picked":["Rampage","Searing Blow"],"picked":"Shrug It Off","floor":18},{"not_picked":["Seeing Red","Corruption"],"picked":"True Grit","floor":19},{"not_picked":["Combust","Pommel Strike"],"picked":"Inflame","floor":21},{"not_picked":["Entrench","Carnage+1"],"picked":"Feel No Pain","floor":22},{"not_picked":["Anger","Spot Weakness"],"picked":"Armaments","floor":24},{"not_picked":["Wild Strike","Shrug It Off+1"],"picked":"Armaments","floor":25}],"player_experience":60555,"potions_floor_usage":[3,7,11,14,19,27,27],"damage_taken":[{"damage":6,"enemies":"Cultist","floor":1,"turns":3},{"damage":7,"enemies":"Small Slimes","floor":3,"turns":3},{"damage":0,"enemies":"2 Louse","floor":4,"turns":2},{"damage":5,"enemies":"2 Fungi Beasts","floor":5,"turns":4},{"damage":7,"enemies":"3 Sentries","floor":7,"turns":8},{"damage":16,"enemies":"Blue Slaver","floor":10,"turns":4},{"damage":9,"enemies":"Exordium Wildlife","floor":11,"turns":3},{"damage":4,"enemies":"Lots of Slimes","floor":12,"turns":7},{"damage":0,"enemies":"Lagavulin","floor":14,"turns":10},{"damage":25,"enemies":"Slime Boss","floor":16,"turns":12},{"damage":22,"enemies":"2 Thieves","floor":18,"turns":5},{"damage":0,"enemies":"Spheric Guardian","floor":19,"turns":5},{"damage":14,"enemies":"3 Cultists","floor":21,"turns":7},{"damage":9,"enemies":"Centurion and Healer","floor":22,"turns":6},{"damage":12,"enemies":"Slavers","floor":24,"turns":6},{"damage":47,"enemies":"Snecko","floor":25,"turns":7},{"damage":32,"enemies":"Chosen and Byrds","floor":27,"turns":5}],"relics_obtained":[{"floor":2,"key":"Dodecahedron"},{"floor":7,"key":"Ornamental Fan"},{"floor":9,"key":"Vajra"},{"floor":14,"key":"Happy Flower"},{"floor":24,"key":"Regal Pillow"},{"floor":26,"key":"Letter Opener"}],"event_choices":[],"boss_relics":[{"not_picked":["Runic Dome","Busted Crown"],"picked":"Velvet Choker"}],"items_purged_floors":[],"is_endless":false,"potions_floor_spawned":[1,4,7,11,18,21,25],"seed_played":"-362832079449336458","killed_by":"Chosen and Byrds","ascension_level":2,"potions_obtained":[{"floor":1,"key":"BloodPotion"},{"floor":4,"key":"Block Potion"},{"floor":7,"key":"Fire Potion"},{"floor":11,"key":"SkillPotion"},{"floor":18,"key":"EssenceOfSteel"},{"floor":21,"key":"Ancient Potion"},{"floor":25,"key":"GamblersBrew"}],"is_trial":false}