{"gold_per_floor":[114,214,229,244,68,98,128,158,158,173,188,218,218,233,233,333,333,348,348,99,114,19,49,49,79,91,118,160,172,184,211,223,335,347,374,401,428,455,467,509,536,563,575,617,644,256,256,8,8,8],"floor_reached":51,"playtime":2426,"items_purged":["Strike_B"],"score":1066,"play_id":"c7328fcb-c953-4f62-b179-eb4910e56e83","local_time":"20181005121235","daily_mods":["Specialized","Colorless Cards","Night Terrors"],"is_ascension_mode":false,"campfire_choices":[{"data":"Go for the Eyes","floor":15,"key":"SMITH"},{"data":"Apotheosis","floor":29,"key":"SMITH"},{"data":"Coolheaded","floor":32,"key":"SMITH"},{"data":"Capacitor","floor":47,"key":"SMITH"},{"data":"Capacitor","floor":49,"key":"SMITH"}],"neow_cost":"","seed_source_timestamp":0,"circlet_count":0,"master_deck":["Strike_B","Strike_B+1","Strike_B","Defend_B+1","Defend_B","Defend_B+1","Defend_B","Zap","Dualcast","Flash of Steel+1","Flash of Steel","Flash of Steel","Flash of Steel","Flash of Steel","Ball Lightning","Discovery","Coolheaded+1","Coolheaded","Go for the Eyes+1","Cold Snap","Ball Lightning","Core Surge","Apotheosis+1","Ball Lightning+1","Hologram","Dramatic Entrance","Bandage Up","Discovery","Panacea+1","Secret Technique","Compile Driver+1","Dramatic Entrance","Glacier+1","Capacitor+1","Recycle+1","Discovery","Capacitor+1","Tempest","Bandage Up"],"special_seed":17809,"relics":["FrozenCore","DataDisk","Dead Branch","War Paint","Dodecahedron","Cables","Sozu","MutagenicStrength","Bag of Preparation","Orichalcum","MawBank","Darkstone Periapt","Incense Burner","FossilizedHelix","Ginger","Letter Opener","Whetstone","Pear","Pen Nib"],"potions_floor_usage":[16,41,50],"damage_taken":[{"damage":2,"enemies":"Small Slimes","floor":1,"turns":3},{"damage":0,"enemies":"Cultist","floor":3,"turns":2},{"damage":1,"enemies":"Jaw Worm","floor":4,"turns":2},{"damage":20,"enemies":"Gremlin Nob","floor":6,"turns":4},{"damage":0,"enemies":"3 Louse","floor":7,"turns":1},{"damage":3,"enemies":"3 Sentries","floor":8,"turns":5},{"damage":3,"enemies":"Blue Slaver","floor":10,"turns":3},{"damage":0,"enemies":"Exordium Wildlife","floor":11,"turns":2},{"damage":0,"enemies":"Gremlin Nob","floor":12,"turns":2},{"damage":0,"enemies":"Large Slime","floor":14,"turns":3},{"damage":4,"enemies":"Hexaghost","floor":16,"turns":7},{"damage":0,"enemies":"Shell Parasite","floor":18,"turns":2},{"damage":0,"enemies":"3 Byrds","floor":21,"turns":3},{"damage":0,"enemies":"Gremlin Leader","floor":23,"turns":3},{"damage":11,"enemies":"Slavers","floor":25,"turns":3},{"damage":11,"enemies":"Snecko","floor":27,"turns":3},{"damage":1,"enemies":"Book of Stabbing","floor":28,"turns":3},{"damage":0,"enemies":"Snake Plant","floor":31,"turns":3},{"damage":0,"enemies":"Automaton","floor":33,"turns":6},{"damage":0,"enemies":"Orb Walker","floor":35,"turns":2},{"damage":0,"enemies":"3 Shapes","floor":36,"turns":2},{"damage":0,"enemies":"3 Darklings","floor":37,"turns":3},{"damage":0,"enemies":"Maw","floor":38,"turns":3},{"damage":0,"enemies":"2 Orb Walkers","floor":40,"turns":3},{"damage":0,"enemies":"Sphere and 2 Shapes","floor":41,"turns":2},{"damage":0,"enemies":"4 Shapes","floor":42,"turns":4},{"damage":0,"enemies":"Giant Head","floor":44,"turns":5},{"damage":0,"enemies":"Maw","floor":45,"turns":3},{"damage":20,"enemies":"Time Eater","floor":50,"turns":10}],"seed_played":"-1512193527981860122","potions_obtained":[{"floor":4,"key":"GamblersBrew"},{"floor":7,"key":"Weak Potion"},{"floor":8,"key":"Energy Potion"},{"floor":12,"key":"Dexterity Potion"}],"is_trial":false,"path_per_floor":["M","?","M","M","$","E","M","E","T","M","M","E","?","M","R","B",null,"M","?","$","M","$","E","?","E","T","M","E","R","T","M","R","B",null,"M","M","M","M","?","E","M","M","T","E","M","$","R","$","R","B"],"character_chosen":"DEFECT","items_purchased":["DataDisk","Coolheaded","Bag of Preparation","Hologram","Dramatic Entrance","Pear","Pen Nib","Capacitor","Tempest","Bandage Up"],"campfire_rested":0,"item_purchase_floors":[5,5,20,20,22,46,46,48,48,48],"current_hp_per_floor":[73,73,73,72,72,52,52,49,49,46,46,46,46,46,46,42,75,75,75,75,75,75,75,68,57,57,52,51,51,51,57,57,61,75,75,75,75,75,75,75,75,75,75,75,75,85,85,85,85,75],"gold":8,"neow_bonus":"","is_prod":false,"is_daily":true,"chose_seed":false,"campfire_upgraded":5,"win_rate":0,"timestamp":1538734355,"path_taken":["M","?","M","M","$","E","M","E","T","M","M","E","?","M","R","BOSS","M","?","$","M","$","E","?","E","T","?","E","R","?","?","R","BOSS","M","?","M","M","?","E","M","M","T","E","M","$","R","?","R","BOSS"],"build_version":"2018-10-04","purchased_purges":1,"victory":true,"max_hp_per_floor":[75,75,75,75,75,75,75,75,75,75,75,75,75,75,75,75,75,75,75,75,75,75,75,75,75,75,75,75,75,75,75,75,75,75,75,75,75,75,75,75,75,75,75,75,75,85,85,85,85,85],"card_choices":[{"not_picked":["Rebound","Stack"],"picked":"Ball Lightning","floor":1},{"not_picked":["Cold Snap","Doom and Gloom"],"picked":"Discovery","floor":3},{"not_picked":["Recycle","Genetic Algorithm"],"picked":"Coolheaded","floor":4},{"not_picked":["Redo","Compile Driver","Stack"],"picked":"SKIP","floor":6},{"not_picked":["Gash","Redo"],"picked":"Go for the Eyes","floor":7},{"not_picked":["Redo","Beam Cell","Steam"],"picked":"SKIP","floor":8},{"not_picked":["Coolheaded","Redo"],"picked":"Cold Snap","floor":10},{"not_picked":["Static Discharge","Streamline","Gash"],"picked":"SKIP","floor":11},{"not_picked":["Finesse","Gash"],"picked":"Ball Lightning","floor":12},{"not_picked":["Forethought","Trip"],"picked":"Core Surge","floor":14},{"not_picked":["Reboot","Thinking Ahead"],"picked":"Apotheosis","floor":16},{"not_picked":["Purity","Go for the Eyes+1"],"picked":"Ball Lightning+1","floor":18},{"not_picked":["Go for the Eyes","Steam+1","Auto Shields"],"picked":"SKIP","floor":21},{"not_picked":["Melter","Stack","Apotheosis"],"picked":"SKIP","floor":23},{"not_picked":["Static Discharge","Gash"],"picked":"Bandage Up","floor":25},{"not_picked":["Ball Lightning","Compile Driver"],"picked":"Discovery","floor":27},{"not_picked":["Sunder","Streamline+1","Swift Strike"],"picked":"SKIP","floor":28},{"not_picked":["Chaos","Ball Lightning"],"picked":"Panacea+1","floor":31},{"not_picked":["Reboot","Thunder Strike"],"picked":"Secret Technique","floor":33},{"not_picked":["Stack","Leap+1","Sweeping Beam"],"picked":"SKIP","floor":35},{"not_picked":["Gash+1","Streamline"],"picked":"Compile Driver+1","floor":36},{"not_picked":["Deep Breath+1","Go for the Eyes"],"picked":"Dramatic Entrance","floor":37},{"not_picked":["Streamline","Bandage Up"],"picked":"Glacier+1","floor":38},{"not_picked":["Redo+1","Sweeping Beam+1","Forethought"],"picked":"SKIP","floor":40},{"not_picked":["Go for the Eyes","Hello World"],"picked":"Capacitor","floor":41},{"not_picked":["Genetic Algorithm","Turbo","Ball Lightning"],"picked":"SKIP","floor":42},{"not_picked":["Redo","Streamline+1"],"picked":"Recycle+1","floor":44},{"not_picked":["Purity","Heatsinks+1"],"picked":"Discovery","floor":45}],"player_experience":1505568,"relics_obtained":[{"floor":6,"key":"Dead Branch"},{"floor":8,"key":"War Paint"},{"floor":9,"key":"Dodecahedron"},{"floor":12,"key":"Cables"},{"floor":23,"key":"Orichalcum"},{"floor":25,"key":"MawBank"},{"floor":26,"key":"Darkstone Periapt"},{"floor":28,"key":"Incense Burner"},{"floor":30,"key":"FossilizedHelix"},{"floor":40,"key":"Ginger"},{"floor":43,"key":"Letter Opener"},{"floor":44,"key":"Whetstone"}],"event_choices":[{"event_name":"Golden Shrine","player_choice":"Pray","floor":2,"damage_taken":0},{"event_name":"Liars Game","player_choice":"disagreed","floor":13,"damage_taken":0},{"event_name":"Drug Dealer","player_choice":"Inject Mutagens","floor":19,"damage_taken":0},{"event_name":"Knowing Skull","player_choice":"","floor":24,"damage_taken":0},{"event_name":"SensoryStone","player_choice":"Memory 1","floor":39,"damage_taken":0}],"is_beta":false,"boss_relics":[{"not_picked":["Snecko Eye","Lizard Tail"],"picked":"Sozu"},{"not_picked":["White Beast Statue","Velvet Choker"],"picked":"FrozenCore"}],"items_purged_floors":[20],"is_endless":false,"potions_floor_spawned":[4,7,8,12,25,27,33,35,36,40,42],"ascension_level":0}