{"gold_per_floor":[116,41,41,191,28,28,53,53,53,53,79,93,112,128,128,207,207,219,20,20,20,20,20,31,42,42,42,42],"floor_reached":28,"playtime":1093,"items_purged":["Doubt"],"score":521,"play_id":"5d4865fa-cdbd-432e-926b-7171843f0aa1","local_time":"20190101090117","is_ascension_mode":true,"campfire_choices":[{"data":"Zap","floor":6,"key":"SMITH"},{"data":"Capacitor","floor":8,"key":"SMITH"},{"floor":15,"key":"REST"},{"floor":23,"key":"REST"}],"neow_cost":"NONE","seed_source_timestamp":1056172120385388,"circlet_count":0,"master_deck":["AscendersBane","Strike_B","Defend_B","Defend_B","Defend_B","Defend_B","Zap+1","Dualcast","Capacitor+1","Ball Lightning","Gash","Beam Cell","Barrage","Cold Snap","All For One","Go for the Eyes","Trip","Hologram","Leap"],"special_seed":0,"relics":["Cracked Core","NeowsBlessing","Bronze Scales","Shuriken","Singing Bowl","Du-Vu Doll","StoneCalendar","Lizard Tail","FossilizedHelix"],"potions_floor_usage":[14,16,24,25,28],"damage_taken":[{"damage":0.0,"enemies":"Jaw Worm","floor":1.0,"turns":1.0},{"damage":0,"enemies":"Gremlin Nob","floor":7,"turns":1},{"damage":0,"enemies":"3 Sentries","floor":11,"turns":1},{"damage":7,"enemies":"Small Slimes","floor":12,"turns":2},{"damage":4,"enemies":"2 Louse","floor":13,"turns":2},{"damage":13,"enemies":"Exordium Thugs","floor":14,"turns":2},{"damage":37,"enemies":"The Guardian","floor":16,"turns":7},{"damage":25,"enemies":"Spheric Guardian","floor":18,"turns":4},{"damage":30,"enemies":"Colosseum Slavers","floor":21,"turns":4},{"damage":6,"enemies":"3 Byrds","floor":24,"turns":1},{"damage":19,"enemies":"Snake Plant","floor":25,"turns":4},{"damage":53,"enemies":"Slavers","floor":28,"turns":4}],"seed_played":"5710859611603304706","potions_obtained":[{"floor":1.0,"key":"AttackPotion"},{"floor":7,"key":"AttackPotion"},{"floor":16,"key":"LiquidBronze"},{"floor":24,"key":"Weak Potion"},{"floor":25,"key":"SkillPotion"}],"is_trial":false,"path_per_floor":["M","?","$","?","$","R","E","R","T","?","E","M","M","M","R","B",null,"M","$","?","?","?","R","M","M","T","$","E"],"character_chosen":"DEFECT","items_purchased":["Bronze Scales","Go for the Eyes","Trip"],"campfire_rested":2,"item_purchase_floors":[5,19,19],"current_hp_per_floor":[64,64,64,64,64,64,64,64,64,59,59,52,48,35,56,19,58,35,35,35,5,5,26,20,1,1,1,0],"gold":42,"neow_bonus":"THREE_ENEMY_KILL","is_prod":false,"is_daily":false,"chose_seed":false,"campfire_upgraded":2,"win_rate":0,"timestamp":1546351277,"path_taken":["M","?","$","?","$","R","E","R","T","?","E","M","?","M","R","BOSS","M","$","?","?","?","R","?","M","T","$","E"],"build_version":"2018-12-20","purchased_purges":1,"victory":false,"max_hp_per_floor":[71,71,71,71,71,71,71,71,71,71,71,71,71,71,71,71,71,73,73,73,73,73,73,73,73,73,73,73],"card_choices":[{"not_picked":["White Noise","Barrage"],"picked":"Capacitor","floor":1.0},{"not_picked":["Tempest","Turbo"],"picked":"Ball Lightning","floor":7},{"not_picked":["Blizzard","White Noise"],"picked":"Gash","floor":11},{"not_picked":["Fusion","Coolheaded"],"picked":"Beam Cell","floor":12},{"not_picked":["Chaos","Hologram"],"picked":"Barrage","floor":13},{"not_picked":["Ball Lightning","Conserve Battery"],"picked":"Cold Snap","floor":14},{"not_picked":["Hyperbeam","Amplify"],"picked":"All For One","floor":16},{"not_picked":["Darkness","Barrage","Rebound"],"picked":"Singing Bowl","floor":18},{"not_picked":["Sunder","Rebound"],"picked":"Hologram","floor":24},{"not_picked":["Hello World+1","Reprogram"],"picked":"Leap","floor":25}],"player_experience":1981492,"relics_obtained":[{"floor":7,"key":"Shuriken"},{"floor":9,"key":"Singing Bowl"},{"floor":11,"key":"StoneCalendar"},{"floor":26,"key":"FossilizedHelix"}],"event_choices":[{"cards_removed":["Strike_B"],"damage_healed":0.0,"max_hp_gain":0.0,"max_hp_loss":0.0,"gold_gain":0.0,"event_name":"The Cleric","player_choice":"Card Removal","floor":2.0,"gold_loss":75.0,"damage_taken":0.0},{"damage_healed":0.0,"max_hp_gain":0.0,"max_hp_loss":0.0,"gold_gain":150.0,"event_name":"Liars Game","player_choice":"AGREE","floor":4.0,"gold_loss":0.0,"damage_taken":0.0,"cards_obtained":["Doubt"]},{"damage_healed":0,"gold_gain":0,"player_choice":"Success","damage_taken":5,"relics_obtained":["Du-Vu Doll"],"max_hp_gain":0,"max_hp_loss":0,"event_name":"Scrap Ooze","floor":10,"gold_loss":0},{"cards_removed":["Strike_B"],"damage_healed":0,"gold_gain":0,"player_choice":"Elegance","damage_taken":0,"max_hp_gain":0,"max_hp_loss":0,"event_name":"Back to Basics","floor":20,"gold_loss":0},{"damage_healed":0,"gold_gain":0,"player_choice":"Fight","damage_taken":0,"max_hp_gain":0,"max_hp_loss":0,"event_name":"Colosseum","floor":21,"gold_loss":0},{"damage_healed":0,"gold_gain":0,"player_choice":"Fled From Nobs","damage_taken":0,"max_hp_gain":0,"max_hp_loss":0,"event_name":"Colosseum","floor":21,"gold_loss":0},{"cards_removed":["Strike_B"],"damage_healed":0,"gold_gain":0,"player_choice":"Card Removal","damage_taken":0,"max_hp_gain":0,"max_hp_loss":0,"event_name":"Wheel of Change","floor":22,"gold_loss":0}],"is_beta":false,"boss_relics":[{"not_picked":["Pandora\u0027s Box","Ectoplasm"],"picked":"Lizard Tail"}],"items_purged_floors":[19],"is_endless":false,"potions_floor_spawned":[1,7,13,16,24,25],"killed_by":"Slavers","ascension_level":18}