{"path_per_floor":["M","M","M","?","M","R","M","?","T","R","M","?","$","M","R","B",null,"M","M","?","M","?","R","?"],"character_chosen":"THE_SILENT","items_purchased":["Accuracy","Underhanded Strike"],"gold_per_floor":[113,127,144,144,156,156,175,250,250,250,260,210,53,72,72,167,167,182,192,192,209,132,132,132,132],"floor_reached":25,"campfire_rested":2,"playtime":1629,"item_purchase_floors":[13,13],"current_hp_per_floor":[66,60,57,57,51,51,50,39,39,60,60,60,60,59,70,63,70,69,32,55,42,42,42,26,0],"items_purged":["Strike_G"],"gold":132,"score":234,"play_id":"c5cf7d0e-7d26-45db-880b-bc412ecad21a","local_time":"20180618090414","is_prod":false,"is_daily":false,"chose_seed":false,"is_ascension_mode":true,"campfire_upgraded":2,"win_rate":0,"timestamp":1529327054,"campfire_choices":[{"data":"Blade Dance","floor":6,"key":"SMITH"},{"floor":10,"key":"REST"},{"floor":15,"key":"REST"},{"data":"Accuracy","floor":23,"key":"SMITH"}],"path_taken":["M","M","?","?","M","R","M","?","T","R","M","?","$","?","R","BOSS","M","M","?","?","?","R","?","M"],"build_version":"2018-06-14v2","seed_source_timestamp":364751905186695,"purchased_purges":1,"victory":false,"master_deck":["Defend_G","Defend_G","Defend_G","Defend_G","Defend_G","Strike_G","Strike_G","Strike_G","Survivor","Neutralize","Blade Dance+1","Endless Agony","Dodge and Roll","Decay","Cloak And Dagger","Malaise","Accuracy+1","Underhanded Strike","PiercingWail","Tools of the Trade","PiercingWail","Cloak And Dagger+1","J.A.X."],"max_hp_per_floor":[70,70,70,70,70,70,70,70,70,70,70,70,70,70,70,70,70,70,70,70,70,70,70,70,70],"relics":["Ring of the Snake","Blue Candle","Runic Pyramid"],"card_choices":[{"not_picked":["Flying Knee","Leg Sweep"],"picked":"Blade Dance","floor":1},{"not_picked":["Outmaneuver","Eviscerate"],"picked":"Endless Agony","floor":2},{"not_picked":["Flying Knee","Crippling Poison"],"picked":"Dodge and Roll","floor":3},{"not_picked":["Acrobatics","Predator"],"picked":"Cloak And Dagger","floor":5},{"not_picked":["Bane","Outmaneuver"],"picked":"Malaise","floor":7},{"not_picked":["Poisoned Stab","Outmaneuver","Bane"],"picked":"SKIP","floor":11},{"not_picked":["Distraction","Expertise"],"picked":"PiercingWail","floor":14},{"not_picked":["Tactician","Unload"],"picked":"Tools of the Trade","floor":16},{"not_picked":["Poisoned Stab","Deflect","Concentrate"],"picked":"SKIP","floor":18},{"not_picked":["Crippling Poison+1","Deflect"],"picked":"PiercingWail","floor":19},{"not_picked":["Dagger Throw","Deflect"],"picked":"Cloak And Dagger+1","floor":21}],"player_experience":625712,"potions_floor_usage":[16],"damage_taken":[{"damage":4,"enemies":"Cultist","floor":1,"turns":6},{"damage":6,"enemies":"Small Slimes","floor":2,"turns":4},{"damage":3,"enemies":"Jaw Worm","floor":3,"turns":4},{"damage":6,"enemies":"3 Louse","floor":5,"turns":5},{"damage":1,"enemies":"Blue Slaver","floor":7,"turns":5},{"damage":0,"enemies":"2 Fungi Beasts","floor":11,"turns":5},{"damage":1,"enemies":"3 Louse","floor":14,"turns":4},{"damage":7,"enemies":"The Guardian","floor":16,"turns":15},{"damage":1,"enemies":"3 Byrds","floor":18,"turns":6},{"damage":37,"enemies":"Spheric Guardian","floor":19,"turns":7},{"damage":13,"enemies":"Centurion and Healer","floor":21,"turns":9},{"damage":36,"enemies":"Sentry and Sphere","floor":25,"turns":5}],"relics_obtained":[{"floor":9,"key":"Blue Candle"}],"event_choices":[{"event_name":"Wheel of Change","player_choice":"Curse","floor":4,"damage_taken":0},{"event_name":"World of Goop","player_choice":"Gather Gold","floor":8,"damage_taken":0},{"event_name":"The Cleric","player_choice":"Card Removal","floor":12,"damage_taken":0},{"event_name":"The Library","player_choice":"Heal","floor":20,"damage_taken":0},{"event_name":"Drug Dealer","player_choice":"Got JAXXED","floor":22,"damage_taken":0},{"event_name":"Cursed Tome","player_choice":"Obtained Book","floor":24,"damage_taken":0}],"boss_relics":[{"not_picked":["Black Star","Runic Dome"],"picked":"Runic Pyramid"}],"items_purged_floors":[13],"is_endless":false,"potions_floor_spawned":[2,3,16,18],"seed_played":"-6642984856211949821","killed_by":"Sentry and Sphere","ascension_level":4,"potions_obtained":[{"floor":2,"key":"Weak Potion"},{"floor":3,"key":"LiquidBronze"},{"floor":16,"key":"SkillPotion"},{"floor":18,"key":"LiquidBronze"}],"is_trial":false}