{"gold_per_floor":[112,112,112,130,305,305,318,318,397,397,424,424,437,448,448,551,551,541,541,541,556,556,572,572,605,654,654,665,32,32,44,44,147,147,157,157,157,157,157,157,57,57,57,57,83,11,11,40,40,65],"floor_reached":51,"playtime":1758,"items_purged":["Strike_G","Writhe"],"score":787,"play_id":"7e299e03-2e4b-478d-8581-84db82d953c7","local_time":"20190214213621","is_ascension_mode":false,"campfire_choices":[{"data":"Noxious Fumes","floor":6,"key":"SMITH"},{"data":"Deadly Poison","floor":10,"key":"SMITH"},{"data":"Malaise","floor":15,"key":"SMITH"},{"floor":24,"key":"REST"},{"data":"Malaise","floor":27,"key":"SMITH"},{"floor":30,"key":"REST"},{"data":"Malaise","floor":32,"key":"SMITH"},{"data":"Footwork","floor":40,"key":"SMITH"},{"data":"Noxious Fumes","floor":42,"key":"SMITH"},{"data":"Malaise","floor":44,"key":"SMITH"},{"data":"Footwork","floor":49,"key":"SMITH"}],"neow_cost":"NONE","seed_source_timestamp":5686406378120,"circlet_count":0,"master_deck":["Defend_G","Defend_G","Defend_G","Defend_G","Defend_G","Strike_G","Strike_G","Survivor","Neutralize+1","Noxious Fumes+1","Deadly Poison+1","Glass Knife","Malaise+1","Footwork+1","Malaise+1","Leg Sweep","Crippling Poison","Necronomicurse","Deadly Poison","Noxious Fumes+1","Escape Plan","Malaise+1","Infinite Blades+1","Malaise+1","Backflip","Magnetism","Footwork+1","Distraction+1"],"relics":["Ring of the Serpent","PreservedInsect","Question Card","Regal Pillow","Necronomicon","Boot","Potion Belt","WingedGreaves","Toy Ornithopter","Busted Crown","Dream Catcher","Shuriken","Pen Nib","Smiling Mask"],"potions_floor_usage":[18,23,23,33,33,33,48,50],"damage_taken":[{"damage":5,"enemies":"Jaw Worm","floor":1,"turns":8},{"damage":0,"enemies":"2 Louse","floor":4,"turns":4},{"damage":0,"enemies":"Cultist","floor":7,"turns":4},{"damage":3,"enemies":"Lagavulin","floor":11,"turns":6},{"damage":0,"enemies":"Looter","floor":13,"turns":3},{"damage":0,"enemies":"3 Louse","floor":14,"turns":3},{"damage":0,"enemies":"Hexaghost","floor":16,"turns":9},{"damage":9,"enemies":"2 Thieves","floor":18,"turns":5},{"damage":5,"enemies":"Chosen","floor":21,"turns":7},{"damage":17,"enemies":"Sentry and Sphere","floor":23,"turns":6},{"damage":12,"enemies":"Book of Stabbing","floor":25,"turns":8},{"damage":34,"enemies":"Cultist and Chosen","floor":28,"turns":8},{"damage":5,"enemies":"Centurion and Healer","floor":31,"turns":8},{"damage":42,"enemies":"Collector","floor":33,"turns":14},{"damage":13,"enemies":"Orb Walker","floor":35,"turns":6},{"damage":9,"enemies":"Giant Head","floor":48,"turns":10},{"damage":31,"enemies":"Time Eater","floor":50,"turns":9}],"seed_played":"-7807071773811660858","potions_obtained":[{"floor":1,"key":"EssenceOfSteel"},{"floor":11,"key":"Poison Potion"},{"floor":13,"key":"EntropicBrew"},{"floor":14,"key":"FairyPotion"},{"floor":23,"key":"Strength Potion"},{"floor":28,"key":"EssenceOfSteel"},{"floor":33,"key":"FearPotion"},{"floor":35,"key":"PowerPotion"}],"is_trial":false,"path_per_floor":["M","?","?","M","?","R","M","?","T","R","E","?","M","M","R","B",null,"M","?","?","M","?","M","R","E","T","R","M","$","R","M","R","B",null,"M","?","?","?","T","R","$","R","T","R","T","$","$","E","R","B",null],"character_chosen":"THE_SILENT","items_purchased":["WingedGreaves","Toy Ornithopter","Swift Potion","Footwork"],"campfire_rested":2,"item_purchase_floors":[29,29,29,46],"current_hp_per_floor":[65,62,62,62,62,62,62,62,62,62,59,52,52,52,52,52,70,61,61,45,40,27,10,47,35,35,35,1,1,38,33,33,6,75,62,62,62,75,75,75,75,75,75,75,75,75,75,66,66,40],"gold":65,"neow_bonus":"UPGRADE_CARD","is_prod":false,"is_daily":false,"chose_seed":false,"campfire_upgraded":9,"win_rate":0,"timestamp":1550201781,"path_taken":["M","?","?","?","?","R","M","?","T","R","E","?","M","M","R","BOSS","M","?","?","M","?","M","R","E","T","R","M","$","R","M","R","BOSS","M","?","?","?","?","R","$","R","T","R","?","?","$","E","R","BOSS"],"build_version":"2019-01-23","purchased_purges":2,"victory":true,"max_hp_per_floor":[70,70,70,70,70,70,70,70,70,70,70,70,70,70,70,70,70,70,70,70,70,75,75,75,75,75,75,75,75,75,75,75,75,75,75,75,75,75,75,75,75,75,75,75,75,75,75,75,75,75],"card_choices":[{"not_picked":["Distraction","Catalyst"],"picked":"Noxious Fumes","floor":1},{"not_picked":["Acrobatics","Distraction","Slice"],"picked":"SKIP","floor":4},{"not_picked":["Dodge and Roll","Dagger Throw"],"picked":"Deadly Poison","floor":7},{"not_picked":["Prepared","Sucker Punch","Deflect"],"picked":"Glass Knife","floor":11},{"not_picked":["Dodge and Roll","Poisoned Stab","Deadly Poison"],"picked":"Malaise","floor":13},{"not_picked":["Crippling Poison","Quick Slash","Slice"],"picked":"Footwork","floor":14},{"not_picked":["Glass Knife","Tools of the Trade","Storm of Steel"],"picked":"Malaise","floor":16},{"not_picked":["Acrobatics+1","PiercingWail","Dodge and Roll"],"picked":"Leg Sweep","floor":18},{"not_picked":["Choke","Dagger Spray","Quick Slash"],"picked":"Deadly Poison","floor":21},{"not_picked":["Slice","Backflip","Calculated Gamble"],"picked":"Noxious Fumes","floor":23},{"not_picked":["Dagger Throw+1","Quick Slash","Slice","Escape Plan"],"picked":"SKIP","floor":25},{"not_picked":["Dagger Throw+1","Quick Slash","Slice"],"picked":"Escape Plan","floor":25},{"not_picked":["Caltrops","Slice","Tactician"],"picked":"Malaise","floor":28},{"not_picked":["Sucker Punch","Flechettes","Slice+1"],"picked":"Infinite Blades+1","floor":31},{"not_picked":["Night Terror","Adrenaline","Storm of Steel"],"picked":"Malaise","floor":33},{"not_picked":["Underhanded Strike"],"picked":"Backflip","floor":35},{"not_picked":["Madness"],"picked":"Magnetism","floor":37},{"not_picked":["Concentrate"],"picked":"Distraction+1","floor":48}],"player_experience":806874,"relics_obtained":[{"floor":9,"key":"Question Card"},{"floor":11,"key":"Regal Pillow"},{"floor":20,"key":"Necronomicon"},{"floor":25,"key":"Boot"},{"floor":26,"key":"Potion Belt"},{"floor":39,"key":"Dream Catcher"},{"floor":43,"key":"Shuriken"},{"floor":45,"key":"Pen Nib"},{"floor":48,"key":"Smiling Mask"}],"event_choices":[{"damage_healed":0,"gold_gain":0,"player_choice":"Success","damage_taken":3,"relics_obtained":["PreservedInsect"],"max_hp_gain":0,"max_hp_loss":0,"event_name":"Scrap Ooze","floor":2,"gold_loss":0},{"cards_removed":["Strike_G"],"damage_healed":0,"gold_gain":0,"player_choice":"Offered Basic","damage_taken":0,"max_hp_gain":0,"max_hp_loss":0,"event_name":"Bonfire Elementals","floor":3,"gold_loss":0},{"damage_healed":0,"gold_gain":175,"player_choice":"AGREE","damage_taken":0,"max_hp_gain":0,"max_hp_loss":0,"event_name":"Liars Game","floor":5,"gold_loss":0,"cards_obtained":["Doubt"]},{"cards_removed":["Doubt"],"damage_healed":0,"gold_gain":0,"player_choice":"Forget","damage_taken":0,"max_hp_gain":0,"max_hp_loss":0,"event_name":"Living Wall","floor":8,"gold_loss":0},{"cards_removed":["Strike_G"],"damage_healed":0,"gold_gain":0,"player_choice":"Card Removal","damage_taken":7,"max_hp_gain":0,"max_hp_loss":0,"event_name":"Golden Wing","floor":12,"gold_loss":0},{"damage_healed":0,"gold_gain":0,"player_choice":"Read","damage_taken":0,"max_hp_gain":0,"max_hp_loss":0,"event_name":"The Library","floor":19,"gold_loss":0,"cards_obtained":["Crippling Poison"]},{"damage_healed":0,"gold_gain":0,"player_choice":"Obtained Book","damage_taken":16,"max_hp_gain":0,"max_hp_loss":0,"event_name":"Cursed Tome","floor":20,"gold_loss":0},{"damage_healed":0,"gold_gain":0,"player_choice":"Shed Blood","damage_taken":18,"max_hp_gain":5,"max_hp_loss":0,"event_name":"Forgotten Altar","floor":22,"gold_loss":0},{"damage_healed":0,"gold_gain":0,"player_choice":"Ignored","damage_taken":0,"max_hp_gain":0,"max_hp_loss":0,"event_name":"Tomb of Lord Red Mask","floor":36,"gold_loss":0},{"damage_healed":0,"gold_gain":0,"player_choice":"Memory 1","damage_taken":0,"max_hp_gain":0,"max_hp_loss":0,"event_name":"SensoryStone","floor":37,"gold_loss":0},{"damage_healed":19,"gold_gain":0,"player_choice":"Writhe","damage_taken":0,"max_hp_gain":0,"max_hp_loss":0,"event_name":"Winding Halls","floor":38,"gold_loss":0,"cards_obtained":["Writhe"]}],"is_beta":false,"boss_relics":[{"not_picked":["Calling Bell","Eternal Feather"],"picked":"Ring of the Serpent"},{"not_picked":["Runic Pyramid","Orrery"],"picked":"Busted Crown"}],"items_purged_floors":[29,41],"is_endless":false,"potions_floor_spawned":[1,11,13,14,23,25,28,33,35],"ascension_level":0}