{"path_per_floor":["M","?","M","$","M","R","M","R","T","R","T","M","M","?","R","B",null,"M","?","M","M","M","R","E","?","T","M","R","M","M","?","R"],"character_chosen":"DEFECT","items_purchased":["Cold Snap"],"gold_per_floor":[116,116,127,29,46,46,64,64,64,64,119,138,151,151,151,246,246,259,174,193,211,224,224,250,175,245,261,261,280,300,300,300,300],"floor_reached":33,"campfire_rested":2,"playtime":1506,"item_purchase_floors":[4],"current_hp_per_floor":[76,69,67,67,62,62,55,55,55,55,55,46,39,39,63,69,82,80,80,82,82,68,68,56,56,56,61,82,80,79,71,71,0],"items_purged":["Strike_B"],"gold":300,"score":313,"play_id":"bbec4756-06a0-4241-8797-950a4e2231e7","local_time":"20180615093216","is_prod":false,"is_daily":false,"chose_seed":false,"is_ascension_mode":true,"campfire_upgraded":5,"win_rate":0,"timestamp":1529069536,"campfire_choices":[{"data":"Doom and Gloom","floor":6,"key":"SMITH"},{"data":"Redo","floor":8,"key":"SMITH"},{"data":"Zap","floor":10,"key":"SMITH"},{"floor":15,"key":"REST"},{"data":"Static Discharge","floor":23,"key":"SMITH"},{"floor":28,"key":"REST"},{"data":"Blizzard","floor":32,"key":"SMITH"}],"path_taken":["M","?","M","$","M","R","M","R","T","R","?","?","M","?","R","BOSS","M","?","?","M","M","R","E","?","T","M","R","?","M","?","R","BOSS"],"build_version":"2018-06-14v2","seed_source_timestamp":107264780556469,"purchased_purges":1,"victory":false,"master_deck":["Defend_B","Defend_B","Defend_B","Defend_B","Zap+1","Dualcast","Redo+1","Coolheaded","Cold Snap","Doom and Gloom+1","Self Repair","Core Surge","Self Repair+1","Static Discharge+1","Heatsinks+1","Melter","Doubt","Blizzard+1","Streamline+1"],"max_hp_per_floor":[82,82,82,82,82,82,82,82,82,82,82,82,82,82,82,82,82,82,82,82,82,82,82,82,82,82,82,82,82,82,82,82,82],"relics":["Cracked Core","DataDisk","Art of War","Cursed Key","Matryoshka","The Courier","Bag of Preparation","Bottled Lightning"],"card_choices":[{"not_picked":["Hologram","Recycle"],"picked":"Redo","floor":1},{"not_picked":["Rebound","Conserve Battery"],"picked":"Coolheaded","floor":3},{"not_picked":["Sweeping Beam","Leap"],"picked":"Doom and Gloom","floor":5},{"not_picked":["Barrage","Rip and Tear"],"picked":"Self Repair","floor":7},{"not_picked":["Barrage","Hologram","Sweeping Beam"],"picked":"SKIP","floor":12},{"not_picked":["Steam","Scrape","Redo"],"picked":"SKIP","floor":13},{"not_picked":["Multi-Cast","Hyperbeam"],"picked":"Core Surge","floor":16},{"not_picked":["Force Field","Sweeping Beam","Hologram"],"picked":"SKIP","floor":18},{"not_picked":["Leap","Redo"],"picked":"Self Repair+1","floor":20},{"not_picked":["Conserve Battery","Steam"],"picked":"Static Discharge","floor":21},{"not_picked":["Ball Lightning","Sweeping Beam"],"picked":"Heatsinks+1","floor":22},{"not_picked":["Beam Cell","Turbo"],"picked":"Melter","floor":24},{"not_picked":["Gash","Meteor Strike","Go for the Eyes"],"picked":"SKIP","floor":27},{"not_picked":["Streamline","Compile Driver"],"picked":"Blizzard","floor":29},{"not_picked":["Ball Lightning","Turbo"],"picked":"Streamline+1","floor":30}],"player_experience":567617,"potions_floor_usage":[24,27,33],"damage_taken":[{"damage":6,"enemies":"Cultist","floor":1,"turns":4},{"damage":2,"enemies":"Jaw Worm","floor":3,"turns":3},{"damage":5,"enemies":"Small Slimes","floor":5,"turns":3},{"damage":7,"enemies":"Exordium Wildlife","floor":7,"turns":2},{"damage":16,"enemies":"Exordium Thugs","floor":12,"turns":3},{"damage":14,"enemies":"Looter","floor":13,"turns":3},{"damage":1,"enemies":"The Guardian","floor":16,"turns":8},{"damage":9,"enemies":"Shell Parasite","floor":18,"turns":4},{"damage":0,"enemies":"Spheric Guardian","floor":20,"turns":3},{"damage":9,"enemies":"3 Cultists","floor":21,"turns":4},{"damage":31,"enemies":"Snake Plant","floor":22,"turns":4},{"damage":29,"enemies":"Book of Stabbing","floor":24,"turns":4},{"damage":12,"enemies":"Snecko","floor":27,"turns":4},{"damage":19,"enemies":"Centurion and Healer","floor":29,"turns":5},{"damage":18,"enemies":"Snake Plant","floor":30,"turns":4},{"damage":82,"enemies":"Automaton","floor":33,"turns":8}],"relics_obtained":[{"floor":9,"key":"DataDisk"},{"floor":11,"key":"Art of War"},{"floor":24,"key":"The Courier"},{"floor":26,"key":"Bag of Preparation"},{"floor":26,"key":"Bottled Lightning"}],"event_choices":[{"event_name":"Golden Wing","player_choice":"Card Removal","floor":2,"damage_taken":0},{"event_name":"Bonfire Elementals","player_choice":"BASIC","floor":14,"damage_taken":0},{"event_name":"Addict","player_choice":"Obtained Relic","floor":19,"damage_taken":0},{"event_name":"Beggar","player_choice":"Gave Gold","floor":25,"damage_taken":0},{"event_name":"Knowing Skull","player_choice":"","floor":31,"damage_taken":0}],"boss_relics":[{"not_picked":["White Beast Statue","Pandora\u0027s Box"],"picked":"Cursed Key"}],"items_purged_floors":[4],"is_endless":false,"potions_floor_spawned":[5,7,20,21,22,30],"seed_played":"2514816418748556986","killed_by":"Automaton","ascension_level":4,"potions_obtained":[{"floor":5,"key":"Ancient Potion"},{"floor":7,"key":"Swift Potion"},{"floor":20,"key":"SkillPotion"},{"floor":21,"key":"PowerPotion"},{"floor":30,"key":"SpeedPotion"}],"is_trial":false}