{"gold_per_floor":[115,126,126,144,161,193,193,220,220,220,240,255,280,280,280,380,380,400,415,96,113,123,123,151,151,151,168,202,202,30,30,30,127,127,138,138,138,138,151,186,199,199,199,224,243,243,262,288,288,288],"floor_reached":51,"playtime":6508,"items_purged":["Strike_G","Strike_G"],"score":1179,"play_id":"bf696ded-e95e-4600-b787-0a66abb8eff1","local_time":"20180627170826","is_ascension_mode":true,"campfire_choices":[{"data":"Defend_G","floor":7,"key":"SMITH"},{"floor":15,"key":"REST"},{"data":"After Image","floor":23,"key":"SMITH"},{"data":"Malaise","floor":25,"key":"SMITH"},{"data":"Cloak And Dagger","floor":32,"key":"SMITH"},{"data":"Apotheosis","floor":42,"key":"SMITH"},{"floor":49,"key":"DIG"}],"neow_cost":"NONE","seed_source_timestamp":65752722030586,"circlet_count":0,"master_deck":["Defend_G+1","Defend_G","Defend_G","Defend_G","Strike_G","Strike_G","Strike_G","Survivor","Neutralize","Predator","Backstab","Malaise+1","Noxious Fumes","Cloak And Dagger+1","Storm of Steel","Choke","After Image+1","Tools of the Trade","A Thousand Cuts","Quick Slash+1","Accuracy","Backflip","Blade Dance","Writhe","Malaise","Doppelganger","PiercingWail","Apotheosis+1","Enlightenment","Madness","Madness","Terror"],"relics":["Eternal Feather","Happy Flower","Question Card","Bottled Flame","Centennial Puzzle","Coffee Dripper","Paper Crane","Bag of Marbles","Vajra","Bag of Preparation","Gambling Chip","Busted Crown","NlothsMask","Unceasing Top","Blue Candle","Bronze Scales","Shovel","Blood Vial","Singing Bowl"],"potions_floor_usage":[8,13,13,13,18,19,22,28,35,45,50,50],"damage_taken":[{"damage":0,"enemies":"2 Louse","floor":1,"turns":3},{"damage":0,"enemies":"Small Slimes","floor":2,"turns":3},{"damage":2,"enemies":"Jaw Worm","floor":4,"turns":4},{"damage":3,"enemies":"Blue Slaver","floor":5,"turns":4},{"damage":14,"enemies":"Lagavulin","floor":6,"turns":8},{"damage":22,"enemies":"Gremlin Nob","floor":8,"turns":5},{"damage":8,"enemies":"Red Slaver","floor":11,"turns":5},{"damage":2,"enemies":"Exordium Wildlife","floor":12,"turns":4},{"damage":16,"enemies":"Lagavulin","floor":13,"turns":7},{"damage":23,"enemies":"Hexaghost","floor":16,"turns":15},{"damage":12,"enemies":"Chosen","floor":18,"turns":6},{"damage":29,"enemies":"2 Thieves","floor":19,"turns":4},{"damage":7,"enemies":"3 Cultists","floor":21,"turns":4},{"damage":28,"enemies":"Snake Plant","floor":22,"turns":4},{"damage":1,"enemies":"Book of Stabbing","floor":24,"turns":7},{"damage":0,"enemies":"Cultist and Chosen","floor":27,"turns":7},{"damage":0,"enemies":"Slavers","floor":28,"turns":7},{"damage":5,"enemies":"Collector","floor":33,"turns":13},{"damage":3,"enemies":"3 Darklings","floor":35,"turns":4},{"damage":2,"enemies":"Orb Walker","floor":39,"turns":4},{"damage":3,"enemies":"Giant Head","floor":40,"turns":8},{"damage":1,"enemies":"Sphere and 2 Shapes","floor":41,"turns":5},{"damage":0,"enemies":"2 Orb Walkers","floor":44,"turns":4},{"damage":8,"enemies":"Transient","floor":45,"turns":5},{"damage":0,"floor":46,"turns":5},{"damage":13,"enemies":"Maw","floor":47,"turns":6},{"damage":1,"enemies":"Nemesis","floor":48,"turns":7},{"damage":23,"enemies":"Donu and Deca","floor":50,"turns":7}],"seed_played":"-314200837778942852","potions_obtained":[{"floor":1,"key":"GhostInAJar"},{"floor":4,"key":"SpeedPotion"},{"floor":5,"key":"Poison Potion"},{"floor":8,"key":"Energy Potion"},{"floor":16,"key":"Block Potion"},{"floor":18,"key":"Fruit Juice"},{"floor":19,"key":"Poison Potion"},{"floor":27,"key":"Block Potion"},{"floor":28,"key":"GhostInAJar"},{"floor":35,"key":"EssenceOfSteel"},{"floor":39,"key":"Ancient Potion"},{"floor":45,"key":"Ancient Potion"}],"is_trial":false,"path_per_floor":["M","M","?","M","M","E","R","E","T","?","M","M","E","?","R","B",null,"M","M","$","M","M","R","E","R","T","M","E","?","$","?","R","B",null,"M","?","?","?","M","E","M","R","T","E","M","?","M","E","R","B"],"character_chosen":"THE_SILENT","items_purchased":["Paper Crane","Malaise"],"campfire_rested":1,"item_purchase_floors":[20,30],"current_hp_per_floor":[70,70,75,73,70,56,62,40,40,40,32,30,14,7,37,14,75,63,39,39,32,4,12,11,19,19,19,19,19,19,19,29,24,80,77,67,67,57,55,52,51,63,63,63,55,55,42,41,53,32],"gold":288,"neow_bonus":"BOSS_RELIC","is_prod":false,"is_daily":false,"chose_seed":false,"campfire_upgraded":5,"win_rate":0,"timestamp":1530137306,"path_taken":["M","M","?","M","M","E","R","E","T","?","M","M","E","?","R","BOSS","M","M","$","M","M","R","E","R","T","M","E","?","?","?","R","BOSS","M","?","?","?","M","E","?","R","T","E","M","?","M","E","R","BOSS"],"build_version":"2018-06-26","purchased_purges":2,"victory":true,"max_hp_per_floor":[70,70,75,75,75,75,75,75,75,75,75,75,75,75,75,75,75,75,80,80,80,80,80,80,80,80,80,80,80,80,80,80,80,80,80,80,80,80,80,80,80,80,80,80,80,80,80,80,80,80],"card_choices":[{"not_picked":["Bouncing Flask","Prepared"],"picked":"Predator","floor":1},{"not_picked":["Bouncing Flask","Bane"],"picked":"Backstab","floor":2},{"not_picked":["Cloak And Dagger","Bane"],"picked":"Malaise","floor":4},{"not_picked":["PiercingWail","Flechettes"],"picked":"Noxious Fumes","floor":5},{"not_picked":["Dagger Spray","Masterful Stab"],"picked":"Cloak And Dagger","floor":6},{"not_picked":["Dodge and Roll","PiercingWail"],"picked":"Storm of Steel","floor":8},{"not_picked":["Acrobatics","Sucker Punch","Dodge and Roll"],"picked":"Choke","floor":11},{"not_picked":["Poisoned Stab","Bane","Outmaneuver"],"picked":"After Image","floor":12},{"not_picked":["Blade Dance","Prepared","Deflect"],"picked":"Tools of the Trade","floor":13},{"not_picked":["Tools of the Trade","Envenom","Wraith Form v2"],"picked":"A Thousand Cuts","floor":16},{"not_picked":["Dodge and Roll","PiercingWail","Poisoned Stab"],"picked":"Quick Slash+1","floor":18},{"not_picked":["Reflex","Riddle With Holes","Quick Slash"],"picked":"Accuracy","floor":19},{"not_picked":["Dodge and Roll","Dagger Spray","Outmaneuver+1","Deadly Poison"],"picked":"SKIP","floor":21},{"not_picked":["Dagger Throw","Eviscerate","Quick Slash"],"picked":"Backflip","floor":22},{"not_picked":["Sucker Punch","Prepared","Tools of the Trade","Underhanded Strike"],"picked":"SKIP","floor":24},{"not_picked":["Sucker Punch","Prepared","Dodge and Roll","Bane"],"picked":"SKIP","floor":27},{"not_picked":["Dagger Spray+1","Outmaneuver","PiercingWail"],"picked":"Blade Dance","floor":28},{"not_picked":["Envenom","Corpse Explosion","Glass Knife"],"picked":"Doppelganger","floor":33},{"not_picked":["Expertise"],"picked":"PiercingWail","floor":35},{"not_picked":["Madness"],"picked":"Apotheosis","floor":36},{"not_picked":["Swift Strike"],"picked":"Enlightenment","floor":36},{"not_picked":["Flying Knee+1","Caltrops"],"picked":"SKIP","floor":39},{"not_picked":["Sucker Punch+1"],"picked":"Terror","floor":40},{"not_picked":["Skewer+1","Prepared"],"picked":"SKIP","floor":41},{"not_picked":["Dagger Spray","Caltrops"],"picked":"SKIP","floor":44},{"not_picked":["Deflect+1","Slice"],"picked":"SKIP","floor":45},{"not_picked":["Dagger Spray+1","Prepared+1"],"picked":"SKIP","floor":47},{"not_picked":["Phantasmal Killer","Dodge and Roll+1"],"picked":"SKIP","floor":48}],"player_experience":114295,"relics_obtained":[{"floor":6,"key":"Happy Flower"},{"floor":8,"key":"Question Card"},{"floor":9,"key":"Bottled Flame"},{"floor":13,"key":"Centennial Puzzle"},{"floor":24,"key":"Bag of Marbles"},{"floor":26,"key":"Vajra"},{"floor":28,"key":"Bag of Preparation"},{"floor":40,"key":"Unceasing Top"},{"floor":43,"key":"Blue Candle"},{"floor":44,"key":"Bronze Scales"},{"floor":46,"key":"Shovel"},{"floor":48,"key":"Blood Vial"},{"floor":49,"key":"Singing Bowl"}],"event_choices":[{"event_name":"Big Fish","player_choice":"Donut","floor":3,"damage_taken":0},{"event_name":"Transmorgrifier","player_choice":"Transform","floor":10,"damage_taken":0},{"event_name":"Golden Wing","player_choice":"Card Removal","floor":14,"damage_taken":0},{"event_name":"The Mausoleum","player_choice":"Yes","floor":29,"damage_taken":0},{"event_name":"Addict","player_choice":"Ignored","floor":31,"damage_taken":0},{"event_name":"SensoryStone","player_choice":"Memory 3","floor":36,"damage_taken":0},{"event_name":"FaceTrader","player_choice":"Took N\u0027loth\u0027s Mask","floor":37,"damage_taken":0},{"event_name":"Winding Halls","player_choice":"Embrace Madness","floor":38,"damage_taken":0},{"event_name":"MindBloom","player_choice":"Fight","floor":46,"damage_taken":0}],"boss_relics":[{"not_picked":["Velvet Choker","Ectoplasm"],"picked":"Coffee Dripper"},{"not_picked":["Philosopher\u0027s Stone","Fusion Hammer"],"picked":"Busted Crown"}],"items_purged_floors":[20,30],"is_endless":false,"potions_floor_spawned":[1,4,5,8,16,18,19,27,28,35,39,45],"ascension_level":2}