{"gold_per_floor":[114,114,114,114,132,132,7,7,7,41,61,22,47,62,62,138,138,154,204,204,204,218,218,235,268,268,268,268],"floor_reached":28,"playtime":1456,"items_purged":["Defend_R"],"score":464,"play_id":"adac68a1-65dd-4bf4-af59-14d0f5c36444","local_time":"20190216005545","is_ascension_mode":true,"campfire_choices":[{"data":"Blood for Blood","floor":6,"key":"SMITH"},{"data":"True Grit","floor":8,"key":"SMITH"},{"data":"Bash","floor":15,"key":"SMITH"},{"data":"Carnage","floor":23,"key":"SMITH"},{"floor":27,"key":"REST"}],"neow_cost":"NONE","seed_source_timestamp":221953168741159,"circlet_count":0,"master_deck":["AscendersBane","Strike_R","Defend_R","Defend_R","Defend_R","Bash+1","Twin Strike","Blood for Blood+1","Warcry","True Grit+1","Spot Weakness","Shrug It Off","Battle Trance","Pommel Strike","Headbutt","Limit Break","Intimidate","Carnage+1","Shrug It Off"],"relics":["Burning Blood","Kunai","Mercury Hourglass","Sundial","Ornamental Fan","Snecko Eye","Bottled Lightning"],"potions_floor_usage":[13,22,24,25],"damage_taken":[{"damage":1,"enemies":"2 Louse","floor":1,"turns":2},{"damage":0,"enemies":"Jaw Worm","floor":5,"turns":3},{"damage":2,"enemies":"Gremlin Nob","floor":10,"turns":3},{"damage":0,"enemies":"Cultist","floor":11,"turns":2},{"damage":12,"enemies":"3 Sentries","floor":13,"turns":8},{"damage":1,"enemies":"Red Slaver","floor":14,"turns":3},{"damage":35,"enemies":"Hexaghost","floor":16,"turns":7},{"damage":9,"enemies":"3 Byrds","floor":18,"turns":4},{"damage":24,"enemies":"2 Thieves","floor":22,"turns":4},{"damage":14,"enemies":"3 Cultists","floor":24,"turns":4},{"damage":42,"enemies":"Gremlin Leader","floor":25,"turns":7},{"damage":50,"enemies":"Chosen and Byrds","floor":28,"turns":4}],"seed_played":"2519613722238527996","potions_obtained":[{"floor":5,"key":"Regen Potion"},{"floor":10,"key":"Fire Potion"},{"floor":18,"key":"BloodPotion"},{"floor":22,"key":"GamblersBrew"}],"is_trial":false,"path_per_floor":["M","?","T","?","M","R","$","R","T","E","M","$","E","M","R","B",null,"M","?","?","?","M","R","M","E","T","R","M"],"character_chosen":"IRONCLAD","items_purchased":["True Grit","Battle Trance"],"campfire_rested":1,"item_purchase_floors":[7,12],"current_hp_per_floor":[73,66,66,66,72,72,72,72,72,75,75,75,69,74,74,45,68,65,65,65,65,54,54,46,25,25,47,0],"gold":268,"neow_bonus":"TRANSFORM_CARD","is_prod":false,"is_daily":false,"chose_seed":false,"campfire_upgraded":4,"win_rate":0,"timestamp":1550278545,"path_taken":["M","?","?","?","M","R","$","R","T","E","?","?","E","M","R","BOSS","M","?","?","?","M","R","M","E","T","R","M"],"build_version":"2019-02-06","purchased_purges":1,"victory":false,"max_hp_per_floor":[75,75,75,75,75,75,75,75,75,75,75,75,75,75,75,75,75,75,75,75,75,75,75,75,75,75,75,75],"card_choices":[{"not_picked":["Warcry","Blood for Blood"],"picked":"Twin Strike","floor":1},{"not_picked":["Sentinel","Rupture"],"picked":"Warcry","floor":5},{"not_picked":["Clash","Cleave"],"picked":"Spot Weakness","floor":10},{"not_picked":["Wild Strike","Flex"],"picked":"Shrug It Off","floor":11},{"not_picked":["Perfected Strike","Cleave"],"picked":"Pommel Strike","floor":13},{"not_picked":["Sword Boomerang","Seeing Red"],"picked":"Headbutt","floor":14},{"not_picked":["Exhume","Immolate"],"picked":"Limit Break","floor":16},{"not_picked":["Dropkick","Rage","Flex"],"picked":"SKIP","floor":18},{"not_picked":["Dual Wield","Perfected Strike","Sword Boomerang"],"picked":"SKIP","floor":22},{"not_picked":["Rage","Heavy Blade"],"picked":"Shrug It Off","floor":24},{"not_picked":["Thunderclap","Infernal Blade","Seeing Red"],"picked":"SKIP","floor":25}],"player_experience":919659,"relics_obtained":[{"floor":3,"key":"Kunai"},{"floor":9,"key":"Mercury Hourglass"},{"floor":10,"key":"Sundial"},{"floor":13,"key":"Ornamental Fan"},{"floor":25,"key":"Bottled Lightning"}],"event_choices":[{"cards_removed":["Strike_R"],"damage_healed":0,"gold_gain":0,"player_choice":"Card Removal","damage_taken":7,"max_hp_gain":0,"max_hp_loss":0,"event_name":"Golden Wing","floor":2,"gold_loss":0},{"damage_healed":0,"gold_gain":0,"cards_transformed":["Strike_R"],"player_choice":"Transformed","damage_taken":0,"max_hp_gain":0,"max_hp_loss":0,"event_name":"Transmorgrifier","floor":4,"gold_loss":0,"cards_obtained":["Blood for Blood"]},{"damage_healed":0,"gold_gain":50,"player_choice":"Stole From Cult","damage_taken":0,"max_hp_gain":0,"max_hp_loss":0,"event_name":"Nest","floor":19,"gold_loss":0},{"damage_healed":0,"gold_gain":0,"player_choice":"Ignored","damage_taken":0,"max_hp_gain":0,"max_hp_loss":0,"event_name":"Ghosts","floor":20,"gold_loss":0},{"damage_healed":0,"gold_gain":0,"cards_transformed":["Clash","Strike_R"],"player_choice":"Became Test Subject","damage_taken":0,"max_hp_gain":0,"max_hp_loss":0,"event_name":"Drug Dealer","floor":21,"gold_loss":0,"cards_obtained":["Intimidate","Carnage"]}],"is_beta":true,"boss_relics":[{"not_picked":["Runic Dome","Calling Bell"],"picked":"Snecko Eye"}],"items_purged_floors":[7],"is_endless":false,"potions_floor_spawned":[5,10,18,22],"killed_by":"Chosen and Byrds","ascension_level":18}