{"gold_per_floor":[114,114,114,125,140,140,160,173,219,234,245,4,4,4,4,104,104,123,48,61,61,77,77,87,87,87,16,0,18,18,28,28,133,183,194,194,211,211],"floor_reached":38,"playtime":4649,"items_purged":["Night Terror"],"score":370,"play_id":"bda4bcbf-27c3-4872-9a8d-da075643a285","local_time":"20190106142343","is_ascension_mode":false,"campfire_choices":[{"data":"Terror","floor":6,"key":"SMITH"},{"data":"Apotheosis","floor":15,"key":"SMITH"},{"data":"Burst","floor":23,"key":"SMITH"},{"data":"Calculated Gamble","floor":25,"key":"SMITH"},{"floor":32,"key":"REST"}],"neow_cost":"NONE","seed_source_timestamp":1390050470695571,"circlet_count":0,"master_deck":["Defend_G","Defend_G","Defend_G","Defend_G","Strike_G","Strike_G","Strike_G","Survivor","Neutralize","Distraction","Backflip","Terror+1","Backflip","All Out Attack","PiercingWail","Calculated Gamble+1","Outmaneuver","Apotheosis+1","Burst+1","Backflip+1","Flying Knee","Bane+1","Prepared+1","Caltrops","Heel Hook","A Thousand Cuts","Blade Dance","Blur+1"],"relics":["Ring of the Snake","Omamori","Ninja Scroll","Sozu","Orichalcum","Enchiridion","Tiny House"],"potions_floor_usage":[38,38],"damage_taken":[{"damage":8,"enemies":"Small Slimes","floor":1,"turns":3},{"damage":3,"enemies":"Jaw Worm","floor":4,"turns":5},{"damage":3,"enemies":"Cultist","floor":5,"turns":5},{"damage":5,"enemies":"Red Slaver","floor":7,"turns":4},{"damage":2,"enemies":"Looter","floor":8,"turns":5},{"damage":0,"enemies":"3 Louse","floor":10,"turns":2},{"damage":1,"enemies":"2 Fungi Beasts","floor":11,"turns":3},{"damage":24,"enemies":"Hexaghost","floor":16,"turns":9},{"damage":4,"enemies":"2 Thieves","floor":18,"turns":5},{"damage":0,"enemies":"Chosen","floor":20,"turns":6},{"damage":13,"enemies":"Centurion and Healer","floor":22,"turns":10},{"damage":0,"enemies":"Shelled Parasite and Fungi","floor":24,"turns":3},{"damage":8,"enemies":"3 Cultists","floor":29,"turns":5},{"damage":2,"enemies":"Snake Plant","floor":31,"turns":3},{"damage":15,"enemies":"Automaton","floor":33,"turns":9},{"damage":26,"enemies":"3 Darklings","floor":35,"turns":4},{"damage":3,"enemies":"Orb Walker","floor":37,"turns":4},{"damage":65,"enemies":"2 Orb Walkers","floor":38,"turns":6}],"seed_played":"3059624569132687609","potions_obtained":[{"floor":5,"key":"Ancient Potion"},{"floor":7,"key":"SneckoOil"},{"floor":8,"key":"GamblersBrew"},{"floor":11,"key":"Poison Potion"}],"is_trial":false,"path_per_floor":["M","?","?","M","M","R","M","M","T","M","M","$","?","?","R","B",null,"M","?","M","?","M","R","M","R","T","$","?","M","?","M","R","B",null,"M","?","M","?"],"character_chosen":"THE_SILENT","items_purchased":["Apotheosis","Caltrops"],"campfire_rested":1,"item_purchase_floors":[12,27],"current_hp_per_floor":[62,62,67,64,61,61,56,54,54,54,53,53,50,50,50,26,75,71,71,71,71,58,58,58,58,58,58,58,50,34,32,54,39,80,54,54,51,0],"gold":211,"neow_bonus":"TRANSFORM_CARD","is_prod":false,"is_daily":false,"chose_seed":false,"campfire_upgraded":4,"win_rate":0.0,"timestamp":1546813423,"path_taken":["M","?","?","M","M","R","M","M","T","M","M","$","?","?","R","BOSS","M","?","M","?","?","R","M","R","T","?","?","M","?","M","R","BOSS","M","?","M","?"],"build_version":"2019-01-03v4","purchased_purges":1,"victory":false,"max_hp_per_floor":[70,70,75,75,75,75,75,75,75,75,75,75,75,75,75,75,75,75,75,75,75,75,75,75,75,75,75,75,75,75,75,75,75,80,80,80,80,80],"card_choices":[{"not_picked":["Flying Knee","Deadly Poison"],"picked":"Backflip","floor":1},{"not_picked":["Prepared","Dagger Spray"],"picked":"Night Terror","floor":4},{"not_picked":["Prepared","Eviscerate"],"picked":"Backflip","floor":5},{"not_picked":["Flying Knee","Calculated Gamble"],"picked":"All Out Attack","floor":7},{"not_picked":["Deflect","Cloak And Dagger"],"picked":"PiercingWail","floor":8},{"not_picked":["Poisoned Stab","Catalyst"],"picked":"Calculated Gamble","floor":10},{"not_picked":["Leg Sweep","Deadly Poison"],"picked":"Outmaneuver","floor":11},{"not_picked":["Night Terror","Die Die Die"],"picked":"Burst","floor":16},{"not_picked":["Outmaneuver","Prepared"],"picked":"Backflip","floor":18},{"not_picked":["Bane","Poisoned Stab"],"picked":"Flying Knee","floor":20},{"not_picked":["Unload","Skewer"],"picked":"Bane+1","floor":22},{"not_picked":["Escape Plan","Deadly Poison"],"picked":"Prepared+1","floor":24},{"not_picked":["Poisoned Stab","Prepared+1"],"picked":"Heel Hook","floor":29},{"not_picked":["Quick Slash","Calculated Gamble","Deadly Poison+1"],"picked":"SKIP","floor":31},{"not_picked":["Storm of Steel","Envenom"],"picked":"A Thousand Cuts","floor":33},{"not_picked":["PiercingWail","Bane+1"],"picked":"Underhanded Strike","floor":34},{"not_picked":["Bane+1","Outmaneuver+1"],"picked":"Blade Dance","floor":35},{"not_picked":["Slice+1","Doppelganger"],"picked":"Blur+1","floor":37}],"player_experience":73448,"relics_obtained":[{"floor":9,"key":"Omamori"},{"floor":26,"key":"Orichalcum"},{"floor":30,"key":"Enchiridion"}],"event_choices":[{"damage_healed":0,"gold_gain":0,"cards_transformed":["Strike_G"],"player_choice":"Change","damage_taken":0,"max_hp_gain":0,"max_hp_loss":0,"event_name":"Living Wall","floor":2,"gold_loss":0,"cards_obtained":["Terror"]},{"damage_healed":0,"gold_gain":0,"player_choice":"Donut","damage_taken":0,"max_hp_gain":5,"max_hp_loss":0,"event_name":"Big Fish","floor":3,"gold_loss":0},{"damage_healed":0,"gold_gain":0,"player_choice":"Success","damage_taken":3,"relics_obtained":["Ninja Scroll"],"max_hp_gain":0,"max_hp_loss":0,"event_name":"Scrap Ooze","floor":13,"gold_loss":0},{"damage_healed":0,"gold_gain":0,"player_choice":"Ignored","damage_taken":0,"max_hp_gain":0,"max_hp_loss":0,"event_name":"Liars Game","floor":14,"gold_loss":0},{"cards_removed":["Strike_G"],"damage_healed":0,"gold_gain":0,"player_choice":"Gave Gold","damage_taken":0,"max_hp_gain":0,"max_hp_loss":0,"event_name":"Beggar","floor":19,"gold_loss":75},{"damage_healed":0,"gold_gain":0,"player_choice":"Cursed","damage_taken":0,"max_hp_gain":0,"max_hp_loss":0,"event_name":"Wheel of Change","floor":21,"gold_loss":0,"cards_obtained":["Decay"]},{"damage_healed":0,"gold_gain":0,"player_choice":"Paid Fearfully","damage_taken":0,"max_hp_gain":0,"max_hp_loss":0,"event_name":"Masked Bandits","floor":28,"gold_loss":16},{"damage_healed":0,"gold_gain":0,"player_choice":"Obtained Book","damage_taken":16,"max_hp_gain":0,"max_hp_loss":0,"event_name":"Cursed Tome","floor":30,"gold_loss":0},{"cards_removed":["Underhanded Strike"],"damage_healed":0,"gold_gain":0,"player_choice":"Removed Attack","damage_taken":0,"max_hp_gain":0,"max_hp_loss":0,"event_name":"Falling","floor":36,"gold_loss":0},{"damage_healed":0,"gold_gain":0,"player_choice":"Fight","damage_taken":0,"max_hp_gain":0,"max_hp_loss":0,"event_name":"Mysterious Sphere","floor":38,"gold_loss":0}],"is_beta":false,"boss_relics":[{"not_picked":["Ectoplasm","Runic Pyramid"],"picked":"Sozu"},{"not_picked":["Eternal Feather","Ring of the Serpent"],"picked":"Tiny House"}],"items_purged_floors":[12],"is_endless":false,"potions_floor_spawned":[5,7,8,11,20,29,31,35],"killed_by":"2 Orb Walkers","ascension_level":0}