{"gold_per_floor":[110,210,210,30,30,62,137,137,137,163,163,66,85,100,100,100],"floor_reached":16,"playtime":584,"items_purged":["Strike_G"],"score":250,"play_id":"7c5dee47-8b87-4ae7-bcad-b5477fa4736a","local_time":"20181027215420","is_ascension_mode":true,"campfire_choices":[{"data":"Neutralize","floor":8.0,"key":"SMITH"},{"data":"Mayhem","floor":11,"key":"SMITH"},{"floor":15,"key":"REST"}],"neow_cost":"NONE","seed_source_timestamp":1534965299123082,"circlet_count":0,"master_deck":["Defend_G","Defend_G","Defend_G","Defend_G","Defend_G","Strike_G","Strike_G","Strike_G","Survivor","Neutralize+1","AscendersBane","Backflip","Mayhem+1","Footwork","Dagger Spray","Sucker Punch","Escape Plan","PiercingWail"],"special_seed":0,"relics":["Ring of the Snake","NeowsBlessing","Matryoshka","Juzu Bracelet","Bag of Preparation","Omamori","Bottled Flame"],"potions_floor_usage":[16],"damage_taken":[{"damage":0.0,"enemies":"2 Louse","floor":1.0,"turns":1.0},{"damage":0.0,"enemies":"Gremlin Nob","floor":6.0,"turns":1.0},{"damage":0.0,"enemies":"3 Sentries","floor":10.0,"turns":1.0},{"damage":2,"enemies":"Cultist","floor":13,"turns":4},{"damage":4,"enemies":"Small Slimes","floor":14,"turns":3},{"damage":53,"enemies":"Slime Boss","floor":16,"turns":16}],"seed_played":"-4404112504190566785","potions_obtained":[{"floor":6.0,"key":"FearPotion"}],"is_trial":false,"path_per_floor":["M","?","?","$","?","E","?","R","T","E","R","$","M","M","R"],"character_chosen":"THE_SILENT","items_purchased":["Mayhem","Sucker Punch"],"campfire_rested":1,"item_purchase_floors":[4,12],"current_hp_per_floor":[63,63,56,56,49,49,38,38,38,38,38,38,36,32,53,0],"gold":100,"neow_bonus":"THREE_ENEMY_KILL","is_prod":false,"is_daily":false,"chose_seed":false,"campfire_upgraded":2,"win_rate":0,"timestamp":1540691660,"path_taken":["M","?","?","$","?","E","?","R","T","E","R","$","M","M","R","BOSS"],"build_version":"2018-10-25v2","purchased_purges":1,"victory":false,"max_hp_per_floor":[70,70,70,70,70,70,70,70,70,70,70,70,70,70,70,70],"card_choices":[{"not_picked":["Well Laid Plans","Bane"],"picked":"Backflip","floor":1.0},{"not_picked":["Endless Agony","Underhanded Strike"],"picked":"Footwork","floor":6.0},{"not_picked":["Skewer","Deflect"],"picked":"Dagger Spray","floor":10},{"not_picked":["Calculated Gamble","Sucker Punch"],"picked":"Escape Plan","floor":13},{"not_picked":["Catalyst","Setup"],"picked":"PiercingWail","floor":14}],"player_experience":1598253,"relics_obtained":[{"floor":6.0,"key":"Juzu Bracelet"},{"floor":9.0,"key":"Bag of Preparation"},{"floor":9.0,"key":"Omamori"},{"floor":10,"key":"Bottled Flame"}],"event_choices":[{"damage_healed":0.0,"max_hp_gain":0.0,"max_hp_loss":0.0,"gold_gain":100.0,"event_name":"Golden Shrine","player_choice":"Pray","floor":2.0,"gold_loss":0.0,"damage_taken":0.0},{"damage_healed":0.0,"max_hp_gain":0.0,"max_hp_loss":0.0,"gold_gain":0.0,"event_name":"Scrap Ooze","player_choice":"Success","floor":3.0,"gold_loss":0.0,"damage_taken":7.0,"relics_obtained":["Matryoshka"]},{"cards_removed":["Strike_G"],"damage_healed":0.0,"max_hp_gain":0.0,"max_hp_loss":0.0,"gold_gain":0.0,"event_name":"Golden Wing","player_choice":"Card Removal","floor":5.0,"gold_loss":0.0,"damage_taken":7.0},{"damage_healed":0.0,"max_hp_gain":0.0,"max_hp_loss":0.0,"gold_gain":75.0,"event_name":"World of Goop","player_choice":"Gather Gold","floor":7.0,"gold_loss":0.0,"damage_taken":11.0}],"is_beta":false,"boss_relics":[],"items_purged_floors":[12],"is_endless":false,"potions_floor_spawned":[6],"killed_by":"Slime Boss","ascension_level":12}