{"gold_per_floor":[114,129,144,159,9,39,39,54,79,79,94,109,139,154,154,254,254,269,284,299,299,299,299,314,314,314,344,119,134,134,149,149,249,249,264,279,279,294,294,294,324,324,324,354,9,9,24,24,24,24],"floor_reached":51,"playtime":2637,"items_purged":[],"score":891,"play_id":"d4312015-f7ae-4f55-9416-680bdfa9a7aa","local_time":"20181113095126","daily_mods":["Chimera","Colorless Cards","Lethality"],"is_ascension_mode":false,"campfire_choices":[{"floor":10,"key":"REST"},{"floor":15,"key":"REST"},{"floor":23,"key":"REST"},{"floor":25,"key":"REST"},{"data":"Reinforced Body","floor":32,"key":"SMITH"},{"data":"All For One","floor":40,"key":"SMITH"},{"floor":42,"key":"REST"},{"floor":49,"key":"REST"}],"neow_cost":"","seed_source_timestamp":0,"circlet_count":0,"master_deck":["Bash+1","Survivor","Zap","Strike_G+1","Defend_R","Defend_B","Gash","Leap","Doom and Gloom","Streamline","Leap","Swift Strike","Go for the Eyes","Conserve Battery","Seek","Stack","Electrodynamics","Sweeping Beam","Cold Snap","Stack","Writhe","Enlightenment+1","Self Repair","All For One+1","Gash","Impatience","Reinforced Body+1","Multi-Cast","Melter+1","Scrape+1","All For One+1","Conserve Battery+1","Madness","Madness","Stack+1","Cold Snap+1","Reboot","Hologram","Compile Driver","Rebound+1"],"special_seed":17848,"relics":["Cracked Core","Bag of Marbles","Calipers","Ancient Tea Set","Whetstone","Snecko Eye","Emotion Chip","Enchiridion","Ornamental Fan","Dream Catcher","Astrolabe","Bronze Scales","Singing Bowl","Ice Cream","Dead Branch"],"potions_floor_usage":[18,27,33,33,33,50,50],"damage_taken":[{"damage":4,"enemies":"Cultist","floor":1,"turns":3},{"damage":0,"enemies":"Small Slimes","floor":2,"turns":2},{"damage":1,"enemies":"2 Louse","floor":3,"turns":2},{"damage":19,"enemies":"Large Slime","floor":4,"turns":4},{"damage":16,"enemies":"3 Sentries","floor":6,"turns":4},{"damage":5,"enemies":"Lots of Slimes","floor":8,"turns":3},{"damage":0,"enemies":"Exordium Thugs","floor":11,"turns":1},{"damage":5,"enemies":"Large Slime","floor":12,"turns":3},{"damage":12,"enemies":"Lagavulin","floor":13,"turns":4},{"damage":0,"enemies":"2 Fungi Beasts","floor":14,"turns":2},{"damage":0,"enemies":"Slime Boss","floor":16,"turns":5},{"damage":6,"enemies":"2 Thieves","floor":18,"turns":3},{"damage":8,"enemies":"Shell Parasite","floor":19,"turns":3},{"damage":16,"enemies":"Cultist and Chosen","floor":20,"turns":3},{"damage":15,"enemies":"Snake Plant","floor":24,"turns":3},{"damage":0,"enemies":"Gremlin Leader","floor":27,"turns":6},{"damage":0,"enemies":"3 Cultists","floor":29,"turns":4},{"damage":6,"enemies":"Snecko","floor":31,"turns":4},{"damage":0,"enemies":"Collector","floor":33,"turns":5},{"damage":0,"enemies":"3 Darklings","floor":35,"turns":3},{"damage":0,"enemies":"3 Shapes","floor":36,"turns":1},{"damage":9,"enemies":"Transient","floor":38,"turns":5},{"damage":34,"enemies":"Nemesis","floor":41,"turns":5},{"damage":9,"enemies":"Reptomancer","floor":44,"turns":6},{"damage":13,"enemies":"Sphere and 2 Shapes","floor":47,"turns":2},{"damage":20,"enemies":"Awakened One","floor":50,"turns":8}],"seed_played":"-6844763107300469572","potions_obtained":[{"floor":1,"key":"SkillPotion"},{"floor":3,"key":"GamblersBrew"},{"floor":7,"key":"Explosive Potion"},{"floor":7,"key":"FearPotion"},{"floor":19,"key":"EssenceOfSteel"},{"floor":24,"key":"FocusPotion"},{"floor":27,"key":"SpeedPotion"},{"floor":33,"key":"SteroidPotion"},{"floor":36,"key":"Ancient Potion"},{"floor":38,"key":"Explosive Potion"}],"is_trial":false,"path_per_floor":["M","M","M","M","$","E","?","M","T","R","M","M","E","M","R","B",null,"M","M","M","?","?","R","M","R","T","E","$","M","?","M","R","B",null,"M","M","?","M","?","R","E","R","T","E","$","?","M","$","R","B",null],"character_chosen":"DEFECT","items_purchased":["Bag of Marbles","All For One","Ancient Potion","Dead Branch","Compile Driver"],"campfire_rested":6,"item_purchase_floors":[5,28,28,45,45],"current_hp_per_floor":[71,71,70,51,51,35,35,30,30,52,52,47,35,35,57,57,75,69,61,45,45,29,51,36,58,58,58,58,58,58,52,52,59,75,75,75,66,57,57,57,23,45,45,43,43,43,30,30,54,34],"gold":24,"neow_bonus":"","is_prod":false,"is_daily":true,"chose_seed":false,"campfire_upgraded":2,"win_rate":0,"timestamp":1542099086,"path_taken":["M","M","M","?","$","E","?","M","T","R","?","M","E","M","R","BOSS","M","M","M","?","?","R","M","R","T","E","$","M","?","?","R","BOSS","M","M","?","M","?","R","E","R","T","E","$","?","M","?","R","BOSS"],"build_version":"2018-11-08","purchased_purges":0,"victory":true,"max_hp_per_floor":[75,75,75,75,75,75,75,75,75,75,75,75,75,75,75,75,75,75,75,75,75,75,75,75,75,75,75,75,75,75,75,75,75,75,75,75,75,75,75,75,75,75,75,75,75,75,75,75,77,77],"card_choices":[{"not_picked":["Skim","Chaos"],"picked":"Gash","floor":1},{"not_picked":["Swift Strike","Beam Cell"],"picked":"Leap","floor":2},{"not_picked":["Aggregate","Defragment"],"picked":"Doom and Gloom","floor":3},{"not_picked":["Turbo","Steam"],"picked":"Streamline","floor":4},{"not_picked":["Finesse","Turbo"],"picked":"Leap","floor":6},{"not_picked":["Purity","Leap"],"picked":"Swift Strike","floor":8},{"not_picked":["Rebound","Coolheaded"],"picked":"Go for the Eyes","floor":11},{"not_picked":["Capacitor","Leap"],"picked":"Conserve Battery","floor":12},{"not_picked":["Steam","Coolheaded"],"picked":"Seek","floor":13},{"not_picked":["Genetic Algorithm","Turbo"],"picked":"Stack","floor":14},{"not_picked":["All For One","Reboot"],"picked":"Electrodynamics","floor":16},{"not_picked":["Finesse","Conserve Battery"],"picked":"Sweeping Beam","floor":18},{"not_picked":["Blizzard","Genetic Algorithm"],"picked":"Cold Snap","floor":19},{"not_picked":["Redo","Chaos"],"picked":"Stack","floor":20},{"not_picked":["Violence","Barrage"],"picked":"Enlightenment+1","floor":24},{"not_picked":["Compile Driver","Redo+1"],"picked":"Self Repair","floor":27},{"not_picked":["Steam","Go for the Eyes+1"],"picked":"Steam Power","floor":29},{"not_picked":["Finesse","BootSequence"],"picked":"Reinforced Body","floor":31},{"not_picked":["Machine Learning","Violence"],"picked":"Multi-Cast","floor":33},{"not_picked":["Sweeping Beam","Finesse+1","Reprogram+1"],"picked":"SKIP","floor":35},{"not_picked":["Streamline","Cold Snap"],"picked":"Conserve Battery+1","floor":36},{"not_picked":["Go for the Eyes","Barrage"],"picked":"Stack+1","floor":38},{"not_picked":["Turbo+1","Go for the Eyes+1"],"picked":"Cold Snap+1","floor":41},{"not_picked":["Impatience","Redo"],"picked":"Reboot","floor":42},{"not_picked":["Cold Snap","Forethought+1"],"picked":"Hologram","floor":44},{"not_picked":["Ball Lightning+1","Gash"],"picked":"Rebound+1","floor":47},{"not_picked":["Defragment","Rebound+1","Enlightenment+1"],"picked":"Singing Bowl","floor":49}],"player_experience":1686281,"relics_obtained":[{"floor":6,"key":"Calipers"},{"floor":9,"key":"Ancient Tea Set"},{"floor":13,"key":"Whetstone"},{"floor":22,"key":"Enchiridion"},{"floor":26,"key":"Ornamental Fan"},{"floor":27,"key":"Dream Catcher"},{"floor":41,"key":"Bronze Scales"},{"floor":43,"key":"Singing Bowl"},{"floor":44,"key":"Ice Cream"}],"event_choices":[{"damage_healed":0,"gold_gain":0,"player_choice":"Got Potions","damage_taken":0,"max_hp_gain":0,"max_hp_loss":0,"event_name":"Lab","floor":7,"gold_loss":0},{"damage_healed":0,"gold_gain":0,"player_choice":"Opened","damage_taken":0,"relics_obtained":["Emotion Chip"],"max_hp_gain":0,"max_hp_loss":0,"event_name":"The Mausoleum","floor":21,"gold_loss":0,"cards_obtained":["Writhe"]},{"damage_healed":0,"gold_gain":0,"player_choice":"Obtained Book","damage_taken":16,"max_hp_gain":0,"max_hp_loss":0,"event_name":"Cursed Tome","floor":22,"gold_loss":0},{"damage_healed":0,"gold_gain":0,"player_choice":"2 cards matched","damage_taken":0,"max_hp_gain":0,"max_hp_loss":0,"event_name":"Match and Keep!","floor":30,"gold_loss":0,"cards_obtained":["Gash","Impatience"]},{"damage_healed":0,"gold_gain":0,"player_choice":"Embrace Madness","damage_taken":9,"max_hp_gain":0,"max_hp_loss":0,"event_name":"Winding Halls","floor":37,"gold_loss":0,"cards_obtained":["Madness","Madness"]},{"damage_healed":0,"gold_gain":0,"player_choice":"Ignored","damage_taken":0,"max_hp_gain":0,"max_hp_loss":0,"event_name":"Tomb of Lord Red Mask","floor":39,"gold_loss":0},{"cards_removed":["Steam Power"],"damage_healed":0,"gold_gain":0,"player_choice":"Removed Skill","damage_taken":0,"max_hp_gain":0,"max_hp_loss":0,"event_name":"Falling","floor":46,"gold_loss":0}],"is_beta":false,"boss_relics":[{"not_picked":["Runic Dome","Fusion Hammer"],"picked":"Snecko Eye"},{"not_picked":["Runic Pyramid","Empty Cage"],"picked":"Astrolabe"}],"items_purged_floors":[],"is_endless":false,"potions_floor_spawned":[1,3,8,13,19,24,27,29,33,36,38,47],"ascension_level":0}