{"gold_per_floor":[119,129,201,214,228,228,263,263,263,263,295,295,72,104,104,176,176,187,187,187,27,37,37,71,371,371,41,41,41,72,112,112,189,189,209,222,32,45,45,45,94,94,118,146,146,146],"floor_reached":46,"playtime":2020,"items_purged":["Writhe"],"score":1150,"play_id":"fc9a24aa-727a-497e-b080-a7ab5150dcb6","local_time":"20190213210013","is_ascension_mode":true,"campfire_choices":[{"data":"Apotheosis","floor":6.0,"key":"SMITH"},{"floor":8.0,"key":"REST"},{"data":"Noxious Fumes","floor":10.0,"key":"SMITH"},{"floor":12.0,"key":"REST"},{"floor":15,"key":"REST"},{"floor":23,"key":"REST"},{"floor":28,"key":"REST"},{"floor":32,"key":"REST"},{"floor":40,"key":"REST"},{"floor":42,"key":"REST"}],"neow_cost":"TEN_PERCENT_HP_LOSS","seed_source_timestamp":83914747614594,"circlet_count":0,"master_deck":["AscendersBane","Defend_G","Defend_G","Defend_G","Defend_G","Defend_G","Strike_G","Strike_G","Strike_G","Strike_G","Strike_G","Survivor","Neutralize","Thinking Ahead","Apotheosis+1","Noxious Fumes+1","Noxious Fumes","Catalyst","Escape Plan","After Image","Skewer","Corpse Explosion","Mind Blast","Magnetism","Footwork","Shrug It Off+1","Transmutation","Noxious Fumes","Malaise","Calculated Gamble","Blind+1","Spot Weakness","Parasite","Feel No Pain"],"special_seed":0,"relics":["Ring of the Snake","Shuriken","Ornamental Fan","Pen Nib","OrangePellets","Centennial Puzzle","Gremlin Horn","Fusion Hammer","Bag of Marbles","Bag of Preparation","Gambling Chip","PrismaticShard","Prayer Wheel","Molten Egg 2","Ancient Tea Set","Cursed Key","Meat on the Bone","Old Coin"],"potions_floor_usage":[33,44],"damage_taken":[{"damage":0.0,"enemies":"Cultist","floor":1.0,"turns":3.0},{"damage":1.0,"enemies":"Jaw Worm","floor":2.0,"turns":3.0},{"damage":1.0,"enemies":"2 Louse","floor":4.0,"turns":3.0},{"damage":20.0,"enemies":"Large Slime","floor":5.0,"turns":7.0},{"damage":19.0,"enemies":"3 Sentries","floor":7.0,"turns":6.0},{"damage":29.0,"enemies":"Gremlin Nob","floor":11.0,"turns":4.0},{"damage":11,"enemies":"Lagavulin","floor":14,"turns":6},{"damage":0,"enemies":"Hexaghost","floor":16,"turns":7},{"damage":10,"enemies":"Spheric Guardian","floor":18,"turns":4},{"damage":22,"enemies":"2 Thieves","floor":22,"turns":3},{"damage":13,"enemies":"Slavers","floor":24,"turns":3},{"damage":45,"enemies":"Book of Stabbing","floor":30,"turns":6},{"damage":3,"enemies":"3 Cultists","floor":31,"turns":4},{"damage":40,"enemies":"Collector","floor":33,"turns":9},{"damage":22,"enemies":"Orb Walker","floor":35,"turns":4},{"damage":17,"enemies":"3 Darklings","floor":36,"turns":3},{"damage":0,"enemies":"4 Shapes","floor":38,"turns":5},{"damage":4,"enemies":"2 Orb Walkers","floor":41,"turns":3},{"damage":43,"enemies":"Reptomancer","floor":44,"turns":6},{"damage":39,"enemies":"Giant Head","floor":46,"turns":8}],"seed_played":"-7641950625894447363","potions_obtained":[{"floor":5.0,"key":"EssenceOfSteel"},{"floor":7.0,"key":"GamblersBrew"},{"floor":14,"key":"SpeedPotion"},{"floor":18,"key":"FairyPotion"},{"floor":33,"key":"GhostInAJar"},{"floor":44,"key":"Weak Potion"}],"is_trial":false,"path_per_floor":["M","M","T","M","M","R","E","R","T","R","E","R","$","E","R","B",null,"M","?","T","$","M","R","E","?","T","$","R","?","E","M","R","B",null,"M","M","$","M","?","R","?","R","T","E","$","E"],"character_chosen":"THE_SILENT","items_purchased":["PrismaticShard","Ancient Tea Set","Footwork","OrangePellets","Malaise","Calculated Gamble"],"campfire_rested":8,"item_purchase_floors":[13,21,27,27,37,37],"current_hp_per_floor":[59,58,58,57,37,37,18,36,36,36,7,25,25,14,32,32,53,43,43,43,43,33,51,38,38,38,38,56,56,23,32,50,22,51,41,36,36,36,36,53,49,57,57,26,26,0],"gold":146,"neow_bonus":"RANDOM_COLORLESS_2","is_prod":false,"is_daily":false,"chose_seed":false,"campfire_upgraded":2,"win_rate":0,"timestamp":1550088013,"path_taken":["M","M","?","?","M","R","E","R","T","R","E","R","?","E","R","BOSS","M","?","?","?","M","R","E","?","T","$","R","?","E","?","R","BOSS","M","M","$","M","?","R","?","R","T","E","?","E"],"build_version":"2019-01-23","purchased_purges":1,"victory":false,"max_hp_per_floor":[60,60,60,60,60,60,60,60,60,60,60,60,60,60,60,60,60,60,60,60,60,60,60,60,60,60,60,60,60,60,60,60,60,60,60,60,60,60,57,57,57,57,57,57,57,57],"card_choices":[{"not_picked":["Slice","Outmaneuver","Riddle With Holes"],"picked":"SKIP","floor":1.0},{"not_picked":["Reflex","Flying Knee"],"picked":"Noxious Fumes","floor":2.0},{"not_picked":["Prepared","Underhanded Strike"],"picked":"Noxious Fumes","floor":4.0},{"not_picked":["Dagger Spray","Flechettes"],"picked":"Catalyst","floor":5.0},{"not_picked":["Dash","Reflex"],"picked":"Escape Plan","floor":7.0},{"not_picked":["Tools of the Trade","Blade Dance"],"picked":"After Image","floor":11.0},{"not_picked":["Rebound","Dodge and Roll"],"picked":"Skewer","floor":14},{"not_picked":["Core Surge","Master of Strategy"],"picked":"Corpse Explosion","floor":16},{"not_picked":["Twin Strike","Skewer","Reprogram"],"picked":"SKIP","floor":18},{"not_picked":["Rebound","Gash","Wild Strike"],"picked":"SKIP","floor":18},{"not_picked":["Darkness","Clash+1"],"picked":"Mind Blast","floor":22},{"not_picked":["Intimidate","Dagger Spray","Deadly Poison"],"picked":"SKIP","floor":22},{"not_picked":["Hello World","Blade Dance"],"picked":"Magnetism","floor":24},{"not_picked":["Wild Strike+1","Ball Lightning+1","Heatsinks"],"picked":"SKIP","floor":30},{"not_picked":["Acrobatics","Defragment"],"picked":"Shrug It Off+1","floor":31},{"not_picked":["Acrobatics","Iron Wave+1","Pommel Strike+1"],"picked":"SKIP","floor":31},{"not_picked":["Magnetism","Secret Technique"],"picked":"Transmutation","floor":33},{"not_picked":["Hologram","Discovery"],"picked":"Noxious Fumes","floor":35},{"not_picked":["Anger+1","Dagger Throw+1","Wild Strike+1"],"picked":"SKIP","floor":35},{"not_picked":["Clash+1","Slice+1","Flex+1"],"picked":"SKIP","floor":36},{"not_picked":["Hologram","Anger+1","Turbo"],"picked":"SKIP","floor":36},{"not_picked":["Flex+1","Coolheaded"],"picked":"Blind+1","floor":38},{"not_picked":["Flying Knee+1","Uppercut+1","Offering"],"picked":"SKIP","floor":38},{"not_picked":["Poisoned Stab+1","Corruption"],"picked":"Spot Weakness","floor":41},{"not_picked":["Dropkick+1","Exhume"],"picked":"Feel No Pain","floor":44}],"player_experience":1414746,"relics_obtained":[{"floor":3.0,"key":"Shuriken"},{"floor":7.0,"key":"Bag of Marbles"},{"floor":9.0,"key":"Ornamental Fan"},{"floor":11.0,"key":"Bag of Preparation"},{"floor":14,"key":"Prayer Wheel"},{"floor":20,"key":"Meat on the Bone"},{"floor":24,"key":"Pen Nib"},{"floor":26,"key":"Molten Egg 2"},{"floor":30,"key":"Centennial Puzzle"},{"floor":41,"key":"Gambling Chip"},{"floor":44,"key":"Gremlin Horn"}],"event_choices":[{"damage_healed":0,"gold_gain":0,"player_choice":"Ignored","damage_taken":0,"max_hp_gain":0,"max_hp_loss":0,"event_name":"Ghosts","floor":19,"gold_loss":0},{"damage_healed":0,"gold_gain":0,"player_choice":"Opened","damage_taken":0,"relics_obtained":["Old Coin"],"max_hp_gain":0,"max_hp_loss":0,"event_name":"The Mausoleum","floor":25,"gold_loss":0,"cards_obtained":["Writhe"]},{"damage_healed":0,"gold_gain":0,"player_choice":"Ignored","damage_taken":0,"max_hp_gain":0,"max_hp_loss":0,"event_name":"Vampires","floor":29,"gold_loss":0},{"damage_healed":0,"gold_gain":0,"player_choice":"Max HP","damage_taken":0,"max_hp_gain":0,"max_hp_loss":3,"event_name":"Winding Halls","floor":39,"gold_loss":0},{"damage_healed":0,"gold_gain":0,"player_choice":"Fight","damage_taken":0,"max_hp_gain":0,"max_hp_loss":0,"event_name":"Mysterious Sphere","floor":41,"gold_loss":0}],"is_beta":false,"boss_relics":[{"not_picked":["Pandora\u0027s Box","Runic Dome"],"picked":"Fusion Hammer"},{"not_picked":["Black Star","Lizard Tail"],"picked":"Cursed Key"}],"items_purged_floors":[27],"is_endless":false,"potions_floor_spawned":[5,7,14,18,30,33,38,41,44],"killed_by":"Giant Head","ascension_level":20}