{"gold_per_floor":[114,131,13,13,13,13,13,13,87,98,4,34,49,66,66,166,166,180,95,95,115,26,38,38,52,52,75,88,88,105,124,124,221,221,235,249,48,0,0,0,13,13,13,33,43,57,57,31,31,31],"floor_reached":50,"playtime":2212,"items_purged":["Strike_B","Doubt"],"score":677,"play_id":"51b38322-2530-49c5-9466-11fce1bcc4ec","local_time":"20180702123158","is_ascension_mode":true,"campfire_choices":[{"data":"Zap","floor":7,"key":"SMITH"},{"data":"Sunder","floor":15,"key":"SMITH"},{"data":"Hologram","floor":24,"key":"SMITH"},{"data":"Gash","floor":29,"key":"SMITH"},{"floor":32,"key":"REST"},{"data":"Steam Power","floor":40,"key":"SMITH"},{"data":"Coolheaded","floor":42,"key":"SMITH"},{"floor":47,"key":"REST"},{"data":"Dualcast","floor":49,"key":"SMITH"}],"neow_cost":"NONE","seed_source_timestamp":663903228020418,"circlet_count":0,"master_deck":["Defend_B","Defend_B","Defend_B","Defend_B","Zap+1","Dualcast+1","Self Repair","Sunder+1","All For One","Hologram+1","Gash+1","Beam Cell","Self Repair+1","Cold Snap","Go for the Eyes","Go for the Eyes","Machine Learning+1","Cold Snap+1","Go for the Eyes","Melter","Electrodynamics+1","Gash","Writhe","Beam Cell","Steam Power+1","Coolheaded+1","Thunder Strike","Beam Cell","Leap+1","Coolheaded+1","Go for the Eyes","Static Discharge+1","Scrape","Pain","Hologram+1","Streamline+1","Gash"],"relics":["Cracked Core","Whetstone","Vajra","Frozen Egg 2","Smiling Mask","Oddly Smooth Stone","Cursed Key","Blue Candle","Ancient Tea Set","Regal Pillow","Empty Cage","Red Mask","Letter Opener"],"potions_floor_usage":[2,12,12,23,33,33,33,50,50],"damage_taken":[{"damage":2,"enemies":"Jaw Worm","floor":1,"turns":3},{"damage":0,"enemies":"2 Louse","floor":2,"turns":2},{"damage":1,"enemies":"Cultist","floor":10,"turns":3},{"damage":20,"enemies":"Gremlin Nob","floor":12,"turns":3},{"damage":15,"enemies":"Exordium Thugs","floor":13,"turns":3},{"damage":0,"enemies":"Large Slime","floor":14,"turns":5},{"damage":51,"enemies":"The Guardian","floor":16,"turns":11},{"damage":11,"enemies":"Spheric Guardian","floor":18,"turns":3},{"damage":20,"enemies":"Chosen","floor":21,"turns":4},{"damage":13,"enemies":"Centurion and Healer","floor":23,"turns":3},{"damage":0,"enemies":"Snecko","floor":25,"turns":3},{"damage":12,"enemies":"Cultist and Chosen","floor":28,"turns":4},{"damage":32,"enemies":"Centurion and Healer","floor":30,"turns":5},{"damage":12,"enemies":"Sentry and Sphere","floor":31,"turns":3},{"damage":49,"enemies":"Automaton","floor":33,"turns":7},{"damage":22,"enemies":"Orb Walker","floor":35,"turns":3},{"damage":10,"enemies":"3 Shapes","floor":36,"turns":3},{"damage":7,"enemies":"Sphere and 2 Shapes","floor":41,"turns":3},{"damage":3,"enemies":"4 Shapes","floor":44,"turns":5},{"damage":27,"enemies":"3 Darklings","floor":45,"turns":5},{"damage":33,"enemies":"Maw","floor":46,"turns":6},{"damage":83,"enemies":"Donu and Deca","floor":50,"turns":5}],"seed_played":"6076996622159272747","potions_obtained":[{"floor":1,"key":"Fruit Juice"},{"floor":8,"key":"Fire Potion"},{"floor":8,"key":"Energy Potion"},{"floor":8,"key":"FocusPotion"},{"floor":21,"key":"AttackPotion"},{"floor":23,"key":"Weak Potion"},{"floor":31,"key":"EssenceOfSteel"},{"floor":36,"key":"SteroidPotion"},{"floor":41,"key":"Fire Potion"},{"floor":44,"key":"LiquidBronze"}],"is_trial":false,"path_per_floor":["M","M","$","?","T","$","R","?","T","M","$","E","M","M","R","B",null,"M","?","?","M","$","M","R","M","T","T","M","R","M","M","R","B",null,"M","M","$","?","$","R","M","R","T","M","M","M","R","$","R"],"character_chosen":"DEFECT","items_purchased":["All For One","Hologram","Beam Cell","Self Repair+1","Melter","Coolheaded","Go for the Eyes","Static Discharge+1","Gash"],"campfire_rested":2,"item_purchase_floors":[3,3,11,11,22,37,37,37,48],"current_hp_per_floor":[66,78,78,53,53,53,53,53,53,59,59,56,58,75,75,41,70,76,76,76,73,73,70,70,77,77,77,80,80,65,60,80,48,72,60,67,67,67,67,67,67,67,67,80,70,54,80,80,80,0],"gold":31,"neow_bonus":"RANDOM_COMMON_RELIC","is_prod":false,"is_daily":false,"chose_seed":false,"campfire_upgraded":7,"win_rate":0,"timestamp":1530549118,"path_taken":["M","M","$","?","?","$","R","?","T","?","?","E","M","?","R","BOSS","M","?","?","M","$","?","R","M","T","?","?","R","?","?","R","BOSS","M","M","$","?","$","R","?","R","T","?","M","M","R","?","R","BOSS"],"build_version":"2018-06-28","purchased_purges":2,"victory":false,"max_hp_per_floor":[75,80,80,80,80,80,80,80,80,80,80,80,80,80,80,80,80,80,80,80,80,80,80,80,80,80,80,80,80,80,80,80,80,80,80,80,80,80,80,80,80,80,80,80,80,80,80,80,80,80],"card_choices":[{"not_picked":["Ball Lightning","Go for the Eyes"],"picked":"Self Repair","floor":1},{"not_picked":["Steam","Go for the Eyes"],"picked":"Sunder","floor":2},{"not_picked":["Stack","Conserve Battery"],"picked":"Gash","floor":10},{"not_picked":["Turbo","Stack"],"picked":"Cold Snap","floor":12},{"not_picked":["Hello World+1","Hologram"],"picked":"Go for the Eyes","floor":13},{"not_picked":["BootSequence","Tempest"],"picked":"Go for the Eyes","floor":14},{"not_picked":["Fission","Core Surge"],"picked":"Machine Learning+1","floor":16},{"not_picked":["Recycle","Rebound"],"picked":"Cold Snap+1","floor":18},{"not_picked":["Doom and Gloom","Blizzard"],"picked":"Go for the Eyes","floor":21},{"not_picked":["Self Repair+1","Ball Lightning"],"picked":"Electrodynamics+1","floor":23},{"not_picked":["Hologram+1","Conserve Battery"],"picked":"Gash","floor":25},{"not_picked":["Force Field","Genetic Algorithm"],"picked":"Beam Cell","floor":28},{"not_picked":["Recycle","Sunder"],"picked":"Steam Power","floor":30},{"not_picked":["Rebound","Capacitor+1"],"picked":"Coolheaded+1","floor":31},{"not_picked":["Amplify","Fission"],"picked":"Thunder Strike","floor":33},{"not_picked":["Ball Lightning+1","Rip and Tear+1"],"picked":"Beam Cell","floor":35},{"not_picked":["Consume","Ball Lightning"],"picked":"Leap+1","floor":36},{"not_picked":["Barrage+1","Coolheaded"],"picked":"Scrape","floor":41},{"not_picked":["Go for the Eyes+1","Reinforced Body+1"],"picked":"Hologram+1","floor":44},{"not_picked":["Hologram","Machine Learning+1"],"picked":"Streamline+1","floor":45},{"not_picked":["Darkness+1","Beam Cell","Reinforced Body+1"],"picked":"SKIP","floor":46}],"player_experience":908671,"relics_obtained":[{"floor":5,"key":"Frozen Egg 2"},{"floor":9,"key":"Smiling Mask"},{"floor":12,"key":"Oddly Smooth Stone"},{"floor":26,"key":"Ancient Tea Set"},{"floor":27,"key":"Regal Pillow"},{"floor":43,"key":"Letter Opener"}],"event_choices":[{"event_name":"Scrap Ooze","player_choice":"success","floor":4,"damage_taken":25},{"event_name":"The Lab","player_choice":"Got Potions","floor":8,"damage_taken":0},{"event_name":"Addict","player_choice":"Obtained Relic","floor":19,"damage_taken":0},{"event_name":"Bonfire Elementals","player_choice":"BASIC","floor":20,"damage_taken":0},{"event_name":"Tomb of Lord Red Mask","player_choice":"Paid","floor":38,"damage_taken":0}],"boss_relics":[{"not_picked":["Ectoplasm","Tiny House"],"picked":"Cursed Key"},{"not_picked":["Pandora\u0027s Box","Runic Dome"],"picked":"Empty Cage"}],"items_purged_floors":[22,37],"is_endless":false,"potions_floor_spawned":[1,10,21,23,31,36,41,44],"killed_by":"Donu and Deca","ascension_level":7}