{"gold_per_floor":[116,126,136,62,81,81,109,109,109,121,121,150,150,75,75,171,171,181,280,280,180,161,161],"floor_reached":23,"playtime":1492,"items_purged":["Strike_R","Strike_R"],"score":239,"play_id":"2a4edadc-e3ad-46ff-ae9b-a192ed649f5b","local_time":"20180627191137","is_ascension_mode":true,"campfire_choices":[{"floor":6,"key":"REST"},{"data":"True Grit","floor":13,"key":"SMITH"},{"floor":15,"key":"REST"}],"neow_cost":"NONE","seed_source_timestamp":256680524754409,"circlet_count":0,"master_deck":["Strike_R","Strike_R","Strike_R","Defend_R","Defend_R","Defend_R","Defend_R","Bash","Clash","Headbutt","Cleave","Rampage","Dropkick","True Grit+1","Pommel Strike","Fiend Fire","Reaper","Dropkick","Thunderclap","Impervious","Decay"],"relics":["Burning Blood","NeowsBlessing","Bottled Flame","Darkstone Periapt","Meat on the Bone","Orrery"],"potions_floor_usage":[7,16,23,23],"damage_taken":[{"damage":0,"enemies":"Jaw Worm","floor":1,"turns":1},{"damage":0,"enemies":"2 Louse","floor":2,"turns":1},{"damage":0,"enemies":"Cultist","floor":3,"turns":1},{"damage":23,"enemies":"Lots of Slimes","floor":5,"turns":3},{"damage":30,"enemies":"Lagavulin","floor":7,"turns":5},{"damage":12,"enemies":"Looter","floor":10,"turns":3},{"damage":24,"enemies":"3 Sentries","floor":12,"turns":6},{"damage":78,"enemies":"Hexaghost","floor":16,"turns":10},{"damage":47,"enemies":"3 Byrds","floor":18,"turns":7},{"damage":41,"enemies":"2 Thieves","floor":22,"turns":4},{"damage":77,"enemies":"Slavers","floor":23,"turns":4}],"seed_played":"-6136800909489997428","potions_obtained":[{"floor":1,"key":"Fire Potion"},{"floor":2,"key":"Swift Potion"},{"floor":12,"key":"Regen Potion"},{"floor":16,"key":"SteroidPotion"},{"floor":22,"key":"Regen Potion"}],"is_trial":false,"path_per_floor":["M","M","M","$","M","R","E","?","T","M","?","E","R","$","R","B",null,"M","?","?","$","M"],"character_chosen":"IRONCLAD","items_purchased":["Rampage"],"campfire_rested":2,"item_purchase_floors":[4],"current_hp_per_floor":[80,80,80,80,63,80,56,80,80,74,74,56,56,56,80,35,80,57,57,63,63,48,0],"gold":161,"neow_bonus":"THREE_ENEMY_KILL","is_prod":false,"is_daily":false,"chose_seed":false,"campfire_upgraded":1,"win_rate":0,"timestamp":1530141097,"path_taken":["M","M","M","$","M","R","E","?","T","?","?","E","R","$","R","BOSS","M","?","?","$","M","E"],"build_version":"2018-06-21v2","purchased_purges":2,"victory":false,"max_hp_per_floor":[80,80,80,80,80,80,80,80,80,80,80,80,80,80,80,80,80,80,80,86,86,86,86],"card_choices":[{"not_picked":["Armaments","Sword Boomerang"],"picked":"Clash","floor":1},{"not_picked":["Fire Breathing","Twin Strike"],"picked":"Headbutt","floor":2},{"not_picked":["Pommel Strike","Sword Boomerang"],"picked":"Cleave","floor":3},{"not_picked":["Perfected Strike","Warcry"],"picked":"Dropkick","floor":5},{"not_picked":["Perfected Strike","Fire Breathing"],"picked":"True Grit","floor":7},{"not_picked":["Seeing Red","Anger"],"picked":"Pommel Strike","floor":10},{"not_picked":["Body Slam","Perfected Strike"],"picked":"Fiend Fire","floor":12},{"not_picked":["Berserk","Double Tap"],"picked":"Reaper","floor":16},{"not_picked":["Twin Strike","Pommel Strike"],"picked":"Dropkick","floor":17},{"not_picked":["Perfected Strike","Iron Wave"],"picked":"Thunderclap","floor":17},{"not_picked":["Warcry","Sentinel"],"picked":"Impervious","floor":17},{"not_picked":["Armaments","Twin Strike+1","Power Through"],"picked":"SKIP","floor":18},{"not_picked":["Thunderclap","Pommel Strike","Evolve"],"picked":"SKIP","floor":22}],"player_experience":815470,"relics_obtained":[{"floor":7,"key":"Bottled Flame"},{"floor":9,"key":"Darkstone Periapt"},{"floor":12,"key":"Meat on the Bone"}],"event_choices":[{"event_name":"Big Fish","player_choice":"Banana","floor":8,"damage_taken":0},{"event_name":"Golden Idol","player_choice":"Ignored","floor":11,"damage_taken":0},{"event_name":"Nest","player_choice":"Stole From Cult","floor":19,"damage_taken":0},{"event_name":"Forgotten Altar","player_choice":"Smashed Altar","floor":20,"damage_taken":0}],"boss_relics":[{"not_picked":["Snecko Eye","Runic Dome"],"picked":"Orrery"}],"items_purged_floors":[14,21],"is_endless":false,"potions_floor_spawned":[1,2,12,16,22],"killed_by":"Slavers","ascension_level":4}