{"path_per_floor":["M","M","?","$","M","E","R","M","T","M","?","R","$","?","R","B",null,"M","M","$","M"],"character_chosen":"IRONCLAD","items_purchased":["Rampage","Block Potion"],"gold_per_floor":[110,129,79,4,23,58,58,68,68,87,67,67,10,10,10,106,106,118,134,13,28,28],"floor_reached":22,"campfire_rested":1,"playtime":719,"current_hp_per_floor":[80,80,80,80,80,62,62,63,63,57,57,80,80,80,80,52,80,64,50,50,40,0],"items_purged":["Strike_R","Strike_R"],"gold":28,"score":195,"play_id":"9b4b964d-7d73-4f53-b2e5-b5e2d6981c39","local_time":"20180328202014","is_prod":false,"is_daily":false,"is_ascension_mode":true,"campfire_upgraded":2,"timestamp":1522257614,"path_taken":["M","M","?","$","M","E","R","M","T","M","?","R","$","?","R","BOSS","M","M","$","M","?"],"build_version":"2018-03-22v2","purchased_purges":4,"victory":false,"master_deck":["Strike_R","Strike_R","Strike_R","Defend_R","Defend_R","Defend_R","Defend_R","Rampage+1","Double Tap","Rampage+1"],"max_hp_per_floor":[80,80,80,80,80,80,80,80,80,80,80,80,80,80,80,80,80,80,80,80,80,80],"relics":["Burning Blood","NeowsBlessing","Torii","The Courier","Velvet Choker"],"card_choices":[{"not_picked":["Wild Strike","Inflame"],"picked":"Rampage","floor":2},{"not_picked":["Sword Boomerang","Warcry"],"picked":"Double Tap","floor":10}],"player_experience":205006,"potions_floor_usage":[6,16,16,16,19,21],"damage_taken":[{"damage":0,"enemies":"Jaw Worm","floor":1,"turns":1},{"damage":0,"enemies":"Small Slimes","floor":2,"turns":1},{"damage":0,"enemies":"Cultist","floor":5,"turns":1},{"damage":24,"enemies":"Lagavulin","floor":6,"turns":8},{"damage":5,"enemies":"Gremlin Gang","floor":8,"turns":6},{"damage":12,"enemies":"Large Slime","floor":10,"turns":6},{"damage":34,"enemies":"Slime Boss","floor":16,"turns":11},{"damage":22,"enemies":"Spheric Guardian","floor":18,"turns":5},{"damage":20,"enemies":"Shell Parasite","floor":19,"turns":4},{"damage":16,"enemies":"Snake Plant","floor":21,"turns":5},{"damage":43,"enemies":"Cultist and Chosen","floor":22,"turns":6}],"event_choices":[{"event_name":"The Cleric","player_choice":"Card Removal","floor":3,"damage_taken":0},{"event_name":"The Woman in Blue","player_choice":"Bought 1 Potion","floor":11,"damage_taken":0},{"event_name":"Golden Idol","player_choice":"Ignored","floor":14,"damage_taken":0}],"boss_relics":[{"not_picked":["Astrolabe","Question Card"],"picked":"Velvet Choker"}],"potions_floor_spawned":[2,5,8,18],"seed_played":"6227210626155310300","killed_by":"Cultist and Chosen","ascension_level":1,"is_trial":false}