{"gold_per_floor":[118,193,82,102,119,149,149,160,186,186,204,227,227,241,241,345,345,365,169,169,268,278,303,303,318,386,386,80,80,80,96,96,200,200,210,7,17,32,132,132,132,132,132,0,0,11,27,57,57,57],"floor_reached":50,"playtime":2419,"items_purged":["Strike_B","Strike_B"],"score":515,"play_id":"50e30d71-a619-448c-9686-fb10681013d1","local_time":"20181105130711","is_ascension_mode":false,"campfire_choices":[{"floor":7,"key":"REST"},{"floor":15,"key":"REST"},{"floor":24,"key":"REST"},{"floor":27,"key":"REST"},{"floor":32,"key":"REST"},{"data":"1","floor":41,"key":"LIFT"},{"data":"2","floor":45,"key":"LIFT"},{"floor":49,"key":"REST"}],"neow_cost":"NONE","seed_source_timestamp":2282623318168254,"circlet_count":0,"master_deck":["Strike_B","Defend_B","Defend_B","Defend_B+1","Defend_B","Zap","Dualcast+1","Gash","Sunder","Cold Snap","Glacier","Rebound","Streamline","FTL","Echo Form","Gash+1","FTL","Go for the Eyes","Self Repair+1","Hologram","Go for the Eyes","Gash+1","Gash+1","Hologram","Parasite","Doubt","Leap"],"relics":["Cracked Core","NeowsBlessing","Ancient Tea Set","Blood Vial","Odd Mushroom","Sozu","Singing Bowl","PreservedInsect","Gremlin Horn","Calipers","Cursed Key","DollysMirror","Girya","Ornamental Fan","Ice Cream","Red Mask","War Paint"],"potions_floor_usage":[6,12,16,18],"damage_taken":[{"damage":0,"enemies":"Jaw Worm","floor":1,"turns":1},{"damage":0,"enemies":"Small Slimes","floor":4,"turns":1},{"damage":0,"enemies":"2 Louse","floor":5,"turns":1},{"damage":50,"enemies":"Lagavulin","floor":6,"turns":6},{"damage":0,"enemies":"Large Slime","floor":8,"turns":6},{"damage":10,"enemies":"Lots of Slimes","floor":11,"turns":4},{"damage":5,"enemies":"The Mushroom Lair","floor":12,"turns":3},{"damage":9,"enemies":"Blue Slaver","floor":14,"turns":3},{"damage":16,"enemies":"The Guardian","floor":16,"turns":13},{"damage":23,"enemies":"2 Thieves","floor":18,"turns":4},{"damage":5,"enemies":"Chosen","floor":22,"turns":4},{"damage":44,"enemies":"Slavers","floor":23,"turns":5},{"damage":30,"enemies":"Sentry and Sphere","floor":25,"turns":6},{"damage":31,"enemies":"Snake Plant","floor":31,"turns":5},{"damage":29,"enemies":"Automaton","floor":33,"turns":10},{"damage":16,"enemies":"Orb Walker","floor":35,"turns":4},{"damage":37,"enemies":"3 Darklings","floor":37,"turns":7},{"damage":11,"enemies":"Maw","floor":38,"turns":8},{"damage":0,"enemies":"Mind Bloom Boss Battle","floor":39,"turns":6},{"damage":44,"enemies":"Spire Growth","floor":46,"turns":5},{"damage":13,"enemies":"3 Darklings","floor":47,"turns":6},{"damage":18,"enemies":"Giant Head","floor":48,"turns":8},{"damage":70,"enemies":"Time Eater","floor":50,"turns":7}],"seed_played":"7447484128240628688","potions_obtained":[{"floor":4,"key":"FocusPotion"},{"floor":11,"key":"Fire Potion"},{"floor":12,"key":"Dexterity Potion"},{"floor":16,"key":"Block Potion"}],"is_trial":false,"path_per_floor":["M","?","$","M","M","E","R","M","T","?","M","?","?","M","R","B",null,"M","$","T","?","M","E","R","M","T","R","$","?","?","M","R","B",null,"M","$","M","M","?","T","R","?","T","?","R","M","M","E","R","B"],"character_chosen":"DEFECT","items_purchased":["Sunder","FTL","Go for the Eyes","Calipers","DollysMirror"],"campfire_rested":6,"item_purchase_floors":[3,19,19,28,36],"current_hp_per_floor":[75,64,64,64,64,14,36,36,36,29,21,18,18,11,33,19,75,52,52,52,52,49,17,39,23,23,46,46,71,71,52,75,60,79,75,75,50,63,83,83,83,79,79,79,79,47,48,42,66,0],"gold":57,"neow_bonus":"THREE_ENEMY_KILL","is_prod":false,"is_daily":false,"chose_seed":false,"campfire_upgraded":0,"win_rate":0,"timestamp":1541441231,"path_taken":["M","?","$","M","M","E","R","M","T","?","M","?","?","M","R","BOSS","M","$","?","?","M","E","R","M","T","R","$","?","?","M","R","BOSS","M","$","M","M","?","?","R","?","T","?","R","?","M","E","R","BOSS"],"build_version":"2018-11-01","purchased_purges":2,"victory":false,"max_hp_per_floor":[75,75,75,75,75,75,75,75,75,75,75,75,75,75,75,75,75,75,75,75,75,75,75,75,77,77,77,77,77,77,77,77,79,79,81,81,81,83,83,83,83,79,79,79,79,81,83,83,83,83],"card_choices":[{"not_picked":["Go for the Eyes","Darkness"],"picked":"Gash","floor":1},{"not_picked":["Steam","Compile Driver"],"picked":"Cold Snap","floor":4},{"not_picked":["Biased Cognition","Rebound"],"picked":"Glacier","floor":5},{"not_picked":["Blizzard","Compile Driver","Static Discharge"],"picked":"SKIP","floor":6},{"not_picked":["Barrage","Stack"],"picked":"Rebound","floor":8},{"not_picked":["Force Field","Barrage","Conserve Battery"],"picked":"SKIP","floor":11},{"not_picked":["Lockon","Redo"],"picked":"Streamline","floor":12},{"not_picked":["Machine Learning","Conserve Battery"],"picked":"FTL","floor":14},{"not_picked":["Biased Cognition","Creative AI"],"picked":"Echo Form","floor":16},{"not_picked":["Turbo+1","Melter"],"picked":"Gash+1","floor":18},{"not_picked":["Capacitor","Reinforced Body+1"],"picked":"Self Repair+1","floor":22},{"not_picked":["Conserve Battery","Buffer"],"picked":"Hologram","floor":23},{"not_picked":["Tempest","Doom and Gloom","Skim+1"],"picked":"Singing Bowl","floor":25},{"not_picked":["Barrage","Ball Lightning"],"picked":"Go for the Eyes","floor":31},{"not_picked":["Multi-Cast","Buffer","Amplify"],"picked":"Singing Bowl","floor":33},{"not_picked":["Ball Lightning","Cold Snap","Turbo+1"],"picked":"Singing Bowl","floor":35},{"not_picked":["Conserve Battery+1","Leap"],"picked":"Gash+1","floor":37},{"not_picked":["Go for the Eyes","Aggregate+1","Double Energy+1"],"picked":"Singing Bowl","floor":38},{"not_picked":["Melter","Coolheaded+1"],"picked":"Hologram","floor":39},{"not_picked":["Stack+1","Rebound+1","Doom and Gloom+1"],"picked":"Singing Bowl","floor":46},{"not_picked":["Ball Lightning","Auto Shields+1","Conserve Battery"],"picked":"Singing Bowl","floor":47},{"not_picked":["Beam Cell+1","Compile Driver"],"picked":"Leap","floor":48}],"player_experience":1650346,"relics_obtained":[{"floor":6,"key":"Ancient Tea Set"},{"floor":9,"key":"Blood Vial"},{"floor":12,"key":"Odd Mushroom"},{"floor":20,"key":"Singing Bowl"},{"floor":23,"key":"PreservedInsect"},{"floor":26,"key":"Gremlin Horn"},{"floor":39,"key":"Girya"},{"floor":40,"key":"Ornamental Fan"},{"floor":43,"key":"Ice Cream"},{"floor":48,"key":"War Paint"}],"event_choices":[{"damage_healed":0,"gold_gain":75,"player_choice":"Gather Gold","damage_taken":11,"max_hp_gain":0,"max_hp_loss":0,"event_name":"World of Goop","floor":2,"gold_loss":0},{"cards_removed":["Strike_B"],"damage_healed":0,"gold_gain":0,"player_choice":"Card Removal","damage_taken":7,"max_hp_gain":0,"max_hp_loss":0,"event_name":"Golden Wing","floor":10,"gold_loss":0},{"damage_healed":0,"gold_gain":0,"player_choice":"Fought Mushrooms","damage_taken":0,"max_hp_gain":0,"max_hp_loss":0,"event_name":"Mushrooms","floor":12,"gold_loss":0},{"damage_healed":0,"gold_gain":0,"player_choice":"Bought 0 Potions","damage_taken":0,"max_hp_gain":0,"max_hp_loss":0,"event_name":"The Woman in Blue","floor":13,"gold_loss":0},{"damage_healed":0,"gold_gain":99,"player_choice":"Stole From Cult","damage_taken":0,"max_hp_gain":0,"max_hp_loss":0,"event_name":"Nest","floor":21,"gold_loss":0},{"damage_healed":25,"gold_gain":0,"player_choice":"Heal","damage_taken":0,"max_hp_gain":0,"max_hp_loss":0,"event_name":"The Library","floor":29,"gold_loss":0},{"damage_healed":0,"gold_gain":0,"player_choice":"Ignored","damage_taken":0,"max_hp_gain":0,"max_hp_loss":0,"event_name":"Cursed Tome","floor":30,"gold_loss":0},{"damage_healed":0,"gold_gain":0,"player_choice":"Fight","damage_taken":0,"max_hp_gain":0,"max_hp_loss":0,"event_name":"MindBloom","floor":39,"gold_loss":0},{"damage_healed":0,"gold_gain":0,"player_choice":"Max HP","damage_taken":0,"max_hp_gain":0,"max_hp_loss":4,"event_name":"Winding Halls","floor":42,"gold_loss":0},{"damage_healed":0,"gold_gain":0,"player_choice":"Paid","damage_taken":0,"relics_obtained":["Red Mask"],"max_hp_gain":0,"max_hp_loss":0,"event_name":"Tomb of Lord Red Mask","floor":44,"gold_loss":132}],"is_beta":false,"boss_relics":[{"not_picked":["Ectoplasm","Nuclear Battery"],"picked":"Sozu"},{"not_picked":["Fusion Hammer","White Beast Statue"],"picked":"Cursed Key"}],"items_purged_floors":[3,19],"is_endless":false,"potions_floor_spawned":[4,11,12,16,22,31,38,46,48],"killed_by":"Time Eater","ascension_level":0}