{"gold_per_floor":[10,24,35,85,99,99,110,110,110,110,129,129,129,140,140,216,216,236,256,256,266,279,279,279],"floor_reached":24,"playtime":1300,"items_purged":[],"score":424,"play_id":"4a3825f9-05f3-43ca-bd37-04b1349a84d4","local_time":"20180705151053","is_ascension_mode":true,"campfire_choices":[{"data":"1","floor":6,"key":"LIFT"},{"data":"2","floor":8,"key":"LIFT"},{"data":"3","floor":10,"key":"LIFT"},{"data":"Havoc","floor":13,"key":"SMITH"},{"data":"Flame Barrier","floor":15,"key":"SMITH"},{"data":"Havoc","floor":23,"key":"SMITH"}],"neow_cost":"NO_GOLD","seed_source_timestamp":559944555181163,"circlet_count":0,"master_deck":["Strike_R","Strike_R","Strike_R","Strike_R","Strike_R","Defend_R","Defend_R","Defend_R","Defend_R","Bash","AscendersBane","Flame Barrier+1","Havoc+1","Reckless Charge","Pommel Strike","Iron Wave","Havoc+1","Juggernaut","Immolate","Pummel","Feel No Pain","Uppercut","Shockwave+1"],"relics":["Burning Blood","Girya","Shuriken","Lantern","Coffee Dripper"],"potions_floor_usage":[16,18,21,21,22],"damage_taken":[{"damage":9,"enemies":"Jaw Worm","floor":1,"turns":4},{"damage":1,"enemies":"Cultist","floor":2,"turns":3},{"damage":1,"enemies":"Small Slimes","floor":3,"turns":4},{"damage":18,"enemies":"2 Fungi Beasts","floor":5,"turns":4},{"damage":2,"enemies":"Blue Slaver","floor":7,"turns":4},{"damage":6,"enemies":"Looter","floor":11,"turns":3},{"damage":0,"enemies":"Large Slime","floor":14,"turns":2},{"damage":0,"enemies":"Slime Boss","floor":16,"turns":10},{"damage":11,"enemies":"Shell Parasite","floor":18,"turns":4},{"damage":0,"enemies":"Chosen","floor":19,"turns":3},{"damage":22,"enemies":"Snake Plant","floor":21,"turns":3},{"damage":26,"enemies":"Centurion and Healer","floor":22,"turns":4},{"damage":26,"enemies":"Gremlin Leader","floor":24,"turns":4}],"seed_played":"7805364839400677378","potions_obtained":[{"floor":1,"key":"PowerPotion"},{"floor":5,"key":"GamblersBrew"},{"floor":16,"key":"Poison Potion"},{"floor":18,"key":"LiquidBronze"},{"floor":19,"key":"Swift Potion"},{"floor":21,"key":"Dexterity Potion"}],"is_trial":false,"path_per_floor":["M","M","M","?","M","R","M","R","T","R","M","?","R","M","R","B",null,"M","M","?","M","M","R"],"character_chosen":"IRONCLAD","items_purchased":[],"campfire_rested":0,"item_purchase_floors":[],"current_hp_per_floor":[65,70,75,75,63,63,67,67,67,67,67,56,56,62,62,68,73,68,74,53,37,17,17,0],"gold":279,"neow_bonus":"ONE_RARE_RELIC","is_prod":false,"is_daily":false,"chose_seed":false,"campfire_upgraded":3,"win_rate":0,"timestamp":1530796253,"path_taken":["M","M","M","?","M","R","?","R","T","R","?","?","R","M","R","BOSS","M","M","?","M","M","R","E"],"build_version":"2018-07-04","purchased_purges":0,"victory":false,"max_hp_per_floor":[75,75,75,75,75,75,75,75,75,75,75,75,75,75,75,75,75,75,75,80,80,80,80,80],"card_choices":[{"not_picked":["Corruption","Sword Boomerang"],"picked":"Flame Barrier","floor":1},{"not_picked":["Thunderclap","Clash"],"picked":"Havoc","floor":2},{"not_picked":["Headbutt","Bloodletting"],"picked":"Reckless Charge","floor":3},{"not_picked":["Dark Embrace","Warcry"],"picked":"Pommel Strike","floor":5},{"not_picked":["Corruption","Intimidate"],"picked":"Iron Wave","floor":7},{"not_picked":["True Grit","Burning Pact"],"picked":"Havoc","floor":11},{"not_picked":["Cleave","Entrench"],"picked":"Juggernaut","floor":14},{"not_picked":["Berserk","Brutality"],"picked":"Immolate","floor":16},{"not_picked":["Twin Strike","Anger"],"picked":"Pummel","floor":18},{"not_picked":["Shrug It Off","Clash"],"picked":"Feel No Pain","floor":19},{"not_picked":["True Grit","Seeing Red"],"picked":"Uppercut","floor":21},{"not_picked":["Seeing Red+1","Pommel Strike"],"picked":"Shockwave+1","floor":22}],"player_experience":265587,"relics_obtained":[{"floor":9,"key":"Shuriken"}],"event_choices":[{"event_name":"Golden Shrine","player_choice":"Pray","floor":4,"damage_taken":0},{"event_name":"Scrap Ooze","player_choice":"success","floor":12,"damage_taken":11},{"event_name":"Forgotten Altar","player_choice":"Shed Blood","floor":20,"damage_taken":0}],"boss_relics":[{"not_picked":["Tiny House","Orrery"],"picked":"Coffee Dripper"}],"items_purged_floors":[],"is_endless":false,"potions_floor_spawned":[1,5,16,18,19,21],"killed_by":"Gremlin Leader","ascension_level":15}