{"gold_per_floor":[111,111,0,0,10,37,1,1,24,35,35,62,62,75,75,178,178,191,201,101,201,215,215,225,225,225,325,340,340,359,377,377,491,503,530,542,569,581,22,22,72,101,101,112,60,60,60,60,60,60],"floor_reached":51,"playtime":3680,"items_purged":["Strike_R","Strike_R","Strike_R"],"score":758,"play_id":"eb5fd394-83dd-4699-849e-3c6aeabb02e2","local_time":"20190112022401","is_ascension_mode":false,"campfire_choices":[{"data":"Whirlwind","floor":11.0,"key":"SMITH"},{"data":"Spot Weakness","floor":13.0,"key":"SMITH"},{"data":"Blood for Blood","floor":15.0,"key":"SMITH"},{"floor":23.0,"key":"REST"},{"floor":25.0,"key":"DIG"},{"floor":29.0,"key":"DIG"},{"floor":32,"key":"DIG"},{"floor":40,"key":"DIG"},{"floor":46,"key":"DIG"},{"floor":49,"key":"REST"}],"neow_cost":"NONE","seed_source_timestamp":0,"circlet_count":0,"master_deck":["Strike_R","Defend_R","Defend_R","Defend_R","Bash","Thunderclap+1","Blood for Blood+1","Pommel Strike","Whirlwind+1","Rampage","Spot Weakness+1","Reaper","Dual Wield","Shrug It Off+1","Entrench+1"],"special_seed":0,"relics":["Burning Blood","Ancient Tea Set","Oddly Smooth Stone","Pear","Velvet Choker","Shovel","Molten Egg 2","Bag of Marbles","Ice Cream","Happy Flower","MawBank","Runic Pyramid","Sundial","Lee\u0027s Waffle","Question Card","Bird Faced Urn","Dream Catcher","Shuriken","PreservedInsect","Toxic Egg 2"],"potions_floor_usage":[33,33,33,33,33,33,50],"damage_taken":[{"damage":13.0,"enemies":"Jaw Worm","floor":1.0,"turns":3.0},{"damage":4.0,"enemies":"Small Slimes","floor":5.0,"turns":4.0},{"damage":44.0,"enemies":"Lagavulin","floor":6.0,"turns":6.0},{"damage":0.0,"enemies":"Cultist","floor":10.0,"turns":3.0},{"damage":6.0,"enemies":"3 Sentries","floor":12.0,"turns":6.0},{"damage":0.0,"enemies":"Large Slime","floor":14.0,"turns":3.0},{"damage":28.0,"enemies":"The Guardian","floor":16.0,"turns":8.0},{"damage":10.0,"enemies":"Shell Parasite","floor":18.0,"turns":4.0},{"damage":22.0,"enemies":"2 Thieves","floor":19.0,"turns":3.0},{"damage":40.0,"enemies":"Colosseum Slavers","floor":21.0,"turns":5.0},{"damage":52.0,"enemies":"Colosseum Nobs","floor":21.0,"turns":4.0},{"damage":33.0,"enemies":"Snake Plant","floor":22.0,"turns":5.0},{"damage":18.0,"enemies":"Centurion and Healer","floor":24.0,"turns":3.0},{"damage":18.0,"enemies":"Shelled Parasite and Fungi","floor":28.0,"turns":2.0},{"damage":2.0,"enemies":"Snecko","floor":30.0,"turns":3.0},{"damage":6,"enemies":"3 Cultists","floor":31,"turns":3},{"damage":55,"enemies":"Automaton","floor":33,"turns":8},{"damage":0,"enemies":"3 Darklings","floor":35,"turns":1},{"damage":10,"enemies":"Orb Walker","floor":37,"turns":2},{"damage":25,"enemies":"2 Orb Walkers","floor":41,"turns":2},{"damage":20,"enemies":"Giant Head","floor":42,"turns":6},{"damage":10,"enemies":"Spire Growth","floor":44,"turns":4},{"damage":54,"enemies":"Time Eater","floor":50,"turns":10}],"seed_played":"-5775181393861216629","potions_obtained":[{"floor":6.0,"key":"LiquidBronze"},{"floor":12.0,"key":"BloodPotion"},{"floor":14.0,"key":"Poison Potion"},{"floor":21.0,"key":"EssenceOfSteel"},{"floor":24.0,"key":"AttackPotion"},{"floor":28.0,"key":"Block Potion"},{"floor":30.0,"key":"EntropicBrew"},{"floor":36,"key":"Fire Potion"},{"floor":36,"key":"Explosive Potion"},{"floor":36,"key":"SteroidPotion"},{"floor":44,"key":"Weak Potion"}],"is_trial":false,"path_per_floor":["M","?","$","?","M","E","$","?","T","M","R","E","R","M","R","B",null,"M","M","$","?","M","R","M","R","T","?","M","R","M","M","R","B",null,"M","?","M","?","$","R","?","E","T","M","$","R","T","$","R","B",null],"character_chosen":"IRONCLAD","items_purchased":["Blood for Blood","Whirlwind","Sundial","Lee\u0027s Waffle","Swift Potion"],"campfire_rested":2,"item_purchase_floors":[3,7,39,39,45],"current_hp_per_floor":[81,81,81,81,83,45,45,38,38,44,44,54,54,60,60,38,98,94,90,90,31,13,42,46,46,46,46,34,34,46,70,70,21,98,98,98,94,94,105,105,86,75,75,83,83,83,83,83,105,57],"gold":60,"neow_bonus":"TEN_PERCENT_HP_BONUS","is_prod":false,"is_daily":false,"chose_seed":false,"campfire_upgraded":3,"win_rate":0,"timestamp":1547222041,"path_taken":["M","?","$","?","M","E","$","?","T","M","R","E","R","M","R","BOSS","M","M","$","?","M","R","M","R","T","?","?","R","M","M","R","BOSS","M","?","?","?","$","R","?","E","T","M","$","R","?","?","R","BOSS"],"build_version":"2019-01-10","purchased_purges":3,"victory":true,"max_hp_per_floor":[88,88,88,88,88,88,88,88,88,88,88,98,98,98,98,98,98,98,98,98,98,98,98,98,98,98,98,98,98,98,98,98,98,98,98,98,98,98,105,105,105,105,105,105,105,105,105,105,105,105],"card_choices":[{"not_picked":["Clothesline","Hemokinesis"],"picked":"Thunderclap","floor":1.0},{"not_picked":["Heavy Blade","Headbutt","Anger"],"picked":"SKIP","floor":5.0},{"not_picked":["Perfected Strike","Clothesline"],"picked":"Pommel Strike","floor":6.0},{"not_picked":["Warcry","Flex"],"picked":"Rampage","floor":10.0},{"not_picked":["Wild Strike","True Grit"],"picked":"Spot Weakness","floor":12.0},{"not_picked":["Infernal Blade","True Grit","Intimidate"],"picked":"SKIP","floor":14.0},{"not_picked":["Barricade","Immolate"],"picked":"Reaper","floor":16.0},{"not_picked":["Burning Pact","Headbutt+1","Wild Strike"],"picked":"SKIP","floor":18.0},{"not_picked":["Whirlwind","Armaments","Clash"],"picked":"SKIP","floor":19.0},{"not_picked":["Sword Boomerang","Iron Wave"],"picked":"Dual Wield","floor":21.0},{"not_picked":["Headbutt+1","Shrug It Off","Feel No Pain"],"picked":"SKIP","floor":22.0},{"not_picked":["Shrug It Off","Body Slam+1","Clash+1"],"picked":"SKIP","floor":24.0},{"not_picked":["Havoc","Wild Strike+1","Second Wind+1"],"picked":"SKIP","floor":28.0},{"not_picked":["Metallicize+1","Corruption+1","Ghostly Armor"],"picked":"SKIP","floor":30.0},{"not_picked":["Twin Strike+1","Thunderclap+1","True Grit"],"picked":"SKIP","floor":31},{"not_picked":["Warcry","Wild Strike+1","Heavy Blade+1"],"picked":"SKIP","floor":35},{"not_picked":["Intimidate","Sever Soul+1","Pummel+1"],"picked":"SKIP","floor":37},{"not_picked":["Intimidate+1","Armaments","Flame Barrier"],"picked":"Shrug It Off+1","floor":41},{"not_picked":["Shrug It Off","Thunderclap+1","Dark Embrace","True Grit"],"picked":"SKIP","floor":42},{"not_picked":["Shrug It Off","Infernal Blade","Clothesline+1","Whirlwind+1"],"picked":"SKIP","floor":44},{"not_picked":["Havoc+1","Twin Strike+1","Ghostly Armor+1"],"picked":"Entrench+1","floor":49}],"player_experience":410991,"relics_obtained":[{"floor":6.0,"key":"Ancient Tea Set"},{"floor":9.0,"key":"Oddly Smooth Stone"},{"floor":12.0,"key":"Pear"},{"floor":21.0,"key":"Shovel"},{"floor":21.0,"key":"Molten Egg 2"},{"floor":25.0,"key":"Bag of Marbles"},{"floor":26.0,"key":"Ice Cream"},{"floor":29.0,"key":"Happy Flower"},{"floor":32,"key":"MawBank"},{"floor":40,"key":"Question Card"},{"floor":41,"key":"Bird Faced Urn"},{"floor":42,"key":"Dream Catcher"},{"floor":43,"key":"Shuriken"},{"floor":46,"key":"PreservedInsect"},{"floor":47,"key":"Toxic Egg 2"}],"event_choices":[{"damage_healed":0.0,"max_hp_gain":0.0,"max_hp_loss":0.0,"gold_gain":0.0,"event_name":"Living Wall","player_choice":"Grow","floor":2.0,"gold_loss":0.0,"damage_taken":0.0,"cards_upgraded":["Thunderclap"]},{"damage_healed":0.0,"max_hp_gain":0.0,"max_hp_loss":0.0,"gold_gain":0.0,"event_name":"The Cleric","player_choice":"Leave","floor":4.0,"gold_loss":0.0,"damage_taken":0.0},{"cards_removed":["Strike_R"],"damage_healed":0.0,"max_hp_gain":0.0,"max_hp_loss":0.0,"gold_gain":0.0,"event_name":"Golden Wing","player_choice":"Card Removal","floor":8.0,"gold_loss":0.0,"damage_taken":7.0},{"damage_healed":0.0,"max_hp_gain":0.0,"max_hp_loss":0.0,"gold_gain":0.0,"event_name":"Colosseum","player_choice":"Fight","floor":21.0,"gold_loss":0.0,"damage_taken":0.0},{"damage_healed":0.0,"max_hp_gain":0.0,"max_hp_loss":0.0,"gold_gain":0.0,"event_name":"Colosseum","player_choice":"Fought Nobs","floor":21.0,"gold_loss":0.0,"damage_taken":0.0},{"damage_healed":0.0,"max_hp_gain":0.0,"max_hp_loss":0.0,"gold_gain":100.0,"event_name":"Golden Shrine","player_choice":"Pray","floor":27.0,"gold_loss":0.0,"damage_taken":0.0},{"damage_healed":0,"gold_gain":0,"player_choice":"Got Potions","damage_taken":0,"max_hp_gain":0,"max_hp_loss":0,"event_name":"Lab","floor":36,"gold_loss":0},{"cards_removed":["Defend_R"],"damage_healed":0,"gold_gain":0,"player_choice":"Removed Skill","damage_taken":0,"max_hp_gain":0,"max_hp_loss":0,"event_name":"Falling","floor":38,"gold_loss":0},{"damage_healed":0,"gold_gain":0,"player_choice":"Fight","damage_taken":0,"max_hp_gain":0,"max_hp_loss":0,"event_name":"Mysterious Sphere","floor":41,"gold_loss":0}],"is_beta":false,"boss_relics":[{"not_picked":["Pandora\u0027s Box","Mark of Pain"],"picked":"Velvet Choker"},{"not_picked":["Orrery","Coffee Dripper"],"picked":"Runic Pyramid"}],"items_purged_floors":[3,20,39],"is_endless":false,"potions_floor_spawned":[6,12,14,21,21,24,28,30,42,44],"ascension_level":0}