{"gold_per_floor":[118,40,40,40,50,50,81,81,153,153,153,178,12,32,32,133,133,146,146,181,181,181,181,31,31,31,43,73,95,107,119,131,143],"floor_reached":33,"playtime":2321,"items_purged":["Strike_G"],"score":383,"play_id":"2d2584ab-41b5-4395-96c8-c613a320ae67","local_time":"20180907082059","is_ascension_mode":true,"campfire_choices":[{"data":"Underhanded Strike","floor":6,"key":"SMITH"},{"data":"Footwork","floor":8,"key":"SMITH"},{"floor":10,"key":"REST"},{"floor":15,"key":"REST"},{"data":"After Image","floor":23,"key":"SMITH"},{"data":"Dodge and Roll","floor":25,"key":"SMITH"},{"floor":30,"key":"REST"},{"floor":32,"key":"REST"}],"neow_cost":"TEN_PERCENT_HP_LOSS","seed_source_timestamp":1496737912119020,"circlet_count":0,"master_deck":["Defend_G+1","Defend_G+1","Defend_G+1","Defend_G+1","Defend_G+1","Strike_G+1","Strike_G+1","Strike_G+1","Strike_G+1","Survivor","Neutralize+1","AscendersBane","Footwork+1","Underhanded Strike+1","Adrenaline","Dagger Throw+1","Backflip","Predator+1","Dodge and Roll+1","After Image+1","Dodge and Roll+1","Finisher+1","RitualDagger+1","Blur","Heel Hook+1"],"relics":["Ring of the Snake","Mango","Juzu Bracelet","Molten Egg 2","Dead Branch","HoveringKite","Omamori","Red Mask","MutagenicStrength","Pen Nib","MawBank"],"potions_floor_usage":[12,12,33],"damage_taken":[{"damage":7,"enemies":"Small Slimes","floor":1,"turns":5},{"damage":2,"enemies":"Jaw Worm","floor":5,"turns":5},{"damage":27,"enemies":"3 Sentries","floor":7,"turns":17},{"damage":31,"enemies":"Gremlin Nob","floor":12,"turns":5},{"damage":0,"enemies":"Cultist","floor":14,"turns":3},{"damage":3,"enemies":"The Guardian","floor":16,"turns":10},{"damage":4,"enemies":"Chosen","floor":18,"turns":5},{"damage":17,"enemies":"Masked Bandits","floor":20,"turns":5},{"damage":8,"enemies":"2 Thieves","floor":28,"turns":4},{"damage":6,"enemies":"Cultist and Chosen","floor":29,"turns":6},{"damage":79,"enemies":"Champ","floor":33,"turns":17}],"seed_played":"6361461949254879654","potions_obtained":[{"floor":5,"key":"Energy Potion"},{"floor":7,"key":"EssenceOfSteel"},{"floor":18,"key":"FearPotion"},{"floor":29,"key":"Dexterity Potion"}],"is_trial":false,"path_per_floor":["M","$","?","?","M","R","E","R","T","R","?","E","$","M","R","B",null,"M","?","?","?","?","R","$","R","T","?","M","M","R","$","R"],"character_chosen":"THE_SILENT","items_purchased":["Footwork","Backflip","Predator+1","Pen Nib"],"campfire_rested":4,"item_purchase_floors":[2,13,13,24],"current_hp_per_floor":[70,70,70,70,68,68,41,41,41,64,64,33,33,33,56,53,71,67,67,50,44,44,44,44,44,44,44,36,30,53,53,76,0],"gold":143,"neow_bonus":"ONE_RARE_RELIC","is_prod":false,"is_daily":false,"chose_seed":false,"campfire_upgraded":4,"win_rate":0,"timestamp":1536322859,"path_taken":["M","$","?","?","M","R","E","R","T","R","?","E","$","M","R","BOSS","M","?","?","?","?","R","$","R","T","?","M","M","R","$","R","BOSS"],"build_version":"2018-09-06","purchased_purges":1,"victory":false,"max_hp_per_floor":[77,77,77,77,77,77,77,77,77,77,77,77,77,77,77,77,77,77,77,77,77,77,77,77,77,77,77,77,77,77,77,77,77],"card_choices":[{"not_picked":["Prepared","Slice","Tactician"],"picked":"SKIP","floor":1},{"not_picked":["Slice","Bouncing Flask"],"picked":"Underhanded Strike","floor":5},{"not_picked":["Masterful Stab","Setup"],"picked":"Adrenaline","floor":7},{"not_picked":["Storm of Steel","Masterful Stab+1"],"picked":"Dagger Throw+1","floor":12},{"not_picked":["Outmaneuver","Acrobatics"],"picked":"Dodge and Roll","floor":14},{"not_picked":["Malaise","Glass Knife+1"],"picked":"After Image","floor":16},{"not_picked":["Calculated Gamble","PiercingWail"],"picked":"Dodge and Roll+1","floor":18},{"not_picked":["Bane+1","Prepared"],"picked":"Finisher+1","floor":20},{"not_picked":["Slice+1","Acrobatics+1"],"picked":"Blur","floor":28},{"not_picked":["All Out Attack+1","Phantasmal Killer"],"picked":"Heel Hook+1","floor":29}],"player_experience":1512725,"relics_obtained":[{"floor":7,"key":"Juzu Bracelet"},{"floor":9,"key":"Molten Egg 2"},{"floor":12,"key":"Dead Branch"},{"floor":20,"key":"Red Mask"},{"floor":26,"key":"MawBank"}],"event_choices":[{"event_name":"Liars Game","player_choice":"disagreed","floor":3,"damage_taken":0},{"event_name":"Living Wall","player_choice":"Grow","floor":4,"damage_taken":0},{"event_name":"Shining Light","player_choice":"Ignored","floor":11,"damage_taken":0},{"event_name":"Addict","player_choice":"Stole Relic","floor":19,"damage_taken":0},{"event_name":"Masked Bandits","player_choice":"Fought Bandits","floor":20,"damage_taken":0},{"event_name":"Nest","player_choice":"Joined the Cult","floor":21,"damage_taken":0},{"event_name":"Drug Dealer","player_choice":"Inject Mutagens","floor":22,"damage_taken":0},{"event_name":"Back to Basics","player_choice":"Simplicity","floor":27,"damage_taken":0}],"is_beta":false,"boss_relics":[{"not_picked":["Empty Cage","Velvet Choker"],"picked":"HoveringKite"}],"items_purged_floors":[13],"is_endless":false,"potions_floor_spawned":[5,7,18,29],"killed_by":"Champ","ascension_level":11}