{"gold_per_floor":[117,192,14,32,32,32,59,59,89,89,104,104,104,120,120,197,197,122,122,133,8,20,20,50,50,76,92,104,120,120,120,120,120],"floor_reached":33,"playtime":1498,"items_purged":[],"score":518,"play_id":"0f888dc0-e95b-451e-bac4-1bb5740e537c","local_time":"20180924152330","is_ascension_mode":true,"campfire_choices":[{"data":"Neutralize","floor":6.0,"key":"SMITH"},{"data":"Deadly Poison","floor":8.0,"key":"SMITH"},{"data":"Blade Dance","floor":10.0,"key":"SMITH"},{"floor":13.0,"key":"REST"},{"data":"Footwork","floor":15.0,"key":"SMITH"},{"floor":23,"key":"REST"},{"floor":25,"key":"REST"},{"floor":30,"key":"REST"},{"floor":32,"key":"REST"}],"neow_cost":"NONE","seed_source_timestamp":0,"circlet_count":0,"master_deck":["Defend_G+1","Defend_G","Defend_G","Defend_G","Defend_G","Strike_G+1","Strike_G+1","Strike_G+1","Survivor","Neutralize+1","AscendersBane","Deadly Poison+1","Blade Dance+1","Dodge and Roll+1","Poisoned Stab","Footwork+1","A Thousand Cuts","Finisher","PiercingWail+1","Footwork","Dash","Blur+1","Blur+1","Terror+1","Backflip+1","Glass Knife"],"special_seed":0,"relics":["Ring of the Snake","Whetstone","PreservedInsect","Toxic Egg 2","Tiny Chest","Empty Cage","Gremlin Horn","Centennial Puzzle"],"potions_floor_usage":[24,33],"damage_taken":[{"damage":0.0,"enemies":"Small Slimes","floor":1.0,"turns":3.0},{"damage":0.0,"enemies":"2 Louse","floor":4.0,"turns":2.0},{"damage":7.0,"enemies":"Lagavulin","floor":7.0,"turns":5.0},{"damage":0.0,"enemies":"Jaw Worm","floor":11.0,"turns":4.0},{"damage":9.0,"enemies":"Lots of Slimes","floor":14.0,"turns":5.0},{"damage":10.0,"enemies":"Slime Boss","floor":16.0,"turns":9.0},{"damage":6,"enemies":"2 Thieves","floor":18,"turns":5},{"damage":28,"enemies":"Colosseum Slavers","floor":19,"turns":6},{"damage":11,"enemies":"Chosen","floor":20,"turns":5},{"damage":8,"enemies":"Shelled Parasite and Fungi","floor":22,"turns":11},{"damage":0,"enemies":"Gremlin Leader","floor":24,"turns":10},{"damage":16,"enemies":"Snecko","floor":27,"turns":7},{"damage":6,"enemies":"Snake Plant","floor":28,"turns":7},{"damage":0,"enemies":"Cultist and Chosen","floor":29,"turns":10},{"damage":83,"enemies":"Champ","floor":33,"turns":22}],"seed_played":"-9017074168798125346","potions_obtained":[{"floor":1.0,"key":"SteroidPotion"},{"floor":11.0,"key":"Fire Potion"},{"floor":14.0,"key":"Energy Potion"},{"floor":22,"key":"PowerPotion"},{"floor":24,"key":"Block Potion"},{"floor":27,"key":"Fire Potion"}],"is_trial":false,"path_per_floor":["M","?","$","M","$","R","E","R","T","R","M","?","R","M","R","B",null,"M","?","M","$","M","R","E","R","T","M","M","M","R","?","R"],"character_chosen":"THE_SILENT","items_purchased":["PreservedInsect","Footwork","Dash"],"campfire_rested":5,"item_purchase_floors":[3,21,21],"current_hp_per_floor":[59,48,48,48,48,48,41,41,41,41,41,21,40,31,31,21,55,49,21,10,10,2,21,21,40,40,24,18,18,37,37,56,0],"gold":120,"neow_bonus":"RANDOM_COMMON_RELIC","is_prod":false,"is_daily":false,"chose_seed":false,"campfire_upgraded":4,"win_rate":0,"timestamp":1537795410,"path_taken":["M","?","$","?","$","R","E","R","T","R","M","?","R","M","R","BOSS","M","?","M","?","M","R","E","R","T","M","M","M","R","?","R","BOSS"],"build_version":"2018-09-20","purchased_purges":0,"victory":false,"max_hp_per_floor":[66,66,66,66,66,66,66,66,66,66,66,66,66,66,66,66,66,66,66,66,66,66,66,66,66,66,66,66,66,66,66,66,66],"card_choices":[{"not_picked":["Distraction","Accuracy"],"picked":"Deadly Poison","floor":1.0},{"not_picked":["Accuracy","Outmaneuver"],"picked":"Blade Dance","floor":4.0},{"not_picked":["Dagger Spray","Deflect"],"picked":"Dodge and Roll","floor":7.0},{"not_picked":["Deflect+1","PiercingWail+1"],"picked":"Poisoned Stab","floor":11.0},{"not_picked":["Grand Finale","Underhanded Strike"],"picked":"Footwork","floor":14.0},{"not_picked":["Adrenaline+1","Burst+1"],"picked":"A Thousand Cuts","floor":16.0},{"not_picked":["Dagger Spray","Expertise+1"],"picked":"Finisher","floor":18},{"not_picked":["Bouncing Flask+1","Expertise+1"],"picked":"PiercingWail+1","floor":20},{"not_picked":["Dodge and Roll+1","Bouncing Flask+1"],"picked":"Blur+1","floor":22},{"not_picked":["Flying Knee","Slice"],"picked":"Blur+1","floor":24},{"not_picked":["Outmaneuver+1","Dagger Throw"],"picked":"Terror+1","floor":27},{"not_picked":["Sucker Punch","Infinite Blades"],"picked":"Backflip+1","floor":28},{"not_picked":["Flying Knee","Slice"],"picked":"Glass Knife","floor":29}],"player_experience":1473778,"relics_obtained":[{"floor":7.0,"key":"Toxic Egg 2"},{"floor":9.0,"key":"Tiny Chest"},{"floor":24,"key":"Gremlin Horn"},{"floor":26,"key":"Centennial Puzzle"}],"event_choices":[{"event_name":"World of Goop","player_choice":"Gather Gold","floor":2.0,"damage_taken":0.0},{"event_name":"Shining Light","player_choice":"Entered Light","floor":12.0,"damage_taken":0.0},{"event_name":"Colosseum","player_choice":"Fight","floor":19,"damage_taken":0},{"event_name":"Colosseum","player_choice":"Fled From Nobs","floor":19,"damage_taken":0},{"event_name":"Beggar","player_choice":"Ignored","floor":31,"damage_taken":0}],"is_beta":false,"boss_relics":[{"not_picked":["Calling Bell","Philosopher\u0027s Stone"],"picked":"Empty Cage"}],"items_purged_floors":[],"is_endless":false,"potions_floor_spawned":[1,11,14,19,22,24,27,28],"killed_by":"Champ","ascension_level":16}