{"gold_per_floor":[118,136,151,151,167,202,202,218,275,290,50,65,65,81,81,177,177,167,167],"floor_reached":19,"playtime":969,"items_purged":["Strike_B"],"score":173,"play_id":"c95a62df-dc48-4a38-9e0f-f40b24e125b7","local_time":"20181210111411","is_ascension_mode":false,"campfire_choices":[{"data":"Zap","floor":7,"key":"SMITH"},{"floor":15,"key":"RECALL"}],"neow_cost":"NONE","seed_source_timestamp":152772623871261,"circlet_count":0,"master_deck":["Defend_B","Defend_B","Defend_B","Defend_B","Zap+1","Dualcast","Self Repair","White Noise","Conserve Battery","Conserve Battery","BootSequence","Lockon+1","Streamline","Machine Learning","Hologram","Loop","Cold Snap","Echo Form","Melter+1","Genetic Algorithm+1","Recycle+1","Lockon"],"relics":["Philosopher\u0027s Stone","Sundial","Tiny Chest","Astrolabe"],"potions_floor_usage":[6,6,6,6,6,16],"damage_taken":[{"damage":0,"enemies":"2 Louse","floor":1,"turns":2},{"damage":0,"enemies":"Cultist","floor":2,"turns":3},{"damage":6,"enemies":"Small Slimes","floor":3,"turns":4},{"damage":10,"enemies":"Red Slaver","floor":5,"turns":4},{"damage":15,"enemies":"Gremlin Nob","floor":6,"turns":4},{"damage":0,"enemies":"Blue Slaver","floor":8,"turns":5},{"damage":1,"enemies":"Looter","floor":10,"turns":4},{"damage":0,"enemies":"Red Slaver","floor":12,"turns":3},{"damage":2,"enemies":"2 Fungi Beasts","floor":14,"turns":4},{"damage":27,"enemies":"Hexaghost","floor":16,"turns":9},{"damage":20,"enemies":"2 Thieves","floor":18,"turns":4},{"damage":63,"enemies":"3 Byrds","floor":19,"turns":5}],"seed_played":"3407627303539213563","potions_obtained":[{"floor":1,"key":"Strength Potion"},{"floor":2,"key":"Poison Potion"},{"floor":4,"key":"EntropicBrew"},{"floor":5,"key":"Explosive Potion"},{"floor":10,"key":"SkillPotion"},{"floor":14,"key":"FearPotion"}],"is_trial":false,"path_per_floor":["M","M","M","?","M","E","R","M","T","M","$","M","?","M","R","B",null,"M","M"],"character_chosen":"DEFECT","items_purchased":["Machine Learning","Hologram"],"campfire_rested":0,"item_purchase_floors":[11,11],"current_hp_per_floor":[75,75,75,75,75,67,67,74,74,75,75,75,60,65,65,45,75,62,0],"gold":167,"neow_bonus":"BOSS_RELIC","is_prod":false,"is_daily":false,"chose_seed":false,"campfire_upgraded":1,"win_rate":0,"timestamp":1544458451,"path_taken":["M","M","M","?","M","E","R","M","T","M","$","?","?","M","R","BOSS","M","M"],"build_version":"2018-12-06","purchased_purges":1,"victory":false,"max_hp_per_floor":[75,75,75,75,75,75,75,75,75,75,75,75,75,75,75,75,75,75,75],"card_choices":[{"not_picked":["Cold Snap","Go for the Eyes"],"picked":"Self Repair","floor":1},{"not_picked":["Steam","Genetic Algorithm"],"picked":"White Noise","floor":2},{"not_picked":["Ball Lightning","Barrage"],"picked":"Conserve Battery","floor":3},{"not_picked":["Compile Driver","Steam"],"picked":"Conserve Battery","floor":5},{"not_picked":["Streamline","Barrage"],"picked":"BootSequence","floor":6},{"not_picked":["Steam Power","Sweeping Beam"],"picked":"Lockon","floor":8},{"not_picked":["Lockon","Rainbow"],"picked":"Streamline","floor":10},{"not_picked":["Genetic Algorithm","Barrage"],"picked":"Loop","floor":12},{"not_picked":["FTL","Conserve Battery"],"picked":"Cold Snap","floor":14},{"not_picked":["Core Surge","Meteor Strike"],"picked":"Echo Form","floor":16},{"not_picked":["Barrage","Hologram"],"picked":"Lockon","floor":18}],"player_experience":1832985,"relics_obtained":[{"floor":6,"key":"Sundial"},{"floor":9,"key":"Tiny Chest"}],"event_choices":[{"damage_healed":0,"gold_gain":0,"player_choice":"Got Potions","damage_taken":0,"max_hp_gain":0,"max_hp_loss":0,"event_name":"Lab","floor":4,"gold_loss":0},{"damage_healed":0,"gold_gain":0,"player_choice":"Entered Light","damage_taken":15,"max_hp_gain":0,"max_hp_loss":0,"event_name":"Shining Light","floor":13,"gold_loss":0,"cards_upgraded":["Strike_B","Lockon"]}],"is_beta":false,"boss_relics":[{"not_picked":["Velvet Choker","Runic Pyramid"],"picked":"Astrolabe"}],"items_purged_floors":[11],"is_endless":false,"potions_floor_spawned":[1,2,5,10,14],"killed_by":"3 Byrds","ascension_level":0}