{"gold_per_floor":[118,118,29,29,104,135,135,152,175,200,125,125,145,162,162,236,236,256,270,470,470],"floor_reached":21,"playtime":600,"items_purged":[],"score":413,"play_id":"27d304dc-58fe-4e08-bbbb-c7b4d610a12c","local_time":"20190210234127","is_ascension_mode":true,"campfire_choices":[{"data":"Redo","floor":7,"key":"SMITH"},{"data":"Multi-Cast","floor":12,"key":"SMITH"},{"data":"Defragment","floor":15,"key":"SMITH"}],"neow_cost":"NONE","seed_source_timestamp":1625126021504670,"circlet_count":0,"master_deck":["AscendersBane","Strike_B","Strike_B","Defend_B","Defend_B","Defend_B","Defend_B","Zap","Dualcast","Doom and Gloom","Multi-Cast+1","BootSequence","Redo+1","Darkness","Conserve Battery","Defragment+1","Leap","Conserve Battery"],"relics":["Cracked Core","NeowsBlessing","Emotion Chip","Dream Catcher","Happy Flower","Pen Nib","Cursed Key"],"potions_floor_usage":[10,10,16],"damage_taken":[{"damage":0,"enemies":"2 Louse","floor":1,"turns":1},{"damage":0,"enemies":"3 Sentries","floor":6,"turns":1},{"damage":0,"enemies":"Cultist","floor":8,"turns":1},{"damage":11,"enemies":"Gremlin Nob","floor":10,"turns":3},{"damage":7,"enemies":"Small Slimes","floor":13,"turns":3},{"damage":0,"enemies":"Looter","floor":14,"turns":2},{"damage":31,"enemies":"The Guardian","floor":16,"turns":5},{"damage":25,"enemies":"Shell Parasite","floor":18,"turns":4},{"damage":16,"enemies":"2 Thieves","floor":19,"turns":4},{"damage":13,"enemies":"Snake Plant","floor":21,"turns":2}],"seed_played":"8440380761669980542","potions_obtained":[{"floor":1,"key":"Ancient Potion"},{"floor":6,"key":"FocusPotion"},{"floor":10,"key":"SpeedPotion"},{"floor":14,"key":"PowerPotion"},{"floor":19,"key":"Energy Potion"}],"is_trial":false,"path_per_floor":["M","?","$","T","?","E","R","M","T","E","?","R","M","M","R","B",null,"M","M","?","M"],"character_chosen":"DEFECT","items_purchased":["BootSequence"],"campfire_rested":0,"item_purchase_floors":[3],"current_hp_per_floor":[64,64,64,64,53,53,53,53,53,42,42,42,35,35,35,4,54,29,13,13,0],"gold":470,"neow_bonus":"THREE_ENEMY_KILL","is_prod":false,"is_daily":false,"chose_seed":false,"campfire_upgraded":3,"win_rate":0,"timestamp":1549863687,"path_taken":["M","?","$","?","?","E","R","M","T","E","?","R","M","M","R","BOSS","M","M","?","?"],"build_version":"2019-02-06","purchased_purges":0,"victory":false,"max_hp_per_floor":[71,71,71,71,71,71,71,71,71,71,71,71,71,71,71,71,71,71,71,71,71],"card_choices":[{"not_picked":["Compile Driver","Hologram"],"picked":"Doom and Gloom","floor":1},{"not_picked":["Loop","Barrage"],"picked":"Redo","floor":6},{"not_picked":["Tempest","Steam"],"picked":"Darkness","floor":8},{"not_picked":["Sweeping Beam","Compile Driver"],"picked":"Conserve Battery","floor":10},{"not_picked":["Fusion","Sweeping Beam"],"picked":"Defragment","floor":13},{"not_picked":["Ball Lightning","Reprogram","Rebound"],"picked":"SKIP","floor":14},{"not_picked":["Fusion","Beam Cell"],"picked":"Leap","floor":18},{"not_picked":["Stack+1","Recycle"],"picked":"Conserve Battery","floor":19}],"player_experience":804708,"relics_obtained":[{"floor":4,"key":"Emotion Chip"},{"floor":6,"key":"Dream Catcher"},{"floor":9,"key":"Happy Flower"},{"floor":10,"key":"Pen Nib"}],"event_choices":[{"damage_healed":0,"gold_gain":0,"cards_transformed":["Strike_B"],"player_choice":"Transformed","damage_taken":0,"max_hp_gain":0,"max_hp_loss":0,"event_name":"Transmorgrifier","floor":2,"gold_loss":0,"cards_obtained":["Multi-Cast"]},{"damage_healed":0,"gold_gain":75,"player_choice":"Gather Gold","damage_taken":11,"max_hp_gain":0,"max_hp_loss":0,"event_name":"World of Goop","floor":5,"gold_loss":0},{"cards_removed":["Strike_B"],"damage_healed":0,"gold_gain":0,"player_choice":"Card Removal","damage_taken":0,"max_hp_gain":0,"max_hp_loss":0,"event_name":"The Cleric","floor":11,"gold_loss":75},{"damage_healed":0,"gold_gain":250,"player_choice":"Bet on Owner","damage_taken":0,"max_hp_gain":0,"max_hp_loss":0,"event_name":"The Joust","floor":20,"gold_loss":50}],"is_beta":true,"boss_relics":[{"not_picked":["Snecko Eye","Ectoplasm"],"picked":"Cursed Key"}],"items_purged_floors":[],"is_endless":false,"potions_floor_spawned":[1,6,10,14,19],"killed_by":"Snake Plant","ascension_level":19}