{"path_per_floor":["M","M","?","?","$","R","E","M","T","M","R","?","$","M","R","B",null,"M","$","M","$","M","R","E","M","T","?"],"character_chosen":"IRONCLAD","items_purchased":["Uppercut","Juggernaut+1","Rage","AttackPotion"],"gold_per_floor":[116,128,78,78,3,3,37,49,130,142,142,169,5,15,15,118,118,135,5,15,15,26,26,61,74,127,127,127],"floor_reached":28,"campfire_rested":3,"playtime":2641,"item_purchase_floors":[5,13,19,19],"current_hp_per_floor":[74,74,74,74,74,74,59,60,60,59,80,53,53,44,68,29,80,65,65,41,41,25,49,27,13,13,13,0],"items_purged":[],"gold":127,"score":238,"play_id":"87eafe5c-179a-4fd8-bb13-e9e51d1bc7e6","local_time":"20180527181623","is_prod":false,"is_daily":false,"chose_seed":false,"is_ascension_mode":false,"campfire_upgraded":1,"win_rate":0,"timestamp":1527459383,"campfire_choices":[{"data":"Armaments","floor":6,"key":"SMITH"},{"floor":11,"key":"REST"},{"floor":15,"key":"REST"},{"floor":23,"key":"REST"}],"path_taken":["M","M","?","?","$","R","E","M","T","M","R","?","$","M","R","BOSS","M","$","M","$","M","R","E","M","T","?","M"],"build_version":"2018-05-24","seed_source_timestamp":5245038580942,"purchased_purges":0,"victory":false,"master_deck":["Strike_R","Strike_R","Strike_R","Defend_R","Defend_R","Defend_R","Defend_R","Bash","Juggernaut","Armaments+1","Iron Wave","Uppercut","Spot Weakness","Second Wind","Heavy Blade","Anger","Juggernaut+1","Double Tap","Impervious","Rage","Anger","Power Through","Demon Form+1","Burning Pact","Flex","Rage","Heavy Blade","Metallicize+1","Reckless Charge+1","Feel No Pain+1","Decay"],"max_hp_per_floor":[80,80,80,80,80,80,80,80,80,80,80,80,80,80,80,80,80,80,80,80,80,80,80,80,80,80,80,80],"relics":["Burning Blood","Potion Belt","Frozen Egg 2","Odd Mushroom","Orrery","Centennial Puzzle","Singing Bowl"],"card_choices":[{"not_picked":["Body Slam","Reckless Charge"],"picked":"Armaments","floor":1},{"not_picked":["Sword Boomerang","Uppercut"],"picked":"Iron Wave","floor":2},{"not_picked":["Iron Wave","Headbutt"],"picked":"Spot Weakness","floor":7},{"not_picked":["Dark Embrace","Sword Boomerang"],"picked":"Second Wind","floor":8},{"not_picked":["Wild Strike","Clothesline"],"picked":"Heavy Blade","floor":10},{"not_picked":["Pommel Strike","Clothesline"],"picked":"Anger","floor":12},{"not_picked":["Havoc","Perfected Strike"],"picked":"Double Tap","floor":14},{"not_picked":["Fiend Fire","Brutality+1"],"picked":"Impervious","floor":16},{"not_picked":["Armaments","Wild Strike"],"picked":"Rage","floor":17},{"not_picked":["Havoc","Warcry"],"picked":"Anger","floor":17},{"not_picked":["Perfected Strike","Spot Weakness"],"picked":"Power Through","floor":17},{"not_picked":["Perfected Strike","Warcry"],"picked":"Demon Form+1","floor":17},{"not_picked":["True Grit","Clothesline"],"picked":"Burning Pact","floor":17},{"not_picked":["Spot Weakness","Havoc+1"],"picked":"Flex","floor":18},{"not_picked":["Thunderclap+1","Demon Form+1"],"picked":"Heavy Blade","floor":20},{"not_picked":["True Grit","Iron Wave+1"],"picked":"Metallicize+1","floor":22},{"not_picked":["Disarm+1","Combust+1"],"picked":"Reckless Charge+1","floor":24},{"not_picked":["True Grit","Searing Blow+1"],"picked":"Feel No Pain+1","floor":25}],"player_experience":178377,"potions_floor_usage":[7,16,16,16,20,28],"damage_taken":[{"damage":12,"enemies":"2 Louse","floor":1,"turns":4},{"damage":6,"enemies":"Jaw Worm","floor":2,"turns":6},{"damage":21,"enemies":"Gremlin Nob","floor":7,"turns":4},{"damage":5,"enemies":"Small Slimes","floor":8,"turns":4},{"damage":7,"enemies":"3 Louse","floor":10,"turns":5},{"damage":33,"enemies":"The Mushroom Lair","floor":12,"turns":6},{"damage":15,"enemies":"Looter","floor":14,"turns":3},{"damage":45,"enemies":"Slime Boss","floor":16,"turns":9},{"damage":21,"enemies":"3 Byrds","floor":18,"turns":5},{"damage":30,"enemies":"Shell Parasite","floor":20,"turns":5},{"damage":22,"enemies":"Centurion and Healer","floor":22,"turns":9},{"damage":28,"enemies":"Slavers","floor":24,"turns":8},{"damage":20,"enemies":"Cultist and Chosen","floor":25,"turns":8},{"damage":13,"enemies":"Snecko","floor":28,"turns":3}],"relics_obtained":[{"floor":7,"key":"Potion Belt"},{"floor":9,"key":"Frozen Egg 2"},{"floor":12,"key":"Odd Mushroom"},{"floor":24,"key":"Centennial Puzzle"},{"floor":26,"key":"Singing Bowl"}],"event_choices":[{"event_name":"The Cleric","player_choice":"Card Removal","floor":3,"damage_taken":0},{"event_name":"Living Wall","player_choice":"Forget","floor":4,"damage_taken":0},{"event_name":"Mushrooms","player_choice":"Fought Mushrooms","floor":12,"damage_taken":0},{"event_name":"Forgotten Altar","player_choice":"Smashed Altar","floor":27,"damage_taken":0}],"boss_relics":[{"not_picked":["Eternal Feather","Snecko Eye"],"picked":"Orrery"}],"items_purged_floors":[],"potions_floor_spawned":[2,7,8,10,24,25],"seed_played":"4537207775413206238","killed_by":"Snecko","ascension_level":0,"potions_obtained":[{"floor":2,"key":"Fire Potion"},{"floor":7,"key":"EssenceOfSteel"},{"floor":8,"key":"Swift Potion"},{"floor":10,"key":"LiquidBronze"},{"floor":24,"key":"GamblersBrew"},{"floor":25,"key":"Poison Potion"}],"is_trial":false}