{"gold_per_floor":[110,129,144,44,194,219,219,234,534,534,553,569,598,81,81,155,155,173,188,188,205,220,220,230,230,283,308,308,319,329,359,359,359],"floor_reached":33,"playtime":4814,"items_purged":["Pain"],"score":571,"play_id":"79681834-2973-4fb4-9a1f-c22a8a5b2fe6","local_time":"20180801223959","is_ascension_mode":true,"campfire_choices":[{"data":"Riddle With Holes","floor":7,"key":"SMITH"},{"data":"Neutralize","floor":10,"key":"SMITH"},{"floor":15,"key":"REST"},{"data":"Footwork","floor":23,"key":"SMITH"},{"data":"Noxious Fumes","floor":25,"key":"SMITH"},{"data":"Dagger Spray","floor":28,"key":"SMITH"},{"floor":32,"key":"REST"}],"neow_cost":"CURSE","seed_source_timestamp":249707993764345,"circlet_count":0,"master_deck":["Defend_G","Defend_G","Defend_G","Defend_G","Defend_G","Strike_G","Strike_G","Strike_G","Strike_G","Strike_G","Survivor","Neutralize+1","AscendersBane","Footwork+1","Blur","Riddle With Holes+1","Dodge and Roll","Doubt","PiercingWail","PiercingWail","Leg Sweep","Sucker Punch","Glass Knife","Leg Sweep","After Image","Noxious Fumes+1","Dagger Spray+1","Prepared"],"relics":["Ring of the Snake","Du-Vu Doll","Thread and Needle","Old Coin","Sundial","Torii","Juzu Bracelet","Busted Crown","Bag of Preparation","Bag of Marbles","Tough Bandages"],"potions_floor_usage":[13,16,33,33],"damage_taken":[{"damage":10,"enemies":"Cultist","floor":1,"turns":4},{"damage":3,"enemies":"2 Louse","floor":2,"turns":3},{"damage":5,"enemies":"Jaw Worm","floor":3,"turns":4},{"damage":10,"enemies":"3 Sentries","floor":6,"turns":9},{"damage":0,"enemies":"Exordium Thugs","floor":8,"turns":4},{"damage":0,"enemies":"Looter","floor":11,"turns":3},{"damage":6,"enemies":"Gremlin Gang","floor":12,"turns":6},{"damage":0,"enemies":"Gremlin Nob","floor":13,"turns":3},{"damage":36,"enemies":"Slime Boss","floor":16,"turns":18},{"damage":0,"enemies":"Chosen","floor":18,"turns":5},{"damage":2,"enemies":"Spheric Guardian","floor":19,"turns":4},{"damage":1,"enemies":"Centurion and Healer","floor":21,"turns":11},{"damage":2,"enemies":"Snecko","floor":22,"turns":7},{"damage":1,"enemies":"Snake Plant","floor":24,"turns":8},{"damage":19,"enemies":"Slavers","floor":27,"turns":10},{"damage":1,"enemies":"Chosen and Byrds","floor":29,"turns":8},{"damage":0,"enemies":"3 Cultists","floor":30,"turns":7},{"damage":23,"enemies":"Gremlin Leader","floor":31,"turns":10},{"damage":42,"enemies":"Champ","floor":33,"turns":19}],"seed_played":"9138054544623498618","potions_obtained":[{"floor":2,"key":"Poison Potion"},{"floor":11,"key":"FearPotion"},{"floor":16,"key":"EssenceOfSteel"},{"floor":19,"key":"Block Potion"},{"floor":22,"key":"GhostInAJar"},{"floor":29,"key":"Dexterity Potion"}],"is_trial":false,"path_per_floor":["M","M","M","$","?","E","R","M","T","R","M","M","E","$","R","B",null,"M","M","?","M","M","R","M","R","T","E","R","M","M","E","R"],"character_chosen":"THE_SILENT","items_purchased":["Dodge and Roll","Leg Sweep","Torii","Juzu Bracelet"],"campfire_rested":2,"item_purchase_floors":[4,14,14,14],"current_hp_per_floor":[49,46,41,41,41,31,31,31,31,31,31,25,25,25,44,8,52,52,50,66,65,63,63,62,62,62,43,43,42,42,19,38,0],"gold":359,"neow_bonus":"ONE_RARE_RELIC","is_prod":false,"is_daily":false,"chose_seed":false,"campfire_upgraded":5,"win_rate":0,"timestamp":1533155999,"path_taken":["M","?","M","$","?","E","R","M","T","R","M","?","E","$","R","BOSS","M","M","?","M","M","R","M","R","T","E","R","M","M","E","R","BOSS"],"build_version":"2018-07-26","purchased_purges":1,"victory":false,"max_hp_per_floor":[66,66,66,66,66,66,66,66,66,66,66,66,66,66,66,66,66,66,66,66,66,66,66,66,66,66,66,66,66,66,66,66,66],"card_choices":[{"not_picked":["PiercingWail","Sucker Punch"],"picked":"Footwork","floor":1},{"not_picked":["Prepared","Deadly Poison"],"picked":"Blur","floor":2},{"not_picked":["Deflect","Dagger Throw"],"picked":"Riddle With Holes","floor":3},{"not_picked":["Dodge and Roll","Bouncing Flask"],"picked":"PiercingWail","floor":6},{"not_picked":["Night Terror","Prepared"],"picked":"PiercingWail","floor":8},{"not_picked":["Bane","Blade Dance"],"picked":"Leg Sweep","floor":11},{"not_picked":["Acrobatics","Caltrops"],"picked":"Sucker Punch","floor":12},{"not_picked":["Flying Knee","Heel Hook"],"picked":"Glass Knife","floor":13},{"not_picked":["Adrenaline","Doppelganger"],"picked":"After Image","floor":16},{"not_picked":["Flying Knee"],"picked":"SKIP","floor":18},{"not_picked":["Bane"],"picked":"SKIP","floor":19},{"not_picked":["Poisoned Stab"],"picked":"SKIP","floor":21},{"not_picked":["Caltrops"],"picked":"SKIP","floor":22},{"not_picked":[],"picked":"Noxious Fumes","floor":24},{"not_picked":[],"picked":"Dagger Spray","floor":27},{"not_picked":["Blade Dance"],"picked":"SKIP","floor":29},{"not_picked":["Dagger Throw"],"picked":"SKIP","floor":30},{"not_picked":[],"picked":"Prepared","floor":31}],"player_experience":1224757,"relics_obtained":[{"floor":6,"key":"Thread and Needle"},{"floor":9,"key":"Old Coin"},{"floor":13,"key":"Sundial"},{"floor":26,"key":"Bag of Preparation"},{"floor":27,"key":"Bag of Marbles"},{"floor":31,"key":"Tough Bandages"}],"event_choices":[{"event_name":"Liars Game","player_choice":"agreed","floor":5,"damage_taken":0},{"event_name":"Wheel of Change","player_choice":"Full Heal","floor":20,"damage_taken":0}],"is_beta":false,"boss_relics":[{"not_picked":["Black Star","Coffee Dripper"],"picked":"Busted Crown"}],"items_purged_floors":[4],"is_endless":false,"potions_floor_spawned":[2,11,12,16,19,22,27,29,30],"killed_by":"Champ","ascension_level":15}