{"gold_per_floor":[109,124,134,99,125,125,157,157,180,180,208,224,242,50,50,155,155,168,188,88,187,206,206,206,232,304,320,320,320,54,71,71,71],"floor_reached":33,"playtime":3068,"items_purged":["Strike_G","Strike_G","Strike_G"],"score":385,"play_id":"1760f57b-67b9-4dcd-8dc8-7f637f82e050","local_time":"20180721201348","is_ascension_mode":true,"campfire_choices":[{"data":"Neutralize","floor":6,"key":"SMITH"},{"data":"Malaise","floor":8,"key":"SMITH"},{"floor":10,"key":"REST"},{"floor":15,"key":"REST"},{"floor":23,"key":"REST"},{"floor":29,"key":"REST"},{"floor":32,"key":"REST"}],"neow_cost":"NONE","seed_source_timestamp":655449989064361,"circlet_count":0,"master_deck":["Defend_G","Defend_G","Defend_G","Defend_G","Defend_G","Strike_G","Strike_G","Survivor","Neutralize+1","Flying Knee","Malaise+1","Deadly Poison","PiercingWail","Deadly Poison","Backflip","Well Laid Plans","Die Die Die","Backflip","PiercingWail","Tools of the Trade"],"relics":["Ring of the Snake","Ancient Tea Set","Omamori","Gambling Chip","Boot","Pantograph","Sozu","Lantern","Singing Bowl"],"potions_floor_usage":[13,16,16,22,27,27],"damage_taken":[{"damage":0,"enemies":"2 Louse","floor":1,"turns":4},{"damage":15,"enemies":"Small Slimes","floor":2,"turns":5},{"damage":1,"enemies":"Jaw Worm","floor":3,"turns":5},{"damage":22,"enemies":"Lagavulin","floor":7,"turns":11},{"damage":19,"enemies":"Gremlin Nob","floor":11,"turns":7},{"damage":22,"enemies":"Exordium Thugs","floor":12,"turns":6},{"damage":20,"enemies":"Large Slime","floor":13,"turns":9},{"damage":8,"enemies":"The Guardian","floor":16,"turns":12},{"damage":0,"enemies":"3 Byrds","floor":18,"turns":5},{"damage":16,"enemies":"2 Thieves","floor":19,"turns":4},{"damage":10,"enemies":"Cultist and Chosen","floor":22,"turns":7},{"damage":5,"enemies":"Book of Stabbing","floor":25,"turns":7},{"damage":6,"enemies":"Slaver and Parasite","floor":27,"turns":7},{"damage":6,"enemies":"Chosen and Byrds","floor":31,"turns":7},{"damage":82,"enemies":"Collector","floor":33,"turns":10}],"seed_played":"3597453613665246398","potions_obtained":[{"floor":3,"key":"SpeedPotion"},{"floor":12,"key":"Block Potion"},{"floor":13,"key":"EntropicBrew"}],"is_trial":false,"path_per_floor":["M","M","M","?","T","R","E","R","T","R","E","M","M","$","R","B",null,"M","M","$","?","M","R","?","E","T","M","?","R","$","M","R"],"character_chosen":"THE_SILENT","items_purchased":["Backflip","Well Laid Plans","Tools of the Trade"],"campfire_rested":5,"item_purchase_floors":[14,14,30],"current_hp_per_floor":[63,48,47,64,64,64,42,42,42,63,44,22,2,2,23,40,63,63,47,47,47,37,58,45,40,40,36,36,59,59,55,78,0],"gold":71,"neow_bonus":"RANDOM_COMMON_RELIC","is_prod":false,"is_daily":false,"chose_seed":false,"campfire_upgraded":2,"win_rate":0,"timestamp":1532222028,"path_taken":["M","M","M","?","?","R","E","R","T","R","E","M","M","$","R","BOSS","M","M","$","?","M","R","?","E","T","M","?","R","?","M","R","BOSS"],"build_version":"2018-07-19","purchased_purges":3,"victory":false,"max_hp_per_floor":[70,70,70,70,70,70,70,70,70,70,70,70,70,70,70,70,70,70,70,70,70,70,70,75,75,75,77,77,77,77,79,79,79],"card_choices":[{"not_picked":["Sucker Punch","Heel Hook","Calculated Gamble"],"picked":"SKIP","floor":1},{"not_picked":["Dagger Throw","Terror"],"picked":"Flying Knee","floor":2},{"not_picked":["Calculated Gamble","Sucker Punch"],"picked":"Malaise","floor":3},{"not_picked":["Bullet Time","Finisher","Blur"],"picked":"SKIP","floor":7},{"not_picked":["Accuracy","Reflex"],"picked":"Deadly Poison","floor":11},{"not_picked":["Bane","Dagger Spray"],"picked":"PiercingWail","floor":12},{"not_picked":["Quick Slash","Heel Hook"],"picked":"Deadly Poison","floor":13},{"not_picked":["Venomology","Glass Knife"],"picked":"Die Die Die","floor":16},{"not_picked":["Cloak And Dagger","Tactician"],"picked":"Backflip","floor":18},{"not_picked":["Bouncing Flask","Deadly Poison+1"],"picked":"PiercingWail","floor":19},{"not_picked":["Deflect","Blade Dance","PiercingWail"],"picked":"SKIP","floor":22},{"not_picked":["Bane","Dagger Throw+1","Terror+1"],"picked":"SKIP","floor":25},{"not_picked":["Prepared","Corpse Explosion","Deadly Poison"],"picked":"Singing Bowl","floor":27},{"not_picked":["Blade Dance","Deadly Poison","Reflex"],"picked":"Singing Bowl","floor":31}],"player_experience":288848,"relics_obtained":[{"floor":5,"key":"Omamori"},{"floor":7,"key":"Gambling Chip"},{"floor":9,"key":"Boot"},{"floor":11,"key":"Pantograph"},{"floor":25,"key":"Lantern"},{"floor":26,"key":"Singing Bowl"}],"event_choices":[{"event_name":"The Cleric","player_choice":"Healed","floor":4,"damage_taken":0},{"event_name":"Nest","player_choice":"Stole From Cult","floor":21,"damage_taken":0},{"event_name":"Forgotten Altar","player_choice":"Shed Blood","floor":24,"damage_taken":0},{"event_name":"Vampires","player_choice":"Ignored","floor":28,"damage_taken":0}],"is_beta":true,"boss_relics":[{"not_picked":["Runic Dome","Black Star"],"picked":"Sozu"}],"items_purged_floors":[14,20,30],"is_endless":false,"potions_floor_spawned":[3,12,13,18,19,22,27],"killed_by":"Collector","ascension_level":8}