{"gold_per_floor":[118,10,89,100,119,119,147,158,181,181,206,46,57,73,73,171,171,188,188,15,15,15,15,30,55,55,70,21,31,56,74,74,74],"floor_reached":33,"playtime":1170,"items_purged":["Decay","Strike_R"],"score":307,"play_id":"a65d71c5-96cd-4b59-84bf-b1e75a377583","local_time":"20181022203109","is_ascension_mode":true,"campfire_choices":[{"data":"Blood for Blood","floor":6.0,"key":"SMITH"},{"floor":10.0,"key":"REST"},{"floor":15.0,"key":"REST"},{"data":"Flame Barrier","floor":23.0,"key":"SMITH"},{"floor":32,"key":"REST"}],"neow_cost":"CURSE","seed_source_timestamp":0,"circlet_count":0,"master_deck":["Strike_R","Strike_R","Defend_R","Defend_R","Defend_R","Defend_R","Bash","Blood for Blood+1","Intimidate","Whirlwind","Combust","Twin Strike","Battle Trance","Shrug It Off","Clothesline","Uppercut","Flame Barrier","Inflame","Flame Barrier+1","Shrug It Off","Reaper","Feed","Inflame","Spot Weakness","Pommel Strike+1","Armaments","Reaper","Flex"],"special_seed":0,"relics":["Burning Blood","Dream Catcher","Oddly Smooth Stone","Potion Belt","Nloth\u0027s Gift","Red Skull","Pantograph","Omamori"],"potions_floor_usage":[29,31,33],"damage_taken":[{"damage":7.0,"enemies":"Small Slimes","floor":1.0,"turns":4.0},{"damage":3.0,"enemies":"2 Louse","floor":4.0,"turns":4.0},{"damage":0.0,"enemies":"Cultist","floor":5.0,"turns":4.0},{"damage":51.0,"enemies":"Gremlin Nob","floor":7.0,"turns":6.0},{"damage":8.0,"enemies":"Exordium Thugs","floor":8.0,"turns":4.0},{"damage":20.0,"enemies":"Exordium Wildlife","floor":13.0,"turns":4.0},{"damage":12.0,"enemies":"Gremlin Gang","floor":14.0,"turns":2.0},{"damage":55.0,"enemies":"Slime Boss","floor":16.0,"turns":10.0},{"damage":12.0,"enemies":"Chosen","floor":18.0,"turns":6.0},{"damage":6.0,"enemies":"2 Thieves","floor":24.0,"turns":4.0},{"damage":34.0,"enemies":"Slavers","floor":25.0,"turns":6.0},{"damage":25,"enemies":"Shelled Parasite and Fungi","floor":27,"turns":8},{"damage":0,"enemies":"Snecko","floor":29,"turns":3},{"damage":43,"enemies":"Centurion and Healer","floor":31,"turns":8},{"damage":108,"enemies":"Collector","floor":33,"turns":7}],"seed_played":"-7444569685338558771","potions_obtained":[{"floor":1.0,"key":"Fruit Juice"},{"floor":5.0,"key":"Weak Potion"},{"floor":14.0,"key":"AttackPotion"},{"floor":18.0,"key":"Energy Potion"},{"floor":24.0,"key":"EntropicBrew"},{"floor":27,"key":"Energy Potion"},{"floor":31,"key":"Energy Potion"}],"is_trial":false,"path_per_floor":["M","$","?","M","M","R","E","M","T","R","T","$","M","M","R","B",null,"M","?","$","?","?","R","M","E","T","M","$","M","T","M","R"],"character_chosen":"IRONCLAD","items_purchased":["Combust","Flame Barrier","Inflame","Inflame","AttackPotion"],"campfire_rested":3,"item_purchase_floors":[2,12,12,20,28],"current_hp_per_floor":[79,79,79,85,85,85,40,38,38,63,63,63,49,43,68,31,85,79,79,79,79,79,79,79,73,73,57,57,63,63,43,71,0],"gold":74,"neow_bonus":"TRANSFORM_TWO_CARDS","is_prod":false,"is_daily":false,"chose_seed":false,"campfire_upgraded":2,"win_rate":0,"timestamp":1540258269,"path_taken":["M","$","?","M","?","R","E","M","T","R","?","$","M","M","R","BOSS","M","?","$","?","?","R","M","E","T","M","$","M","?","M","R","BOSS"],"build_version":"2018-10-19","purchased_purges":2,"victory":false,"max_hp_per_floor":[80,80,80,85,85,85,85,85,85,85,85,85,85,85,85,85,85,85,85,85,85,85,85,85,88,88,91,91,91,91,94,94,94],"card_choices":[{"not_picked":["Shrug It Off","Thunderclap"],"picked":"Whirlwind","floor":1.0},{"not_picked":["True Grit","Cleave"],"picked":"Twin Strike","floor":4.0},{"not_picked":["Corruption","Havoc"],"picked":"Battle Trance","floor":5.0},{"not_picked":["Wild Strike","Corruption"],"picked":"Shrug It Off","floor":7.0},{"not_picked":["Blood for Blood","Reaper"],"picked":"Clothesline","floor":8.0},{"not_picked":["Metallicize","Warcry"],"picked":"Uppercut","floor":10.0},{"not_picked":["Cleave","Whirlwind"],"picked":"Flame Barrier","floor":13.0},{"not_picked":["Clash","Shockwave"],"picked":"Shrug It Off","floor":14.0},{"not_picked":["Thunderclap","Fire Breathing"],"picked":"Reaper","floor":15.0},{"not_picked":["Offering","Exhume"],"picked":"Feed","floor":16.0},{"not_picked":["Dual Wield","Intimidate","Iron Wave+1"],"picked":"SKIP","floor":18.0},{"not_picked":["Perfected Strike","Carnage"],"picked":"Pommel Strike+1","floor":24.0},{"not_picked":["Perfected Strike","Cleave"],"picked":"Armaments","floor":25.0},{"not_picked":["Reaper","Searing Blow","Pommel Strike+1"],"picked":"SKIP","floor":27},{"not_picked":["Body Slam","Bloodletting+1","Shrug It Off"],"picked":"SKIP","floor":29},{"not_picked":["Entrench","Iron Wave+1"],"picked":"Reaper","floor":31},{"not_picked":["Iron Wave","Headbutt+1"],"picked":"Flex","floor":32}],"player_experience":457642,"relics_obtained":[{"floor":7.0,"key":"Dream Catcher"},{"floor":9.0,"key":"Oddly Smooth Stone"},{"floor":11.0,"key":"Potion Belt"},{"floor":25.0,"key":"Red Skull"},{"floor":26.0,"key":"Pantograph"},{"floor":30,"key":"Omamori"}],"event_choices":[{"damage_healed":0.0,"max_hp_gain":0.0,"max_hp_loss":0.0,"gold_gain":79.0,"event_name":"Golden Wing","player_choice":"Gained Gold","floor":3.0,"gold_loss":0.0,"damage_taken":0.0},{"damage_healed":0.0,"max_hp_gain":0.0,"max_hp_loss":0.0,"gold_gain":0.0,"event_name":"N\u0027loth","player_choice":"Traded Relic","floor":19.0,"relics_lost":["Runic Dome"],"gold_loss":0.0,"damage_taken":0.0,"relics_obtained":["Nloth\u0027s Gift"]},{"damage_healed":0.0,"max_hp_gain":0.0,"max_hp_loss":0.0,"gold_gain":0.0,"event_name":"Beggar","player_choice":"Ignored","floor":21.0,"gold_loss":0.0,"damage_taken":0.0},{"damage_healed":0.0,"max_hp_gain":0.0,"max_hp_loss":0.0,"gold_gain":0.0,"event_name":"The Library","player_choice":"Read","floor":22.0,"gold_loss":0.0,"damage_taken":0.0,"cards_obtained":["Spot Weakness"]}],"is_beta":true,"boss_relics":[{"not_picked":["Philosopher\u0027s Stone","Ectoplasm"],"picked":"Runic Dome"}],"items_purged_floors":[2,20],"is_endless":false,"potions_floor_spawned":[1,5,14,18,24,27,31],"killed_by":"Collector","ascension_level":3}