{"path_per_floor":["M","$","M","M","M","R","M","M","T","?","E","?"],"character_chosen":"DEFECT","items_purchased":["Ball Lightning"],"gold_per_floor":[109,57,77,88,108,108,120,138,161,161,188,188,188],"floor_reached":13,"campfire_rested":0,"playtime":475,"item_purchase_floors":[2],"current_hp_per_floor":[75,75,75,75,70,70,62,43,43,43,32,32,0],"items_purged":[],"gold":188,"score":100,"play_id":"5d4685e7-d30a-48c6-b9ca-04abcd0825da","local_time":"20180614212119","is_prod":false,"is_daily":false,"chose_seed":false,"is_ascension_mode":true,"campfire_upgraded":1,"win_rate":0,"timestamp":1529025679,"campfire_choices":[{"data":"Genetic Algorithm","floor":6,"key":"SMITH"}],"path_taken":["M","$","M","?","M","R","M","M","T","?","E","?","?"],"build_version":"2018-06-07v3","seed_source_timestamp":64553567216365,"purchased_purges":0,"victory":false,"master_deck":["Strike_B","Strike_B","Strike_B","Defend_B","Defend_B","Defend_B","Defend_B","Zap","Dualcast","Static Discharge","Ball Lightning","Genetic Algorithm+1","Coolheaded","Coolheaded","Leap","Self Repair","Undo"],"max_hp_per_floor":[75,75,75,75,75,75,75,75,75,75,75,75,75],"relics":["Cracked Core","NeowsBlessing","Art of War","Anchor"],"card_choices":[{"not_picked":["Compile Driver","Skim"],"picked":"Static Discharge","floor":1},{"not_picked":["Force Field","Barrage"],"picked":"Genetic Algorithm","floor":3},{"not_picked":["Conserve Battery","Gash"],"picked":"Coolheaded","floor":4},{"not_picked":["Redo","Turbo"],"picked":"Coolheaded","floor":5},{"not_picked":["Rebound","Ball Lightning"],"picked":"Leap","floor":7},{"not_picked":["BootSequence","Stack"],"picked":"Self Repair","floor":8},{"not_picked":["Steam","Compile Driver"],"picked":"Undo","floor":11}],"player_experience":549757,"potions_floor_usage":[7,11],"damage_taken":[{"damage":0,"enemies":"Cultist","floor":1,"turns":1},{"damage":0,"enemies":"Small Slimes","floor":3,"turns":1},{"damage":0,"enemies":"Jaw Worm","floor":4,"turns":1},{"damage":5,"enemies":"Large Slime","floor":5,"turns":5},{"damage":8,"enemies":"2 Fungi Beasts","floor":7,"turns":4},{"damage":19,"enemies":"Exordium Wildlife","floor":8,"turns":4},{"damage":18,"enemies":"3 Sentries","floor":11,"turns":6},{"damage":32,"enemies":"Gremlin Gang","floor":13,"turns":2}],"relics_obtained":[{"floor":9,"key":"Art of War"},{"floor":11,"key":"Anchor"}],"event_choices":[{"event_name":"Shining Light","player_choice":"Ignored","floor":10,"damage_taken":0},{"event_name":"Living Wall","player_choice":"Forget","floor":12,"damage_taken":0}],"boss_relics":[],"items_purged_floors":[],"potions_floor_spawned":[3,5],"seed_played":"-1844408645530956298","killed_by":"Gremlin Gang","ascension_level":3,"potions_obtained":[{"floor":3,"key":"LiquidBronze"},{"floor":5,"key":"LiquidBronze"}],"is_trial":false}