{"gold_per_floor":[14,14,34,54,69,69,69,89,171,183,183,243,243,256,256,360,360,373,373,141,141,11,37,37,47,72,72,102,113,127,140,140,239,239],"floor_reached":34,"playtime":1377,"items_purged":[],"score":384,"play_id":"cd6d18c8-13c9-4c96-938a-c1233c157fea","local_time":"20190213102752","is_ascension_mode":false,"campfire_choices":[{"data":"Shockwave","floor":6.0,"key":"SMITH"},{"data":"Bash","floor":11.0,"key":"SMITH"},{"data":"1","floor":13.0,"key":"LIFT"},{"data":"2","floor":15.0,"key":"LIFT"},{"floor":24,"key":"REST"},{"data":"3","floor":27,"key":"LIFT"},{"data":"Limit Break","floor":32,"key":"SMITH"}],"neow_cost":"NO_GOLD","seed_source_timestamp":1816254337384142,"circlet_count":0,"master_deck":["Strike_R","Strike_R","Strike_R","Strike_R","Defend_R","Defend_R+1","Defend_R","Defend_R","Bash+1","Reaper+1","Disarm","Metallicize","Shockwave+1","Shrug It Off","Thunderclap+1","Limit Break+1","Battle Trance","Whirlwind+1","Shrug It Off","Rampage+1","Carnage+1","Sword Boomerang+1","Carnage+1","Flame Barrier"],"special_seed":0,"relics":["Black Blood","Molten Egg 2","Girya","Black Star","Lantern","Centennial Puzzle","FossilizedHelix","Oddly Smooth Stone","Orichalcum","Bag of Marbles"],"potions_floor_usage":[23],"damage_taken":[{"damage":5.0,"enemies":"2 Louse","floor":1.0,"turns":4.0},{"damage":0.0,"enemies":"Small Slimes","floor":3.0,"turns":3.0},{"damage":1.0,"enemies":"Jaw Worm","floor":4.0,"turns":5.0},{"damage":29.0,"enemies":"Large Slime","floor":5.0,"turns":9.0},{"damage":20.0,"enemies":"Lots of Slimes","floor":8.0,"turns":5.0},{"damage":15.0,"enemies":"Gremlin Gang","floor":10.0,"turns":3.0},{"damage":7.0,"enemies":"Gremlin Nob","floor":12.0,"turns":5.0},{"damage":9.0,"enemies":"2 Fungi Beasts","floor":14.0,"turns":4.0},{"damage":40.0,"enemies":"Hexaghost","floor":16.0,"turns":13.0},{"damage":30.0,"enemies":"Shell Parasite","floor":18.0,"turns":9.0},{"damage":34.0,"enemies":"Colosseum Slavers","floor":19.0,"turns":5.0},{"damage":35,"enemies":"Slavers","floor":23,"turns":6},{"damage":2,"enemies":"2 Thieves","floor":25,"turns":5},{"damage":11,"enemies":"Book of Stabbing","floor":28,"turns":4},{"damage":0,"enemies":"Centurion and Healer","floor":29,"turns":5},{"damage":0,"enemies":"Chosen and Byrds","floor":30,"turns":4},{"damage":9,"enemies":"3 Cultists","floor":31,"turns":4},{"damage":27,"enemies":"Collector","floor":33,"turns":6}],"seed_played":"-5466885903914512878","potions_obtained":[{"floor":1.0,"key":"SneckoOil"},{"floor":8.0,"key":"PowerPotion"},{"floor":10.0,"key":"Weak Potion"},{"floor":18.0,"key":"AttackPotion"},{"floor":30,"key":"Swift Potion"},{"floor":33,"key":"Regen Potion"}],"is_trial":false,"path_per_floor":["M","?","M","M","M","R","?","M","T","M","R","?","R","M","R","B",null,"M","?","$","?","$","E","R","M","T","R","E","M","M","M","R","B",null],"character_chosen":"IRONCLAD","items_purchased":["Whirlwind+1","Lantern","Shrug It Off","Carnage+1","FearPotion"],"campfire_rested":1,"item_purchase_floors":[20,20,20,22,22],"current_hp_per_floor":[80,64,80,80,67,67,60,66,66,70,70,76,76,80,80,56,80,69,52,52,52,52,37,61,65,65,65,60,80,80,80,80,59,80],"gold":239,"neow_bonus":"THREE_RARE_CARDS","is_prod":false,"is_daily":false,"chose_seed":false,"campfire_upgraded":3,"win_rate":0,"timestamp":1550021272,"path_taken":["M","?","M","M","M","R","?","M","T","M","R","?","R","M","R","BOSS","M","?","$","?","$","E","R","M","T","R","E","?","M","M","R","BOSS"],"build_version":"2019-01-23","purchased_purges":0,"victory":false,"max_hp_per_floor":[80,80,80,80,80,80,80,80,80,80,80,80,80,80,80,80,80,80,80,80,80,80,80,80,80,80,80,80,80,80,80,80,80,80],"card_choices":[{"not_picked":["Demon Form","Brutality"],"picked":"Reaper","floor":0.0},{"not_picked":["Feel No Pain","Iron Wave"],"picked":"Disarm","floor":1.0},{"not_picked":["Twin Strike","Warcry"],"picked":"Metallicize","floor":3.0},{"not_picked":["Entrench","Havoc","Infernal Blade"],"picked":"SKIP","floor":4.0},{"not_picked":["Anger","Perfected Strike"],"picked":"Shockwave","floor":5.0},{"not_picked":["Flex","Body Slam","Clothesline"],"picked":"SKIP","floor":8.0},{"not_picked":["Sentinel","Wild Strike+1"],"picked":"Shrug It Off","floor":10.0},{"not_picked":["Pommel Strike+1","Anger+1"],"picked":"Thunderclap+1","floor":14.0},{"not_picked":["Impervious","Demon Form"],"picked":"Limit Break","floor":16.0},{"not_picked":["Perfected Strike+1","Second Wind+1"],"picked":"Battle Trance","floor":18.0},{"not_picked":["Demon Form","Body Slam+1"],"picked":"Sword Boomerang+1","floor":23},{"not_picked":["Headbutt+1","Havoc"],"picked":"Carnage+1","floor":25},{"not_picked":["Headbutt+1","Shrug It Off","Pommel Strike+1"],"picked":"SKIP","floor":28},{"not_picked":["Headbutt+1","Shrug It Off","Pommel Strike+1"],"picked":"SKIP","floor":28},{"not_picked":["Metallicize","Rupture+1"],"picked":"Flame Barrier","floor":29},{"not_picked":["Headbutt+1","Inflame+1","Dual Wield"],"picked":"SKIP","floor":30},{"not_picked":["Rampage+1","Clash+1","True Grit"],"picked":"SKIP","floor":31}],"player_experience":527188,"relics_obtained":[{"floor":9.0,"key":"Molten Egg 2"},{"floor":12.0,"key":"Girya"},{"floor":23,"key":"Centennial Puzzle"},{"floor":23,"key":"FossilizedHelix"},{"floor":26,"key":"Oddly Smooth Stone"},{"floor":28,"key":"Orichalcum"},{"floor":28,"key":"Bag of Marbles"}],"event_choices":[{"damage_healed":0.0,"max_hp_gain":0.0,"max_hp_loss":0.0,"gold_gain":0.0,"event_name":"Shining Light","player_choice":"Entered Light","floor":2.0,"gold_loss":0.0,"damage_taken":16.0,"cards_upgraded":["Defend_R","Reaper"]},{"cards_removed":["Strike_R"],"damage_healed":0.0,"max_hp_gain":0.0,"max_hp_loss":0.0,"gold_gain":0.0,"event_name":"Golden Wing","player_choice":"Card Removal","floor":7.0,"gold_loss":0.0,"damage_taken":7.0},{"damage_healed":0.0,"max_hp_gain":0.0,"max_hp_loss":0.0,"gold_gain":0.0,"event_name":"Dead Adventurer","player_choice":"Searched \u00271\u0027 times","floor":12.0,"gold_loss":0.0,"damage_taken":0.0},{"damage_healed":0.0,"max_hp_gain":0.0,"max_hp_loss":0.0,"gold_gain":0.0,"event_name":"Colosseum","player_choice":"Fight","floor":19.0,"gold_loss":0.0,"damage_taken":0.0},{"damage_healed":0.0,"max_hp_gain":0.0,"max_hp_loss":0.0,"gold_gain":0.0,"event_name":"Colosseum","player_choice":"Fled From Nobs","floor":19.0,"gold_loss":0.0,"damage_taken":0.0},{"damage_healed":0,"gold_gain":0,"player_choice":"1 cards matched","damage_taken":0,"max_hp_gain":0,"max_hp_loss":0,"event_name":"Match and Keep!","floor":21,"gold_loss":0,"cards_obtained":["Rampage"]}],"is_beta":false,"boss_relics":[{"not_picked":["Snecko Eye","Astrolabe"],"picked":"Black Star"},{"not_picked":["Runic Pyramid","Runic Cube"],"picked":"Black Blood"}],"items_purged_floors":[],"is_endless":false,"potions_floor_spawned":[1,8,10,18,30,33],"ascension_level":0}