{"gold_per_floor":[99,99,99,99,54,54,54,54,54,54,54,24,24,24,24,24,24,24,24,0,0,0,0,0,0,0,0,0,0,0,0,0,0],"floor_reached":33,"playtime":2153,"items_purged":[],"score":432,"play_id":"f8b2598e-eb4a-44dc-9df1-267c534852d4","local_time":"20181022141500","is_ascension_mode":true,"campfire_choices":[{"floor":10,"key":"REST"},{"data":"Glacier","floor":15,"key":"SMITH"},{"floor":23,"key":"REST"},{"floor":25,"key":"REST"},{"floor":32,"key":"REST"}],"neow_cost":"NONE","seed_source_timestamp":1073926407534440,"circlet_count":0,"master_deck":["Strike_B","Strike_B","Defend_B","Defend_B","Defend_B","Defend_B","Zap","Dualcast","AscendersBane","Glacier+1","Hologram","Leap","Seek","Hologram","Rebound","Cold Snap","Cold Snap","Creative AI","Defragment+1","Capacitor","Hologram","Conserve Battery+1","Leap","Defragment"],"relics":["Ectoplasm","PreservedInsect","Omamori","Cursed Key","Boot","Gremlin Horn"],"potions_floor_usage":[12,16,28],"damage_taken":[{"damage":0,"enemies":"Cultist","floor":1,"turns":4},{"damage":5,"enemies":"2 Louse","floor":3,"turns":3},{"damage":14,"enemies":"Lagavulin","floor":6,"turns":11},{"damage":0,"enemies":"Small Slimes","floor":7,"turns":5},{"damage":0,"enemies":"Blue Slaver","floor":8,"turns":5},{"damage":1,"enemies":"Looter","floor":12,"turns":3},{"damage":27,"enemies":"Exordium Thugs","floor":14,"turns":9},{"damage":8,"enemies":"The Guardian","floor":16,"turns":16},{"damage":20,"enemies":"3 Byrds","floor":18,"turns":7},{"damage":17,"enemies":"2 Thieves","floor":20,"turns":5},{"damage":16,"enemies":"Colosseum Slavers","floor":21,"turns":9},{"damage":14,"enemies":"Centurion and Healer","floor":24,"turns":11},{"damage":9,"enemies":"Snake Plant","floor":28,"turns":9},{"damage":13,"enemies":"Cultist and Chosen","floor":29,"turns":11},{"damage":11,"enemies":"Centurion and Healer","floor":30,"turns":10},{"damage":35,"enemies":"Collector","floor":33,"turns":5}],"seed_played":"2472396080530399137","potions_obtained":[{"floor":6,"key":"LiquidBronze"},{"floor":7,"key":"LiquidBronze"},{"floor":18,"key":"Weak Potion"},{"floor":24,"key":"FearPotion"}],"is_trial":false,"path_per_floor":["M","?","M","?","$","E","M","M","T","R","?","M","?","M","R","B",null,"M","?","M","?","$","R","M","R","T","$","M","M","M","?","R"],"character_chosen":"DEFECT","items_purchased":["Leap"],"campfire_rested":4,"item_purchase_floors":[5],"current_hp_per_floor":[64,53,48,41,41,27,27,27,27,48,48,47,70,43,43,35,62,42,42,25,9,9,30,16,37,37,37,28,15,4,4,25,0],"gold":0,"neow_bonus":"BOSS_RELIC","is_prod":false,"is_daily":false,"chose_seed":false,"campfire_upgraded":1,"win_rate":0,"timestamp":1540232100,"path_taken":["M","?","M","?","$","E","M","M","T","R","?","M","?","M","R","BOSS","M","?","M","?","?","R","M","R","T","$","M","M","?","?","R","BOSS"],"build_version":"2018-10-18","purchased_purges":0,"victory":false,"max_hp_per_floor":[71,71,71,71,71,71,71,71,71,71,71,71,71,71,71,71,71,71,71,71,71,71,71,71,71,71,71,71,71,71,71,71,71],"card_choices":[{"not_picked":["Barrage","Ball Lightning"],"picked":"Glacier","floor":1},{"not_picked":["Beam Cell","Double Energy"],"picked":"Hologram","floor":3},{"not_picked":["Hologram","Go for the Eyes"],"picked":"Seek","floor":6},{"not_picked":["Barrage","Blizzard"],"picked":"Hologram","floor":7},{"not_picked":["Ball Lightning","Undo"],"picked":"Rebound","floor":8},{"not_picked":["Compile Driver","Storm"],"picked":"Cold Snap","floor":12},{"not_picked":["Barrage","Beam Cell"],"picked":"Cold Snap","floor":14},{"not_picked":["Buffer","Thunder Strike"],"picked":"Creative AI","floor":16},{"not_picked":["BootSequence","Lockon"],"picked":"Defragment+1","floor":18},{"not_picked":["Reprogram","Compile Driver+1"],"picked":"Capacitor","floor":20},{"not_picked":["Static Discharge","Redo"],"picked":"Hologram","floor":24},{"not_picked":["Streamline","Redo"],"picked":"Conserve Battery+1","floor":28},{"not_picked":["Consume","Steam"],"picked":"Leap","floor":29},{"not_picked":["Machine Learning","Genetic Algorithm"],"picked":"Defragment","floor":30}],"player_experience":1561706,"relics_obtained":[{"floor":6,"key":"PreservedInsect"},{"floor":9,"key":"Omamori"},{"floor":26,"key":"Boot"}],"event_choices":[{"damage_healed":0,"gold_gain":75,"player_choice":"Gather Gold","damage_taken":11,"max_hp_gain":0,"max_hp_loss":0,"event_name":"World of Goop","floor":2,"gold_loss":0},{"cards_removed":["Strike_B"],"damage_healed":0,"gold_gain":0,"player_choice":"Card Removal","damage_taken":7,"max_hp_gain":0,"max_hp_loss":0,"event_name":"Golden Wing","floor":4,"gold_loss":0},{"damage_healed":0,"gold_gain":0,"player_choice":"Ignored","damage_taken":0,"max_hp_gain":0,"max_hp_loss":0,"event_name":"Liars Game","floor":11,"gold_loss":0},{"damage_healed":23,"gold_gain":0,"player_choice":"Banana","damage_taken":0,"max_hp_gain":0,"max_hp_loss":0,"event_name":"Big Fish","floor":13,"gold_loss":0},{"cards_removed":["Strike_B"],"damage_healed":0,"gold_gain":0,"player_choice":"Elegance","damage_taken":0,"max_hp_gain":0,"max_hp_loss":0,"event_name":"Back to Basics","floor":19,"gold_loss":0},{"damage_healed":0,"gold_gain":0,"player_choice":"Fight","damage_taken":0,"max_hp_gain":0,"max_hp_loss":0,"event_name":"Colosseum","floor":21,"gold_loss":0},{"damage_healed":0,"gold_gain":0,"player_choice":"Fled From Nobs","damage_taken":0,"max_hp_gain":0,"max_hp_loss":0,"event_name":"Colosseum","floor":21,"gold_loss":0},{"damage_healed":0,"gold_gain":0,"player_choice":"Gave Potion","damage_taken":0,"relics_obtained":["Gremlin Horn"],"max_hp_gain":0,"max_hp_loss":0,"event_name":"WeMeetAgain","floor":31,"gold_loss":0}],"is_beta":false,"boss_relics":[{"not_picked":["Orrery","Sozu"],"picked":"Cursed Key"}],"items_purged_floors":[],"is_endless":false,"potions_floor_spawned":[6,7,8,18,24],"killed_by":"Collector","ascension_level":15}