{"gold_per_floor":[114,114,114,129,144,144,164,182,264,290,290,290,323,340,340,416,416,434,445,445,445],"floor_reached":21,"playtime":999,"items_purged":[],"score":334,"play_id":"dc4af01f-43ff-489b-b558-63c31969674d","local_time":"20181019153159","is_ascension_mode":true,"campfire_choices":[{"data":"Zap","floor":6,"key":"SMITH"},{"floor":12,"key":"REST"},{"floor":15,"key":"REST"}],"neow_cost":"NONE","seed_source_timestamp":820546198721781,"circlet_count":0,"master_deck":["Strike_B","Strike_B","Defend_B","Defend_B","Defend_B","Defend_B","Zap+1","Dualcast","AscendersBane","Beam Cell","Streamline","Coolheaded","Cold Snap","Cold Snap","Sunder","Electrodynamics","Parasite","Hologram+1","Stack+1","Storm","Core Surge","Stack+1","Sweeping Beam"],"relics":["Cracked Core","NeowsBlessing","Tiny Chest","Toxic Egg 2","Dream Catcher","Cursed Key"],"potions_floor_usage":[10,10,13,16,20],"damage_taken":[{"damage":0,"enemies":"Small Slimes","floor":1,"turns":1},{"damage":0,"enemies":"Cultist","floor":4,"turns":1},{"damage":0,"enemies":"2 Louse","floor":5,"turns":1},{"damage":13,"enemies":"Lots of Slimes","floor":7,"turns":3},{"damage":11,"enemies":"Large Slime","floor":8,"turns":4},{"damage":29,"enemies":"Lagavulin","floor":10,"turns":5},{"damage":9,"enemies":"Gremlin Nob","floor":13,"turns":4},{"damage":0,"enemies":"3 Louse","floor":14,"turns":1},{"damage":46,"enemies":"The Guardian","floor":16,"turns":12},{"damage":8,"enemies":"Chosen","floor":18,"turns":4},{"damage":4,"enemies":"Spheric Guardian","floor":19,"turns":3},{"damage":23,"enemies":"Colosseum Slavers","floor":20,"turns":3},{"damage":24,"enemies":"Shelled Parasite and Fungi","floor":21,"turns":6}],"seed_played":"-7705938312945295957","potions_obtained":[{"floor":5,"key":"Strength Potion"},{"floor":7,"key":"Energy Potion"},{"floor":10,"key":"FocusPotion"},{"floor":14,"key":"SteroidPotion"},{"floor":16,"key":"Fire Potion"},{"floor":19,"key":"Weak Potion"}],"is_trial":false,"path_per_floor":["M","?","?","M","M","R","M","M","T","E","?","R","E","M","R","B",null,"M","M","?"],"character_chosen":"DEFECT","items_purchased":[],"campfire_rested":2,"item_purchase_floors":[],"current_hp_per_floor":[64,64,64,64,64,64,51,40,40,11,28,49,40,40,61,15,57,49,45,22,0],"gold":445,"neow_bonus":"THREE_ENEMY_KILL","is_prod":false,"is_daily":false,"chose_seed":false,"campfire_upgraded":1,"win_rate":0,"timestamp":1539977519,"path_taken":["M","?","?","M","?","R","M","M","T","E","?","R","E","M","R","BOSS","M","M","?","M"],"build_version":"2018-10-18","purchased_purges":0,"victory":false,"max_hp_per_floor":[71,71,71,71,71,71,71,71,71,71,71,71,71,71,71,71,71,71,71,71,71],"card_choices":[{"not_picked":["Chaos","Auto Shields"],"picked":"Beam Cell","floor":1},{"not_picked":["Steam","Rebound"],"picked":"Coolheaded","floor":4},{"not_picked":["Leap","Amplify"],"picked":"Cold Snap","floor":5},{"not_picked":["Barrage","Ball Lightning"],"picked":"Cold Snap","floor":7},{"not_picked":["Barrage","Ball Lightning"],"picked":"Sunder","floor":8},{"not_picked":["Scrape","White Noise"],"picked":"Electrodynamics","floor":10},{"not_picked":["Aggregate+1","Streamline"],"picked":"Hologram+1","floor":13},{"not_picked":["Sweeping Beam","Steam+1"],"picked":"Stack+1","floor":14},{"not_picked":["Turbo+1","Stack+1"],"picked":"Storm","floor":15},{"not_picked":["Seek+1","Fission+1"],"picked":"Core Surge","floor":16},{"not_picked":["Rebound","Compile Driver"],"picked":"Stack+1","floor":18},{"not_picked":["Gash","Rebound"],"picked":"Sweeping Beam","floor":19}],"player_experience":1553586,"relics_obtained":[{"floor":9,"key":"Tiny Chest"},{"floor":10,"key":"Toxic Egg 2"},{"floor":13,"key":"Dream Catcher"}],"event_choices":[{"damage_healed":0,"gold_gain":0,"cards_transformed":["Strike_B"],"player_choice":"Transformed","damage_taken":0,"max_hp_gain":0,"max_hp_loss":0,"event_name":"Transmorgrifier","floor":2,"gold_loss":0,"cards_obtained":["Streamline"]},{"cards_removed":["Strike_B"],"damage_healed":0,"gold_gain":0,"player_choice":"Offered Basic","damage_taken":0,"max_hp_gain":0,"max_hp_loss":0,"event_name":"Bonfire Elementals","floor":3,"gold_loss":0},{"damage_healed":17,"gold_gain":0,"player_choice":"Healed and dodged fight","damage_taken":0,"max_hp_gain":0,"max_hp_loss":0,"event_name":"Mushrooms","floor":11,"gold_loss":0,"cards_obtained":["Parasite"]},{"damage_healed":0,"gold_gain":0,"player_choice":"Fight","damage_taken":0,"max_hp_gain":0,"max_hp_loss":0,"event_name":"Colosseum","floor":20,"gold_loss":0},{"damage_healed":0,"gold_gain":0,"player_choice":"Fled From Nobs","damage_taken":0,"max_hp_gain":0,"max_hp_loss":0,"event_name":"Colosseum","floor":20,"gold_loss":0}],"is_beta":false,"boss_relics":[{"not_picked":["Snecko Eye","Nuclear Battery"],"picked":"Cursed Key"}],"items_purged_floors":[],"is_endless":false,"potions_floor_spawned":[5,7,10,14,16,19],"killed_by":"Shelled Parasite and Fungi","ascension_level":15}