{"path_per_floor":["M","?","$","M","T","E","R","M","T","?","?","?","E","$","R","B",null,"M","?","M","M","?","R","M","R","T","M","?","R","$","E","R","B",null,"M","?","?","M","$","R","M","E","T","$"],"character_chosen":"THE_SILENT","items_purchased":["Noxious Fumes","Torii","Boot","Footwork"],"gold_per_floor":[111,111,41,56,56,87,87,98,98,273,273,273,298,4,4,101,101,88,13,31,51,51,51,62,62,136,156,156,156,6,33,33,133,133,143,143,193,213,65,65,85,117,117,17,17],"floor_reached":45,"campfire_rested":4,"playtime":3733,"item_purchase_floors":[3,14,30,39],"current_hp_per_floor":[70,63,63,63,63,63,63,63,63,63,68,61,45,45,45,5,75,56,56,55,50,36,60,53,53,63,41,41,68,68,40,67,49,90,83,72,52,51,51,78,62,25,25,25,0],"items_purged":["Strike_G","Strike_G"],"gold":17,"score":517,"play_id":"021a0699-9ebc-4417-8aa1-0f1ad132f0b9","local_time":"20180605202838","is_prod":false,"is_daily":false,"chose_seed":false,"is_ascension_mode":false,"campfire_upgraded":3,"win_rate":0,"timestamp":1528244918,"campfire_choices":[{"data":"Noxious Fumes","floor":7,"key":"SMITH"},{"data":"Backflip","floor":15,"key":"SMITH"},{"floor":23,"key":"REST"},{"data":"Skewer","floor":25,"key":"SMITH"},{"floor":29,"key":"REST"},{"floor":32,"key":"REST"},{"floor":40,"key":"REST"}],"path_taken":["M","?","$","?","?","E","R","M","T","?","?","?","E","$","R","BOSS","M","?","M","M","?","R","M","R","T","M","?","R","?","E","R","BOSS","M","?","?","M","$","R","M","E","T","$","M"],"build_version":"2018-05-31","seed_source_timestamp":437269186065420,"purchased_purges":2,"victory":false,"master_deck":["Defend_G","Defend_G","Defend_G","Defend_G","Defend_G","Strike_G","Survivor","Neutralize","Crippling Poison","Noxious Fumes+1","Skewer+1","Deadly Poison","Backflip+1","Storm of Steel","Tools of the Trade","Crippling Poison","Dodge and Roll","Deflect","Backflip","Accuracy","Noxious Fumes","Wraith Form v2","Blade Dance","Madness","Madness","Dash","Deflect","Footwork","Skewer","Footwork+1"],"max_hp_per_floor":[70,70,70,70,70,70,70,70,70,70,75,75,75,75,75,75,75,75,75,75,75,80,80,80,80,90,90,90,90,90,90,90,90,90,90,90,90,90,90,90,90,90,90,90,90],"relics":["Ring of the Snake","NeowsBlessing","Pantograph","Juzu Bracelet","Art of War","Vajra","Kunai","Torii","Snecko Eye","Pear","Boot","Ninja Scroll","Black Star","Gambling Chip","Pen Nib","Regal Pillow","Question Card"],"card_choices":[{"not_picked":["Acrobatics","Cloak And Dagger"],"picked":"Crippling Poison","floor":1},{"not_picked":["Dagger Spray","Dagger Throw"],"picked":"Skewer","floor":4},{"not_picked":["Catalyst","Outmaneuver"],"picked":"Deadly Poison","floor":6},{"not_picked":["Terror","Sucker Punch"],"picked":"Backflip","floor":8},{"not_picked":["All Out Attack","Flying Knee"],"picked":"Storm of Steel","floor":13},{"not_picked":["Glass Knife","Corpse Explosion"],"picked":"Tools of the Trade","floor":16},{"not_picked":["Dagger Throw","Poisoned Stab+1"],"picked":"Crippling Poison","floor":18},{"not_picked":["Reflex","Quick Slash"],"picked":"Dodge and Roll","floor":20},{"not_picked":["Underhanded Strike","Blade Dance"],"picked":"Deflect","floor":21},{"not_picked":["Glass Knife","Outmaneuver"],"picked":"Backflip","floor":24},{"not_picked":["Dagger Throw","Deflect+1"],"picked":"Accuracy","floor":27},{"not_picked":["Acrobatics","Bouncing Flask+1"],"picked":"Noxious Fumes","floor":31},{"not_picked":["Night Terror","Phantasmal Killer"],"picked":"Wraith Form v2","floor":33},{"not_picked":["Acrobatics+1","Endless Agony"],"picked":"Blade Dance","floor":35},{"not_picked":["Dodge and Roll+1","Outmaneuver+1"],"picked":"Dash","floor":37},{"not_picked":["Dagger Spray","All Out Attack"],"picked":"Deflect","floor":38},{"not_picked":["Acrobatics+1","Bane+1"],"picked":"Skewer","floor":41},{"not_picked":["Deadly Poison","Well Laid Plans+1"],"picked":"Footwork+1","floor":42}],"player_experience":365158,"potions_floor_usage":[13,16,31,33,33,33,42,45],"damage_taken":[{"damage":0,"enemies":"Cultist","floor":1,"turns":1},{"damage":0,"enemies":"2 Louse","floor":4,"turns":1},{"damage":0,"enemies":"3 Sentries","floor":6,"turns":1},{"damage":0,"enemies":"Small Slimes","floor":8,"turns":3},{"damage":16,"enemies":"Gremlin Nob","floor":13,"turns":4},{"damage":65,"enemies":"Slime Boss","floor":16,"turns":12},{"damage":19,"enemies":"2 Thieves","floor":18,"turns":4},{"damage":1,"enemies":"Spheric Guardian","floor":20,"turns":4},{"damage":5,"enemies":"Snake Plant","floor":21,"turns":5},{"damage":7,"enemies":"Snecko","floor":24,"turns":4},{"damage":22,"enemies":"Cultist and Chosen","floor":27,"turns":7},{"damage":28,"enemies":"Slavers","floor":31,"turns":5},{"damage":41,"enemies":"Automaton","floor":33,"turns":10},{"damage":7,"enemies":"3 Darklings","floor":35,"turns":5},{"damage":20,"enemies":"Mysterious Sphere","floor":37,"turns":7},{"damage":1,"enemies":"3 Shapes","floor":38,"turns":4},{"damage":16,"enemies":"Sphere and 2 Shapes","floor":41,"turns":9},{"damage":37,"enemies":"2 Orb Walkers","floor":42,"turns":6},{"damage":25,"enemies":"3 Darklings","floor":45,"turns":3}],"relics_obtained":[{"floor":5,"key":"Juzu Bracelet"},{"floor":6,"key":"Art of War"},{"floor":9,"key":"Vajra"},{"floor":13,"key":"Kunai"},{"floor":26,"key":"Pear"},{"floor":31,"key":"Ninja Scroll"},{"floor":37,"key":"Gambling Chip"},{"floor":42,"key":"Pen Nib"},{"floor":42,"key":"Regal Pillow"},{"floor":43,"key":"Question Card"}],"event_choices":[{"event_name":"Scrap Ooze","player_choice":"success","floor":2,"damage_taken":7},{"event_name":"Liars Game","player_choice":"agreed","floor":10,"damage_taken":0},{"event_name":"Big Fish","player_choice":"Donut","floor":11,"damage_taken":0},{"event_name":"Golden Wing","player_choice":"Card Removal","floor":12,"damage_taken":0},{"event_name":"Beggar","player_choice":"Gave Gold","floor":19,"damage_taken":0},{"event_name":"Forgotten Altar","player_choice":"Shed Blood","floor":22,"damage_taken":0},{"event_name":"Back to Basics","player_choice":"Elegance","floor":28,"damage_taken":0},{"event_name":"Winding Halls","player_choice":"Embrace Madness","floor":36,"damage_taken":0},{"event_name":"Mysterious Sphere","player_choice":"Fight","floor":37,"damage_taken":0}],"boss_relics":[{"not_picked":["Runic Dome","White Beast Statue"],"picked":"Snecko Eye"},{"not_picked":["Runic Pyramid","Pandora\u0027s Box"],"picked":"Black Star"}],"items_purged_floors":[39,44],"potions_floor_spawned":[6,13,16,18,21,27,31,33,38,42],"seed_played":"3786641058131849884","killed_by":"3 Darklings","ascension_level":0,"potions_obtained":[{"floor":6,"key":"Poison Potion"},{"floor":13,"key":"Energy Potion"},{"floor":16,"key":"Ancient Potion"},{"floor":18,"key":"Dexterity Potion"},{"floor":21,"key":"GhostInAJar"},{"floor":31,"key":"Swift Potion"},{"floor":33,"key":"EssenceOfSteel"},{"floor":38,"key":"SpeedPotion"},{"floor":42,"key":"Poison Potion"}],"is_trial":false}