{"path_per_floor":["M","?","$","?","M","R","M","R","T","E","R","M","$","?","R","B",null,"M","M","?","M","M","R","$","?","T","M","R","T","M","M","R","B",null,"M","M","$","M","?","R","?","R","T","M","R","$","R","$","R"],"character_chosen":"THE_SILENT","items_purchased":["Apotheosis","Reflex","Finesse","Sadistic Nature","Underhanded Strike"],"gold_per_floor":[212,212,16,16,33,33,52,52,75,108,108,119,44,44,44,142,142,158,170,170,188,205,205,26,0,25,45,45,45,62,78,78,177,177,187,197,19,30,30,30,30,30,53,72,72,49,49,49,49,49],"floor_reached":50,"campfire_rested":7,"playtime":3584,"item_purchase_floors":[],"current_hp_per_floor":[70,63,63,63,63,63,62,62,62,55,55,54,54,54,70,59,70,62,62,62,32,26,47,47,47,47,21,42,42,35,29,50,35,70,60,55,55,22,13,34,34,55,55,40,61,61,61,61,61,0],"items_purged":["Strike_G"],"gold":49,"score":484,"play_id":"0236e663-2e5e-4ec3-a4b1-3a3a02ca2614","local_time":"20180613205238","is_prod":false,"is_daily":false,"chose_seed":false,"is_ascension_mode":true,"campfire_upgraded":5,"win_rate":0,"timestamp":1528937558,"campfire_choices":[{"data":"PiercingWail","floor":6.0,"key":"SMITH"},{"data":"Survivor","floor":8.0,"key":"SMITH"},{"data":"Prepared","floor":11.0,"key":"SMITH"},{"floor":15.0,"key":"REST"},{"floor":23,"key":"REST"},{"floor":28,"key":"REST"},{"floor":32,"key":"REST"},{"floor":40,"key":"REST"},{"floor":42,"key":"REST"},{"floor":45,"key":"REST"},{"data":"Envenom","floor":47,"key":"SMITH"},{"data":"Sadistic Nature","floor":49,"key":"SMITH"}],"path_taken":["M","?","$","?","?","R","M","R","T","E","R","M","$","?","R","BOSS","M","?","?","M","?","R","$","?","T","M","R","?","M","M","R","BOSS","M","?","$","M","?","R","?","R","T","M","R","?","R","$","R","BOSS"],"build_version":"2018-06-07v3","seed_source_timestamp":0,"purchased_purges":1,"victory":false,"master_deck":["Defend_G","Defend_G","Defend_G","Defend_G","Strike_G","Strike_G","Strike_G+1","Survivor+1","Neutralize+1","Apotheosis+1","PiercingWail+1","Prepared+1","Eviscerate","Predator+1","Storm of Steel","Choke+1","Reflex","Backflip","Calculated Gamble","Reflex","Finesse","Slice+1","Dagger Throw+1","Underhanded Strike","Envenom+1","Sadistic Nature+1","Madness","Madness","Underhanded Strike"],"max_hp_per_floor":[70,70,70,70,70,70,70,70,70,70,70,70,70,70,70,70,70,70,70,70,70,70,70,70,70,70,70,70,70,70,70,70,70,70,70,70,70,70,70,70,70,70,70,70,70,70,70,70,70,70],"relics":["Ring of the Snake","Bronze Scales","Orichalcum","Lizard Tail","Whetstone","Matryoshka","Busted Crown","Lantern","Juzu Bracelet"],"card_choices":[{"not_picked":["Poisoned Stab","Reflex","Flechettes"],"picked":"SKIP","floor":1.0},{"not_picked":["Outmaneuver","Backstab"],"picked":"PiercingWail","floor":5.0},{"not_picked":["Reflex","Sucker Punch"],"picked":"Prepared","floor":7.0},{"not_picked":["Masterful Stab","Unload"],"picked":"Eviscerate","floor":10.0},{"not_picked":["Quick Slash","Dodge and Roll"],"picked":"Predator","floor":12.0},{"not_picked":["Bullet Time","Glass Knife"],"picked":"Storm of Steel","floor":16.0},{"not_picked":["Dodge and Roll","Reflex"],"picked":"Choke+1","floor":18.0},{"not_picked":["Dagger Throw","Flying Knee"],"picked":"Reflex","floor":19.0},{"not_picked":["Flying Knee","Dagger Spray"],"picked":"Backflip","floor":21},{"not_picked":["Prepared","Slice"],"picked":"Calculated Gamble","floor":22},{"not_picked":["Backstab","Quick Slash"],"picked":"Slice+1","floor":27},{"not_picked":["Wraith Form v2","Infinite Blades"],"picked":"Dagger Throw+1","floor":30},{"not_picked":["Well Laid Plans","Slice"],"picked":"Underhanded Strike","floor":31},{"not_picked":["Die Die Die","Venomology"],"picked":"Envenom","floor":33},{"not_picked":["Poisoned Stab+1"],"picked":"SKIP","floor":35},{"not_picked":["Sucker Punch"],"picked":"SKIP","floor":36},{"not_picked":["Quick Slash"],"picked":"SKIP","floor":38},{"not_picked":["Dagger Spray+1"],"picked":"SKIP","floor":44}],"player_experience":523439,"potions_floor_usage":[22,33,33,36],"damage_taken":[{"damage":0.0,"enemies":"Jaw Worm","floor":1.0,"turns":8.0},{"damage":0.0,"enemies":"2 Louse","floor":5.0,"turns":3.0},{"damage":1.0,"enemies":"Small Slimes","floor":7.0,"turns":5.0},{"damage":7.0,"enemies":"Lagavulin","floor":10.0,"turns":8.0},{"damage":1.0,"enemies":"Red Slaver","floor":12.0,"turns":4.0},{"damage":11.0,"enemies":"The Guardian","floor":16.0,"turns":10.0},{"damage":8.0,"enemies":"Shell Parasite","floor":18.0,"turns":5.0},{"damage":0.0,"enemies":"3 Byrds","floor":19.0,"turns":2.0},{"damage":30,"enemies":"Snake Plant","floor":21,"turns":3},{"damage":21,"enemies":"Centurion and Healer","floor":22,"turns":8},{"damage":26,"enemies":"Snecko","floor":27,"turns":4},{"damage":7,"enemies":"Snake Plant","floor":30,"turns":4},{"damage":6,"enemies":"Centurion and Healer","floor":31,"turns":8},{"damage":56,"enemies":"Collector","floor":33,"turns":20},{"damage":10,"enemies":"3 Shapes","floor":35,"turns":4},{"damage":5,"enemies":"Orb Walker","floor":36,"turns":2},{"damage":33,"enemies":"Sphere and 2 Shapes","floor":38,"turns":6},{"damage":15,"enemies":"Maw","floor":44,"turns":7},{"damage":62,"enemies":"Time Eater","floor":50,"turns":6}],"relics_obtained":[{"floor":9.0,"key":"Bronze Scales"},{"floor":10.0,"key":"Orichalcum"},{"floor":26,"key":"Whetstone"},{"floor":29,"key":"Matryoshka"},{"floor":43,"key":"Lantern"},{"floor":43,"key":"Juzu Bracelet"}],"event_choices":[{"event_name":"Golden Wing","player_choice":"Card Removal","floor":2.0,"damage_taken":0.0},{"event_name":"Accursed Blacksmith","player_choice":"Forge","floor":4.0,"damage_taken":0.0},{"event_name":"Living Wall","player_choice":"Grow","floor":14.0,"damage_taken":0.0},{"event_name":"Vampires","player_choice":"Ignored","floor":20.0,"damage_taken":0.0},{"event_name":"Masked Bandits","player_choice":"Paid Bandits 26 gold","floor":25,"damage_taken":0},{"event_name":"Winding Halls","player_choice":"Embrace Madness","floor":39,"damage_taken":0},{"event_name":"Bonfire Elementals","player_choice":"BASIC","floor":41,"damage_taken":0}],"boss_relics":[{"not_picked":["Orrery","Velvet Choker"],"picked":"Lizard Tail"},{"not_picked":["Astrolabe","Snecko Eye"],"picked":"Busted Crown"}],"items_purged_floors":[],"potions_floor_spawned":[7,10,16,21,22,30,31,36,38],"seed_played":"6242459307373125109","killed_by":"Time Eater","ascension_level":2,"potions_obtained":[{"floor":7.0,"key":"EssenceOfSteel"},{"floor":10.0,"key":"SkillPotion"},{"floor":16.0,"key":"Explosive Potion"},{"floor":21,"key":"Regen Potion"},{"floor":22,"key":"GhostInAJar"},{"floor":30,"key":"SteroidPotion"},{"floor":31,"key":"Dexterity Potion"},{"floor":36,"key":"Energy Potion"},{"floor":38,"key":"SpeedPotion"}],"is_trial":false}