{"gold_per_floor":[116,135,152,163,163,193,193,223,302,334,334,346,363,397,397,498,498,511,96,111,129,141,141],"floor_reached":23,"playtime":1473,"items_purged":["Strike_R"],"score":248,"play_id":"1342f4db-bf48-4284-b02a-779080090926","local_time":"20190214233049","is_ascension_mode":true,"campfire_choices":[{"data":"Armaments","floor":7.0,"key":"SMITH"},{"data":"Double Tap","floor":15,"key":"SMITH"}],"neow_cost":"NONE","seed_source_timestamp":24857383774894,"circlet_count":0,"master_deck":["Strike_R","Strike_R","Strike_R","Defend_R","Defend_R","Defend_R","Defend_R","Bash","Bludgeon","Shrug It Off","Shrug It Off","Armaments+1","Shrug It Off","Double Tap+1","Burning Pact","Barricade","Metallicize","Reaper+1","Inflame"],"special_seed":0,"relics":["Burning Blood","Bottled Flame","StoneCalendar","Molten Egg 2","Oddly Smooth Stone","Bottled Lightning","Velvet Choker","Anchor"],"potions_floor_usage":[14],"damage_taken":[{"damage":2.0,"enemies":"Jaw Worm","floor":1.0,"turns":3.0},{"damage":3.0,"enemies":"2 Louse","floor":2.0,"turns":3.0},{"damage":1.0,"enemies":"Cultist","floor":3.0,"turns":3.0},{"damage":0.0,"enemies":"2 Fungi Beasts","floor":4.0,"turns":3.0},{"damage":19.0,"enemies":"3 Sentries","floor":6.0,"turns":12.0},{"damage":3.0,"enemies":"Gremlin Nob","floor":8.0,"turns":3.0},{"damage":15.0,"enemies":"Lagavulin","floor":10.0,"turns":5.0},{"damage":0.0,"enemies":"Large Slime","floor":12.0,"turns":6.0},{"damage":8,"enemies":"Blue Slaver","floor":13,"turns":3},{"damage":12,"enemies":"3 Sentries","floor":14,"turns":6},{"damage":14,"enemies":"Slime Boss","floor":16,"turns":7},{"damage":18,"enemies":"3 Byrds","floor":18,"turns":7},{"damage":2,"enemies":"Chosen","floor":20,"turns":4},{"damage":29,"enemies":"Snake Plant","floor":21,"turns":3},{"damage":49,"enemies":"3 Cultists","floor":22,"turns":7},{"damage":26,"enemies":"Book of Stabbing","floor":23,"turns":5}],"seed_played":"-2099533019232164775","potions_obtained":[{"floor":4.0,"key":"Energy Potion"},{"floor":8.0,"key":"GamblersBrew"},{"floor":10.0,"key":"Energy Potion"},{"floor":13,"key":"SmokeBomb"},{"floor":16,"key":"SpeedPotion"},{"floor":18,"key":"Fire Potion"}],"is_trial":false,"path_per_floor":["M","M","M","M","?","E","R","E","T","E","?","M","M","E","R","B",null,"M","$","M","M","M","E"],"character_chosen":"IRONCLAD","items_purchased":["Metallicize","Reaper+1","Anchor"],"campfire_rested":0,"item_purchase_floors":[19,19,19],"current_hp_per_floor":[80,80,80,80,85,72,72,75,75,66,66,72,70,64,64,56,85,73,73,77,54,21,0],"gold":141,"neow_bonus":"ONE_RANDOM_RARE_CARD","is_prod":false,"is_daily":false,"chose_seed":false,"campfire_upgraded":2,"win_rate":0,"timestamp":1550158249,"path_taken":["M","M","M","M","?","E","R","E","T","E","?","M","?","E","R","BOSS","M","$","M","M","M","E"],"build_version":"2019-01-23","purchased_purges":1,"victory":false,"max_hp_per_floor":[80,80,80,80,85,85,85,85,85,85,85,85,85,85,85,85,85,85,85,85,85,85,85],"card_choices":[{"not_picked":["Armaments","Clothesline"],"picked":"Shrug It Off","floor":1.0},{"not_picked":["Reckless Charge","Warcry"],"picked":"Shrug It Off","floor":2.0},{"not_picked":["Fire Breathing","Searing Blow","Infernal Blade"],"picked":"SKIP","floor":3.0},{"not_picked":["Wild Strike","Anger"],"picked":"Armaments","floor":4.0},{"not_picked":["Clash","Flex","Iron Wave"],"picked":"SKIP","floor":6.0},{"not_picked":["Searing Blow","Heavy Blade"],"picked":"Shrug It Off","floor":8.0},{"not_picked":["Warcry","Hemokinesis+1"],"picked":"Double Tap","floor":10.0},{"not_picked":["Searing Blow+1","Wild Strike+1"],"picked":"Burning Pact","floor":12.0},{"not_picked":["Twin Strike+1","Blood for Blood+1","Entrench"],"picked":"SKIP","floor":13},{"not_picked":["Havoc","Ghostly Armor","Headbutt+1"],"picked":"SKIP","floor":14},{"not_picked":["Exhume","Double Tap"],"picked":"Barricade","floor":16},{"not_picked":["Armaments+1","Perfected Strike+1","Dual Wield+1"],"picked":"SKIP","floor":18},{"not_picked":["Flex","Combust"],"picked":"Inflame","floor":20},{"not_picked":["Shrug It Off","Twin Strike+1","Armaments"],"picked":"SKIP","floor":21},{"not_picked":["Perfected Strike+1","Pommel Strike+1","Hemokinesis+1"],"picked":"SKIP","floor":22}],"player_experience":138201,"relics_obtained":[{"floor":6.0,"key":"Bottled Flame"},{"floor":8.0,"key":"StoneCalendar"},{"floor":9.0,"key":"Molten Egg 2"},{"floor":10.0,"key":"Oddly Smooth Stone"},{"floor":14,"key":"Bottled Lightning"}],"event_choices":[{"damage_healed":0.0,"max_hp_gain":5.0,"max_hp_loss":0.0,"gold_gain":0.0,"event_name":"Big Fish","player_choice":"Donut","floor":5.0,"gold_loss":0.0,"damage_taken":0.0},{"cards_removed":["Strike_R"],"damage_healed":0.0,"max_hp_gain":0.0,"max_hp_loss":0.0,"gold_gain":0.0,"event_name":"Purifier","player_choice":"Purged","floor":11.0,"gold_loss":0.0,"damage_taken":0.0}],"is_beta":false,"boss_relics":[{"not_picked":["Black Blood","Lizard Tail"],"picked":"Velvet Choker"}],"items_purged_floors":[19],"is_endless":false,"potions_floor_spawned":[4,8,10,13,16,18],"killed_by":"Book of Stabbing","ascension_level":2}