{"gold_per_floor":[117,137,212,212,212,245,245,170,197,197,231,231,254,289,289,378,378,398,422,198,223,223,223,239,262,262,262,262,25,25,25],"floor_reached":31,"playtime":892,"items_purged":["Writhe"],"score":553,"play_id":"f5c3e075-b23e-4be0-8ed5-fe8fbb00873f","local_time":"20190207104323","is_ascension_mode":true,"campfire_choices":[{"data":"Noxious Fumes","floor":7,"key":"SMITH"},{"data":"Catalyst","floor":10,"key":"SMITH"},{"floor":15,"key":"REST"},{"data":"Bouncing Flask","floor":23,"key":"SMITH"},{"floor":28,"key":"REST"},{"data":"After Image","floor":30,"key":"SMITH"}],"neow_cost":"NONE","seed_source_timestamp":57344284914591,"circlet_count":0,"master_deck":["AscendersBane","Defend_G","Defend_G","Defend_G","Defend_G","Defend_G","Strike_G","Strike_G","Strike_G+1","Strike_G+1","Survivor","Neutralize+1","Catalyst+1","Escape Plan","Noxious Fumes+1","Bouncing Flask+1","Cloak And Dagger","After Image+1","Well Laid Plans+1","Bouncing Flask+1","Backflip","Glass Knife","Footwork","Leg Sweep"],"relics":["Ring of the Snake","NeowsBlessing","Golden Idol","Pocketwatch","Snake Skull","Odd Mushroom","Dream Catcher","Philosopher\u0027s Stone","OrangePellets","Anchor","Peace Pipe"],"potions_floor_usage":[16,24,25],"damage_taken":[{"damage":0,"enemies":"Small Slimes","floor":1,"turns":1},{"damage":0,"enemies":"2 Louse","floor":2,"turns":1},{"damage":0,"enemies":"Lagavulin","floor":6,"turns":1},{"damage":5,"enemies":"The Mushroom Lair","floor":11,"turns":4},{"damage":0,"enemies":"Jaw Worm","floor":13,"turns":4},{"damage":2,"enemies":"Gremlin Nob","floor":14,"turns":3},{"damage":12,"enemies":"The Guardian","floor":16,"turns":7},{"damage":0,"enemies":"Spheric Guardian","floor":18,"turns":3},{"damage":1,"enemies":"Chosen","floor":19,"turns":5},{"damage":8,"enemies":"Centurion and Healer","floor":21,"turns":7},{"damage":2,"enemies":"Snake Plant","floor":24,"turns":3},{"damage":22,"enemies":"Cultist and Chosen","floor":25,"turns":5},{"damage":33,"enemies":"Slavers","floor":31,"turns":4}],"seed_played":"8589663970363520469","potions_obtained":[{"floor":2,"key":"Dexterity Potion"},{"floor":11,"key":"EssenceOfSteel"},{"floor":19,"key":"Weak Potion"}],"is_trial":false,"path_per_floor":["M","M","?","?","?","E","R","?","T","R","?","?","M","E","R","B",null,"M","M","$","M","?","R","M","M","T","?","R","$","R","E"],"character_chosen":"THE_SILENT","items_purchased":["OrangePellets","Footwork","Leg Sweep"],"campfire_rested":2,"item_purchase_floors":[20,29,29],"current_hp_per_floor":[59,59,48,48,48,48,48,48,48,48,43,25,25,23,41,29,52,52,51,51,43,34,34,32,10,10,10,28,28,28,0],"gold":25,"neow_bonus":"THREE_ENEMY_KILL","is_prod":false,"is_daily":false,"chose_seed":false,"campfire_upgraded":4,"win_rate":0,"timestamp":1549532603,"path_taken":["M","M","?","?","?","E","R","?","T","R","?","?","M","E","R","BOSS","M","M","$","M","?","R","M","?","T","?","R","$","R","E"],"build_version":"2019-01-23","purchased_purges":1,"victory":false,"max_hp_per_floor":[66,66,66,60,60,60,60,60,60,60,60,60,60,60,60,60,60,60,60,60,60,60,60,60,60,60,60,60,60,60,60],"card_choices":[{"not_picked":["Dagger Spray","Prepared"],"picked":"Catalyst","floor":1},{"not_picked":["Riddle With Holes","Deflect"],"picked":"Escape Plan","floor":2},{"not_picked":["Tactician","Outmaneuver"],"picked":"Noxious Fumes","floor":6},{"not_picked":["Dagger Throw","Backstab"],"picked":"Bouncing Flask","floor":13},{"not_picked":["Dagger Throw","Finisher"],"picked":"Cloak And Dagger","floor":14},{"not_picked":["Burst","Wraith Form v2"],"picked":"After Image","floor":16},{"not_picked":["Outmaneuver","Predator","Deadly Poison"],"picked":"SKIP","floor":18},{"not_picked":["Concentrate","Slice","Underhanded Strike"],"picked":"SKIP","floor":19},{"not_picked":["Dagger Throw","Caltrops"],"picked":"Well Laid Plans+1","floor":21},{"not_picked":["Prepared","Backflip"],"picked":"Bouncing Flask+1","floor":24},{"not_picked":["Blade Dance","Heel Hook"],"picked":"Backflip","floor":25},{"not_picked":["Dagger Throw+1","Deadly Poison"],"picked":"Glass Knife","floor":28}],"player_experience":1366089,"relics_obtained":[{"floor":6,"key":"Pocketwatch"},{"floor":9,"key":"Snake Skull"},{"floor":11,"key":"Odd Mushroom"},{"floor":14,"key":"Dream Catcher"},{"floor":26,"key":"Anchor"}],"event_choices":[{"damage_healed":0,"gold_gain":75,"player_choice":"Gather Gold","damage_taken":11,"max_hp_gain":0,"max_hp_loss":0,"event_name":"World of Goop","floor":3,"gold_loss":0},{"damage_healed":0,"gold_gain":0,"player_choice":"Lose Max HP","damage_taken":0,"relics_obtained":["Golden Idol"],"max_hp_gain":0,"max_hp_loss":6,"event_name":"Golden Idol","floor":4,"gold_loss":0},{"damage_healed":0,"gold_gain":0,"player_choice":"Grow","damage_taken":0,"max_hp_gain":0,"max_hp_loss":0,"event_name":"Living Wall","floor":5,"gold_loss":0,"cards_upgraded":["Neutralize"]},{"cards_removed":["Strike_G"],"damage_healed":0,"gold_gain":0,"player_choice":"Card Removal","damage_taken":0,"max_hp_gain":0,"max_hp_loss":0,"event_name":"The Cleric","floor":8,"gold_loss":75},{"damage_healed":0,"gold_gain":0,"player_choice":"Fought Mushrooms","damage_taken":0,"max_hp_gain":0,"max_hp_loss":0,"event_name":"Mushrooms","floor":11,"gold_loss":0},{"damage_healed":0,"gold_gain":0,"player_choice":"Entered Light","damage_taken":18,"max_hp_gain":0,"max_hp_loss":0,"event_name":"Shining Light","floor":12,"gold_loss":0,"cards_upgraded":["Strike_G","Strike_G"]},{"damage_healed":0,"gold_gain":0,"player_choice":"Damaged","damage_taken":9,"max_hp_gain":0,"max_hp_loss":0,"event_name":"Wheel of Change","floor":22,"gold_loss":0},{"damage_healed":0,"gold_gain":0,"player_choice":"Opened","damage_taken":0,"relics_obtained":["Peace Pipe"],"max_hp_gain":0,"max_hp_loss":0,"event_name":"The Mausoleum","floor":27,"gold_loss":0,"cards_obtained":["Writhe"]}],"is_beta":false,"boss_relics":[{"not_picked":["Ring of the Serpent","Eternal Feather"],"picked":"Philosopher\u0027s Stone"}],"items_purged_floors":[29],"is_endless":false,"potions_floor_spawned":[2,11,14,19,21],"killed_by":"Slavers","ascension_level":18}