{"gold_per_floor":[119,133,133,233,158,158,191,210,259,1,21,21,33,33,33,133,133,143,157,157,3,22,53,77,77,154,189,189,224,149,33,33,133,133,151,170,170,187,42,42,42,42,42,57,73,0,0,53,53,53],"floor_reached":51,"playtime":5385,"items_purged":["Regret"],"score":986,"play_id":"fa791f06-25b0-4167-ad04-b29199a1620f","local_time":"20180824104527","is_ascension_mode":true,"campfire_choices":[{"data":"Neutralize","floor":6,"key":"SMITH"},{"floor":15,"key":"REST"},{"data":"Noxious Fumes","floor":25,"key":"SMITH"},{"data":"Noxious Fumes","floor":32,"key":"SMITH"},{"floor":40,"key":"REST"},{"floor":42,"key":"REST"},{"floor":49,"key":"REST"}],"neow_cost":"NONE","seed_source_timestamp":257254542371794,"circlet_count":0,"master_deck":["Defend_G","Defend_G","Defend_G","Defend_G","Defend_G","Strike_G","Strike_G","Strike_G","Strike_G+1","Strike_G+1","Survivor","Neutralize+1","Well Laid Plans","Escape Plan","Dodge and Roll","Prepared","Deadly Poison+1","Backflip+1","Corpse Explosion+1","Escape Plan+1","Outmaneuver+1","Cloak And Dagger+1","Expertise+1","PiercingWail+1","PiercingWail+1","Terror+1","Noxious Fumes+1","Terror+1","Noxious Fumes+1","Die Die Die","Noxious Fumes+1","Cloak And Dagger+1","Glass Knife","Infinite Blades+1","Crippling Poison+1","Deep Breath+1","Slice+1","Leg Sweep+1","Caltrops","Crippling Poison+1","Backflip+1","Blur+1","Blur+1"],"relics":["Ring of the Snake","Oddly Smooth Stone","Bronze Scales","StoneCalendar","Pen Nib","Toxic Egg 2","Orrery","Orichalcum","Boot","Pantograph","Bag of Marbles","Meat on the Bone","Omamori","Fusion Hammer","Mango","Pear","Red Mask","Bag of Preparation"],"potions_floor_usage":[7,18,23,23,33,38,44,50,50],"damage_taken":[{"damage":1,"enemies":"Cultist","floor":1,"turns":6},{"damage":0,"enemies":"Small Slimes","floor":2,"turns":6},{"damage":19,"enemies":"3 Sentries","floor":7,"turns":10},{"damage":1,"enemies":"Jaw Worm","floor":8,"turns":6},{"damage":16,"enemies":"Exordium Wildlife","floor":11,"turns":7},{"damage":0,"enemies":"2 Fungi Beasts","floor":13,"turns":4},{"damage":1,"enemies":"Hexaghost","floor":16,"turns":9},{"damage":0,"enemies":"3 Byrds","floor":18,"turns":2},{"damage":0,"enemies":"Chosen","floor":19,"turns":5},{"damage":4,"enemies":"Shelled Parasite and Fungi","floor":22,"turns":5},{"damage":9,"enemies":"Book of Stabbing","floor":23,"turns":6},{"damage":6,"enemies":"Slavers","floor":27,"turns":4},{"damage":5,"enemies":"Gremlin Leader","floor":29,"turns":5},{"damage":29,"enemies":"Automaton","floor":33,"turns":8},{"damage":21,"enemies":"Orb Walker","floor":35,"turns":5},{"damage":6,"enemies":"3 Shapes","floor":36,"turns":5},{"damage":26,"enemies":"Spire Growth","floor":38,"turns":6},{"damage":0,"floor":41,"turns":5},{"damage":0,"enemies":"4 Shapes","floor":44,"turns":5},{"damage":0,"enemies":"Sphere and 2 Shapes","floor":45,"turns":3},{"damage":63,"enemies":"Awakened One","floor":50,"turns":15}],"seed_played":"8267444672497526255","potions_obtained":[{"floor":1,"key":"Fire Potion"},{"floor":16,"key":"EssenceOfSteel"},{"floor":22,"key":"Fire Potion"},{"floor":29,"key":"Regen Potion"},{"floor":33,"key":"Ancient Potion"},{"floor":35,"key":"SpeedPotion"},{"floor":41,"key":"GhostInAJar"},{"floor":44,"key":"Regen Potion"}],"is_trial":false,"path_per_floor":["M","M","?","?","$","R","E","M","T","$","M","?","M","?","R","B",null,"M","M","?","$","M","E","T","R","T","E","?","E","?","$","R","B",null,"M","M","?","M","$","R","?","R","T","M","M","?","?","T","R","B"],"character_chosen":"THE_SILENT","items_purchased":["Toxic Egg 2","Noxious Fumes","GhostInAJar","Noxious Fumes","Cloak And Dagger+1","Leg Sweep+1","Caltrops"],"campfire_rested":4,"item_purchase_floors":[10,21,21,31,31,39,39],"current_hp_per_floor":[62,62,62,62,62,62,43,42,42,42,26,12,12,12,33,32,61,61,61,61,61,57,48,48,48,48,42,42,37,37,37,37,42,63,42,36,36,22,22,43,82,84,94,94,94,94,94,94,94,54],"gold":53,"neow_bonus":"RANDOM_COMMON_RELIC","is_prod":false,"is_daily":false,"chose_seed":false,"campfire_upgraded":3,"win_rate":0,"timestamp":1535073327,"path_taken":["M","?","?","?","$","R","E","M","T","$","M","?","M","?","R","BOSS","M","M","?","$","M","E","?","R","T","E","?","E","?","?","R","BOSS","M","M","?","M","$","R","?","R","T","M","?","?","?","?","R","BOSS"],"build_version":"2018-08-16","purchased_purges":1,"victory":true,"max_hp_per_floor":[70,70,70,70,70,70,70,70,70,70,70,70,70,70,70,70,70,70,70,70,70,70,70,70,70,70,70,70,70,70,70,70,70,70,70,70,70,70,70,70,84,84,94,94,94,94,94,94,94,94],"card_choices":[{"not_picked":["Endless Agony","Blade Dance"],"picked":"Well Laid Plans","floor":1},{"not_picked":["Dagger Throw","Prepared"],"picked":"Escape Plan","floor":2},{"not_picked":["Backstab","Deflect"],"picked":"Dodge and Roll","floor":7},{"not_picked":["Flying Knee","Quick Slash"],"picked":"Prepared","floor":8},{"not_picked":["Bane","Accuracy"],"picked":"Deadly Poison+1","floor":11},{"not_picked":["Underhanded Strike","Heel Hook"],"picked":"Backflip+1","floor":13},{"not_picked":["Wraith Form v2","Venomology+1"],"picked":"Corpse Explosion+1","floor":16},{"not_picked":["Quick Slash","Endless Agony"],"picked":"Escape Plan+1","floor":17},{"not_picked":["Deadly Poison+1","Infinite Blades"],"picked":"Outmaneuver+1","floor":17},{"not_picked":["Catalyst+1","Dodge and Roll+1"],"picked":"Cloak And Dagger+1","floor":17},{"not_picked":["Underhanded Strike","Acrobatics+1"],"picked":"Expertise+1","floor":17},{"not_picked":["Blade Dance+1","Underhanded Strike"],"picked":"PiercingWail+1","floor":17},{"not_picked":["Acrobatics+1","Die Die Die"],"picked":"PiercingWail+1","floor":18},{"not_picked":["Backstab","Dagger Throw+1"],"picked":"Terror+1","floor":19},{"not_picked":["Prepared+1","Accuracy"],"picked":"Terror+1","floor":22},{"not_picked":["Quick Slash","Backstab"],"picked":"Noxious Fumes+1","floor":23},{"not_picked":["Wraith Form v2","Doppelganger+1"],"picked":"Die Die Die","floor":27},{"not_picked":["Skewer","Dagger Throw","Poisoned Stab"],"picked":"SKIP","floor":29},{"not_picked":["Grand Finale","Unload"],"picked":"Glass Knife","floor":33},{"not_picked":["Flying Knee","Finisher+1"],"picked":"Infinite Blades+1","floor":35},{"not_picked":["All Out Attack+1","Prepared+1"],"picked":"Crippling Poison+1","floor":36},{"not_picked":["Enlightenment+1","HandOfGreed"],"picked":"Deep Breath+1","floor":37},{"not_picked":["Setup+1","Predator"],"picked":"Slice+1","floor":38},{"not_picked":["Riddle With Holes","Dodge and Roll+1"],"picked":"Crippling Poison+1","floor":41},{"not_picked":["Choke","Caltrops"],"picked":"Backflip+1","floor":44},{"not_picked":["Deadly Poison+1","Outmaneuver+1"],"picked":"Blur+1","floor":45}],"player_experience":366317,"relics_obtained":[{"floor":7,"key":"StoneCalendar"},{"floor":9,"key":"Pen Nib"},{"floor":23,"key":"Orichalcum"},{"floor":24,"key":"Boot"},{"floor":26,"key":"Pantograph"},{"floor":27,"key":"Bag of Marbles"},{"floor":29,"key":"Omamori"},{"floor":41,"key":"Mango"},{"floor":43,"key":"Pear"},{"floor":48,"key":"Bag of Preparation"}],"event_choices":[{"event_name":"Big Fish","player_choice":"Box","floor":3,"damage_taken":0},{"event_name":"Golden Shrine","player_choice":"Pray","floor":4,"damage_taken":0},{"event_name":"Shining Light","player_choice":"Entered Light","floor":12,"damage_taken":0},{"event_name":"The Cleric","player_choice":"Leave","floor":14,"damage_taken":0},{"event_name":"Vampires","player_choice":"Ignored","floor":20,"damage_taken":0},{"event_name":"The Mausoleum","player_choice":"Yes","floor":28,"damage_taken":0},{"event_name":"Beggar","player_choice":"Gave Gold","floor":30,"damage_taken":0},{"event_name":"SensoryStone","player_choice":"Memory 1","floor":37,"damage_taken":0},{"event_name":"MindBloom","player_choice":"Fight","floor":41,"damage_taken":0},{"event_name":"Tomb of Lord Red Mask","player_choice":"Paid","floor":46,"damage_taken":0},{"event_name":"Duplicator","player_choice":"One dupe","floor":47,"damage_taken":0}],"is_beta":false,"boss_relics":[{"not_picked":["Calling Bell","HoveringKite"],"picked":"Orrery"},{"not_picked":["Tiny House","Snecko Eye"],"picked":"Fusion Hammer"}],"items_purged_floors":[5],"is_endless":false,"potions_floor_spawned":[1,16,22,29,33,35,41,44],"ascension_level":8}