{"gold_per_floor":[112,112,112,112,125,125,165,165,165,165,26,46,46,85,85,179,179,197,197,173,123,123],"floor_reached":22,"playtime":1055,"items_purged":["Strike_B","Recycle"],"score":409,"play_id":"e57c95fb-c9a2-407e-abfd-d684e016e526","local_time":"20190104080816","is_ascension_mode":true,"campfire_choices":[{"data":"Zap","floor":6,"key":"SMITH"},{"floor":10,"key":"REST"},{"data":"Sunder","floor":13,"key":"SMITH"},{"floor":15,"key":"REST"}],"neow_cost":"NONE","seed_source_timestamp":4361605759036,"circlet_count":0,"master_deck":["AscendersBane","Defend_B","Defend_B","Defend_B","Defend_B","Zap+1","Dualcast","Coolheaded","Thunder Strike","Conserve Battery","Loop","Sunder+1","Chill","Consume","Reboot","Heatsinks","Steam","Auto Shields","Sweeping Beam","Chill","Sweeping Beam"],"relics":["Cracked Core","NeowsBlessing","Golden Idol","Smiling Mask","Mercury Hourglass","DataDisk","Orrery"],"potions_floor_usage":[16,16],"damage_taken":[{"damage":0,"enemies":"2 Louse","floor":1,"turns":1},{"damage":0,"enemies":"Small Slimes","floor":5,"turns":1},{"damage":0,"enemies":"Gremlin Nob","floor":7,"turns":1},{"damage":0,"enemies":"Cultist","floor":12,"turns":2},{"damage":20,"enemies":"3 Sentries","floor":14,"turns":7},{"damage":25,"enemies":"Hexaghost","floor":16,"turns":10},{"damage":13,"enemies":"Spheric Guardian","floor":18,"turns":7},{"damage":0,"enemies":"2 Thieves","floor":20,"turns":4},{"damage":53,"enemies":"Cultist and Chosen","floor":22,"turns":4}],"seed_played":"-3506800849672372692","potions_obtained":[{"floor":7,"key":"PowerPotion"},{"floor":14,"key":"AttackPotion"},{"floor":20,"key":"Energy Potion"}],"is_trial":false,"path_per_floor":["M","?","?","?","M","R","E","?","T","R","$","M","R","E","R","B",null,"M","?","M","$","M"],"character_chosen":"DEFECT","items_purchased":["Sunder"],"campfire_rested":2,"item_purchase_floors":[11],"current_hp_per_floor":[64,40,40,40,40,40,40,33,33,54,54,54,54,34,55,30,61,48,48,48,48,0],"gold":123,"neow_bonus":"THREE_ENEMY_KILL","is_prod":false,"is_daily":false,"chose_seed":false,"campfire_upgraded":2,"win_rate":0,"timestamp":1546607296,"path_taken":["M","?","?","?","M","R","E","?","T","R","$","M","R","E","R","BOSS","M","?","?","$","M"],"build_version":"2019-01-03v3","purchased_purges":2,"victory":false,"max_hp_per_floor":[71,71,71,71,71,71,71,71,71,71,71,71,71,71,71,71,71,71,71,71,71,71],"card_choices":[{"not_picked":["Scrape","Barrage"],"picked":"Coolheaded","floor":1},{"not_picked":["Gash","Melter"],"picked":"Conserve Battery","floor":5},{"not_picked":["Aggregate","Steam"],"picked":"Loop","floor":7},{"not_picked":["White Noise","Melter"],"picked":"Chill","floor":12},{"not_picked":["Turbo","Scrape"],"picked":"Consume","floor":14},{"not_picked":["Amplify","Multi-Cast"],"picked":"Reboot","floor":16},{"not_picked":["Leap","Melter"],"picked":"Heatsinks","floor":17},{"not_picked":["Steam Power","Rebound"],"picked":"Steam","floor":17},{"not_picked":["Barrage","Scrape"],"picked":"Auto Shields","floor":17},{"not_picked":["Beam Cell","Meteor Strike"],"picked":"Recycle","floor":17},{"not_picked":["Compile Driver","Consume"],"picked":"Sweeping Beam","floor":17},{"not_picked":["Sweeping Beam","Redo"],"picked":"Chill","floor":18},{"not_picked":["Lockon","Compile Driver"],"picked":"Sweeping Beam","floor":20}],"player_experience":1997410,"relics_obtained":[{"floor":7,"key":"Smiling Mask"},{"floor":9,"key":"Mercury Hourglass"},{"floor":14,"key":"DataDisk"}],"event_choices":[{"damage_healed":0,"gold_gain":0,"player_choice":"Take Damage","damage_taken":24,"relics_obtained":["Golden Idol"],"max_hp_gain":0,"max_hp_loss":0,"event_name":"Golden Idol","floor":2,"gold_loss":0},{"damage_healed":0,"gold_gain":0,"cards_transformed":["Strike_B"],"player_choice":"Change","damage_taken":0,"max_hp_gain":0,"max_hp_loss":0,"event_name":"Living Wall","floor":3,"gold_loss":0,"cards_obtained":["Thunder Strike"]},{"damage_healed":0,"gold_gain":0,"player_choice":"Ignored","damage_taken":0,"max_hp_gain":0,"max_hp_loss":0,"event_name":"Liars Game","floor":4,"gold_loss":0},{"cards_removed":["Strike_B"],"damage_healed":0,"gold_gain":0,"player_choice":"Card Removal","damage_taken":7,"max_hp_gain":0,"max_hp_loss":0,"event_name":"Golden Wing","floor":8,"gold_loss":0},{"cards_removed":["Strike_B"],"damage_healed":0,"gold_gain":0,"player_choice":"Purged","damage_taken":0,"max_hp_gain":0,"max_hp_loss":0,"event_name":"Purifier","floor":19,"gold_loss":0}],"is_beta":false,"boss_relics":[{"not_picked":["Tiny House","Runic Dome"],"picked":"Orrery"}],"items_purged_floors":[11,21],"is_endless":false,"potions_floor_spawned":[7,14,20],"killed_by":"Cultist and Chosen","ascension_level":18}