{"gold_per_floor":[114,114,114,129,129,159,159,189,189,219,19,49,64,124,124,224,224,239,114,414,14,29,59,74,74,74,104,129,159,174,204,204,304,304,319,419,419,419,419,449,449,479,479,509,282,309,339,339,339,339],"floor_reached":51,"playtime":2043,"items_purged":[],"score":1471,"play_id":"870e5390-3465-48fa-8121-30bed500e7ef","local_time":"20190215120457","daily_mods":["Insanity","Green Cards","Elite Swarm"],"is_ascension_mode":false,"campfire_choices":[{"data":"Seek","floor":7.0,"key":"SMITH"},{"data":"Dagger Spray","floor":15.0,"key":"SMITH"},{"data":"Malaise","floor":25.0,"key":"SMITH"},{"data":"Turbo","floor":32.0,"key":"SMITH"},{"data":"Turbo","floor":41,"key":"SMITH"},{"data":"Adrenaline","floor":49,"key":"SMITH"}],"neow_cost":"","seed_source_timestamp":0,"circlet_count":0,"master_deck":["Ball Lightning","Poisoned Stab","Go for the Eyes","Sucker Punch","Loop","White Noise","Barrage","Sucker Punch","Cold Snap+1","Dodge and Roll","Redo","Gash","Fusion","Acrobatics","Dagger Spray+1","Redo","Dagger Throw","Calculated Gamble","BootSequence","Beam Cell","Hello World","Acrobatics","Deadly Poison","Backflip","Doom and Gloom","Gash","Rebound","Turbo+1","Fusion","Rip and Tear","Consume","Prepared","Stack","Turbo+1","Rebound","Cloak And Dagger","Melter","Gash","Loop","Dodge and Roll","Go for the Eyes","Blade Dance","Cloak And Dagger","Stack","Hologram","Go for the Eyes","Prepared","Gash","Backflip","Calculated Gamble","PiercingWail","Seek+1","Wraith Form v2","Malaise+1","Die Die Die+1","Crippling Poison","Corpse Explosion","Adrenaline+1","Skewer+1","Seek+1","Stack+1","Creative AI","Multi-Cast+1","Well Laid Plans","Glass Knife+1","Buffer","Tempest+1","Malaise+1","Doppelganger+1","Seek+1","Deflect+1","Burst+1"],"special_seed":17942,"relics":["Cracked Core","Bag of Preparation","Matryoshka","Bottled Lightning","Blood Vial","Lantern","Sundial","Pocketwatch","Membership Card","Letter Opener","Tiny Chest","Inserter","Toxic Egg 2","Old Coin","Unceasing Top","Chemical X","Turnip","Molten Egg 2","Bag of Marbles","Symbiotic Virus","Thread and Needle","Centennial Puzzle","Regal Pillow","Whetstone","Coffee Dripper","WingedGreaves","Singing Bowl","Strawberry","Question Card","Smiling Mask","Ornamental Fan","Frozen Egg 2","Kunai","Bronze Scales","Nunchaku","Calipers","Bottled Tornado"],"potions_floor_usage":[33,50,50],"damage_taken":[{"damage":1.0,"enemies":"Jaw Worm","floor":1.0,"turns":2.0},{"damage":0.0,"enemies":"2 Louse","floor":4.0,"turns":2.0},{"damage":16.0,"enemies":"Lagavulin","floor":6.0,"turns":5.0},{"damage":9.0,"enemies":"3 Sentries","floor":8.0,"turns":5.0},{"damage":0.0,"enemies":"Gremlin Nob","floor":10.0,"turns":2.0},{"damage":0.0,"enemies":"3 Sentries","floor":12.0,"turns":4.0},{"damage":0.0,"enemies":"Cultist","floor":13.0,"turns":2.0},{"damage":0.0,"enemies":"Gremlin Nob","floor":14.0,"turns":3.0},{"damage":0.0,"enemies":"Slime Boss","floor":16.0,"turns":8.0},{"damage":0.0,"enemies":"3 Byrds","floor":18.0,"turns":2.0},{"damage":0.0,"enemies":"2 Thieves","floor":22.0,"turns":1.0},{"damage":22.0,"enemies":"Slavers","floor":23.0,"turns":2.0},{"damage":0.0,"enemies":"Centurion and Healer","floor":24.0,"turns":2.0},{"damage":9.0,"enemies":"Book of Stabbing","floor":27.0,"turns":5.0},{"damage":0.0,"enemies":"Gremlin Leader","floor":29.0,"turns":4.0},{"damage":0.0,"enemies":"Cultist and Chosen","floor":30.0,"turns":1.0},{"damage":0.0,"enemies":"Slavers","floor":31.0,"turns":1.0},{"damage":0,"enemies":"Automaton","floor":33,"turns":8},{"damage":0,"enemies":"3 Darklings","floor":35,"turns":1},{"damage":0,"enemies":"Mind Bloom Boss Battle","floor":36,"turns":1},{"damage":0,"enemies":"Nemesis","floor":40,"turns":1},{"damage":0,"enemies":"Reptomancer","floor":42,"turns":1},{"damage":0,"enemies":"Giant Head","floor":44,"turns":1},{"damage":0,"enemies":"2 Orb Walkers","floor":46,"turns":1},{"damage":0,"enemies":"Nemesis","floor":47,"turns":1},{"damage":0,"enemies":"Time Eater","floor":50,"turns":1}],"seed_played":"344696707600403155","potions_obtained":[{"floor":4.0,"key":"Dexterity Potion"},{"floor":6.0,"key":"PowerPotion"},{"floor":13.0,"key":"Explosive Potion"},{"floor":18.0,"key":"GamblersBrew"},{"floor":30.0,"key":"Strength Potion"},{"floor":31.0,"key":"Swift Potion"},{"floor":35,"key":"SpeedPotion"},{"floor":36,"key":"SteroidPotion"}],"is_trial":false,"path_per_floor":["M","?","?","M","?","E","R","E","T","E","$","E","M","E","R","B",null,"M","$","?","$","M","E","M","R","T","E","T","E","M","E","R","B",null,"M","?","T","?","T","E","R","E","T","E","$","?","E","T","R","B",null],"character_chosen":"DEFECT","items_purchased":["Membership Card","Toxic Egg 2","Unceasing Top","Chemical X","Turnip","Kunai","Bronze Scales","Deflect+1"],"campfire_rested":0,"item_purchase_floors":[11,19,21,21,21,45,45,45],"current_hp_per_floor":[74,74,62,62,62,46,46,37,37,39,39,41,43,45,45,47,75,75,75,75,75,75,53,55,55,55,48,48,50,52,54,54,56,75,75,75,75,71,78,78,78,78,78,78,78,80,80,80,80,80],"gold":339,"neow_bonus":"","is_prod":false,"is_daily":true,"chose_seed":false,"campfire_upgraded":6,"win_rate":0,"timestamp":1550228697,"path_taken":["M","?","?","M","?","E","R","E","T","E","$","E","?","E","R","BOSS","M","$","?","$","M","E","?","R","T","E","?","E","M","E","R","BOSS","M","?","?","?","?","E","R","E","T","E","$","?","E","?","R","BOSS"],"build_version":"2019-01-23","purchased_purges":0,"victory":true,"max_hp_per_floor":[75,75,75,75,75,75,75,75,75,75,75,75,75,75,75,75,75,75,75,75,75,75,75,75,75,75,75,75,75,75,75,75,75,75,75,75,75,71,78,78,78,78,78,78,78,80,80,80,80,80],"card_choices":[{"not_picked":["Terror","Steam"],"picked":"Calculated Gamble","floor":1.0},{"not_picked":["Turbo","Underhanded Strike"],"picked":"PiercingWail","floor":4.0},{"not_picked":["Hyperbeam","Echo Form"],"picked":"Seek","floor":6.0},{"not_picked":["Bullet Time","Meteor Strike"],"picked":"Wraith Form v2","floor":8.0},{"not_picked":["Die Die Die","Venomology"],"picked":"Malaise","floor":10.0},{"not_picked":["Thunder Strike","Envenom"],"picked":"Die Die Die","floor":12.0},{"not_picked":["Caltrops","PiercingWail"],"picked":"Crippling Poison","floor":13.0},{"not_picked":["Biased Cognition","Electrodynamics"],"picked":"Corpse Explosion","floor":14.0},{"not_picked":["Storm of Steel","All For One"],"picked":"Adrenaline","floor":16.0},{"not_picked":["Streamline+1","Prepared+1"],"picked":"Skewer+1","floor":18.0},{"not_picked":["Underhanded Strike","Beam Cell","Flying Knee"],"picked":"SKIP","floor":22.0},{"not_picked":["Fission+1","After Image"],"picked":"Seek+1","floor":23.0},{"not_picked":["Quick Slash+1","Prepared+1"],"picked":"Stack+1","floor":24.0},{"not_picked":["Unload+1","Biased Cognition"],"picked":"Creative AI","floor":27.0},{"not_picked":["Seek+1","Reboot+1"],"picked":"Multi-Cast+1","floor":29.0},{"not_picked":["Leap+1","Blade Dance+1"],"picked":"Well Laid Plans","floor":30.0},{"not_picked":["Creative AI","Corpse Explosion+1"],"picked":"Glass Knife+1","floor":31.0},{"not_picked":["Wraith Form v2","Corpse Explosion+1"],"picked":"Buffer","floor":33},{"not_picked":["Gash+1","Hello World+1","Bane+1"],"picked":"SKIP","floor":35},{"not_picked":["Chaos+1","Dash+1"],"picked":"Tempest+1","floor":36},{"not_picked":["Wraith Form v2","Buffer"],"picked":"Malaise+1","floor":40},{"not_picked":["Glass Knife+1","Meteor Strike+1","Multi-Cast+1"],"picked":"Doppelganger+1","floor":42},{"not_picked":["Wraith Form v2","Hyperbeam+1","Rainbow+1"],"picked":"Seek+1","floor":44},{"not_picked":["Stack+1","Ball Lightning+1","Doom and Gloom+1","Acrobatics+1"],"picked":"Singing Bowl","floor":46},{"not_picked":["After Image+1","Grand Finale+1","Thunder Strike+1"],"picked":"Burst+1","floor":47}],"player_experience":1980720,"relics_obtained":[{"floor":6.0,"key":"Bottled Lightning"},{"floor":8.0,"key":"Blood Vial"},{"floor":9.0,"key":"Lantern"},{"floor":9.0,"key":"Sundial"},{"floor":10.0,"key":"Pocketwatch"},{"floor":12.0,"key":"Letter Opener"},{"floor":14.0,"key":"Tiny Chest"},{"floor":23.0,"key":"Molten Egg 2"},{"floor":26.0,"key":"Bag of Marbles"},{"floor":26.0,"key":"Symbiotic Virus"},{"floor":27.0,"key":"Thread and Needle"},{"floor":28.0,"key":"Centennial Puzzle"},{"floor":29.0,"key":"Regal Pillow"},{"floor":31.0,"key":"Whetstone"},{"floor":36,"key":"WingedGreaves"},{"floor":37,"key":"Singing Bowl"},{"floor":39,"key":"Strawberry"},{"floor":40,"key":"Question Card"},{"floor":42,"key":"Smiling Mask"},{"floor":43,"key":"Ornamental Fan"},{"floor":44,"key":"Frozen Egg 2"},{"floor":46,"key":"Nunchaku"},{"floor":47,"key":"Calipers"},{"floor":48,"key":"Bottled Tornado"}],"event_choices":[{"damage_healed":0.0,"max_hp_gain":0.0,"max_hp_loss":0.0,"gold_gain":0.0,"event_name":"Big Fish","player_choice":"Box","floor":2.0,"gold_loss":0.0,"damage_taken":0.0,"relics_obtained":["Bag of Preparation"],"cards_obtained":["Regret"]},{"damage_healed":0.0,"max_hp_gain":0.0,"max_hp_loss":0.0,"gold_gain":0.0,"event_name":"Scrap Ooze","player_choice":"Success","floor":3.0,"gold_loss":0.0,"damage_taken":12.0,"relics_obtained":["Matryoshka"]},{"cards_removed":["Regret"],"damage_healed":0.0,"max_hp_gain":0.0,"max_hp_loss":0.0,"gold_gain":0.0,"event_name":"Purifier","player_choice":"Purged","floor":5.0,"gold_loss":0.0,"damage_taken":0.0},{"cards_removed":["Rebound"],"damage_healed":0.0,"max_hp_gain":0.0,"max_hp_loss":0.0,"gold_gain":0.0,"event_name":"WeMeetAgain","player_choice":"Gave Card","floor":20.0,"gold_loss":0.0,"damage_taken":0.0,"relics_obtained":["Old Coin"]},{"damage_healed":0,"gold_gain":0,"player_choice":"Fight","damage_taken":0,"max_hp_gain":0,"max_hp_loss":0,"event_name":"MindBloom","floor":36,"gold_loss":0},{"damage_healed":0,"gold_gain":0,"player_choice":"Max HP","damage_taken":0,"max_hp_gain":0,"max_hp_loss":4,"event_name":"Winding Halls","floor":38,"gold_loss":0},{"damage_healed":0,"gold_gain":0,"player_choice":"Fight","damage_taken":0,"max_hp_gain":0,"max_hp_loss":0,"event_name":"Mysterious Sphere","floor":46,"gold_loss":0}],"is_beta":false,"boss_relics":[{"not_picked":["Runic Pyramid","Velvet Choker"],"picked":"Inserter"},{"not_picked":["Tiny House","Astrolabe"],"picked":"Coffee Dripper"}],"items_purged_floors":[],"is_endless":false,"potions_floor_spawned":[4,6,13,18,22,30,31,35,36,42,44,47],"ascension_level":0}