{"gold_per_floor":[111,42,52,62,81,108,159,159,159,334,351,119,119,135,135,234,234,247,247,265,280,297,297,324,21,21,21,21,37,64,15,15,113,113,129,129,156,168,179,179,197,197,197,217,230,263,263,111,111,111],"floor_reached":51,"playtime":4010,"items_purged":["Doubt","Masterful Stab+1"],"score":1212,"play_id":"ae32b739-9edb-4f0c-811f-e0b499a96f21","local_time":"20180717025607","is_ascension_mode":true,"campfire_choices":[{"floor":8,"key":"REST"},{"data":"Noxious Fumes","floor":15,"key":"SMITH"},{"floor":23,"key":"REST"},{"floor":28,"key":"REST"},{"floor":32,"key":"REST"},{"floor":40,"key":"REST"},{"floor":42,"key":"REST"},{"floor":49,"key":"REST"}],"neow_cost":"NONE","seed_source_timestamp":446504941409581,"circlet_count":0,"master_deck":["Defend_G","Defend_G","Defend_G","Defend_G","Defend_G","Strike_G","Strike_G","Strike_G","Strike_G","Strike_G","Survivor","Neutralize","Sucker Punch","Backstab","Slice","Backflip","Slice","Dash+1","Noxious Fumes+1","Footwork","Night Terror+1","Poisoned Stab+1","Bane+1","Catalyst+1","Deadly Poison+1","PiercingWail+1","Bane+1","Footwork+1","PiercingWail+1","Venomology+1","Bane+1","Deadly Poison+1","Deadly Poison+1","Bouncing Flask+1","Writhe","Outmaneuver+1"],"relics":["Ring of the Snake","Anchor","Molten Egg 2","Vajra","Darkstone Periapt","Tiny Chest","Toxic Egg 2","Fusion Hammer","Regal Pillow","The Specimen","Incense Burner","Kunai","Runic Pyramid","Thread and Needle","Blood Vial","Mercury Hourglass","Gremlin Horn"],"potions_floor_usage":[6,22,33,39,41,44,44,45,50,50,50],"damage_taken":[{"damage":0,"enemies":"Cultist","floor":1,"turns":4},{"damage":0,"enemies":"Small Slimes","floor":3,"turns":3},{"damage":0,"enemies":"Jaw Worm","floor":4,"turns":3},{"damage":0,"enemies":"Looter","floor":5,"turns":2},{"damage":35,"enemies":"Lagavulin","floor":6,"turns":9},{"damage":0,"enemies":"Blue Slaver","floor":11,"turns":2},{"damage":7,"enemies":"Exordium Thugs","floor":14,"turns":4},{"damage":14,"enemies":"Slime Boss","floor":16,"turns":10},{"damage":6,"enemies":"2 Thieves","floor":18,"turns":4},{"damage":0,"enemies":"Chosen","floor":20,"turns":4},{"damage":24,"enemies":"Snake Plant","floor":21,"turns":5},{"damage":4,"enemies":"Snecko","floor":22,"turns":3},{"damage":22,"enemies":"Book of Stabbing","floor":24,"turns":4},{"damage":2,"enemies":"Centurion and Healer","floor":29,"turns":6},{"damage":43,"enemies":"Gremlin Leader","floor":30,"turns":6},{"damage":24,"enemies":"Automaton","floor":33,"turns":3},{"damage":5,"enemies":"Flame Bruiser 1 Orb","floor":35,"turns":7},{"damage":10,"floor":36,"turns":4},{"damage":8,"enemies":"Orb Walker","floor":38,"turns":3},{"damage":29,"enemies":"Sphere and 2 Shapes","floor":39,"turns":6},{"damage":12,"enemies":"Spire Growth","floor":41,"turns":4},{"damage":0,"enemies":"Flame Bruiser 2 Orb","floor":44,"turns":4},{"damage":0,"enemies":"Transient","floor":45,"turns":3},{"damage":57,"enemies":"Giant Head","floor":46,"turns":7},{"damage":20,"enemies":"Awakened One","floor":50,"turns":8}],"seed_played":"-4171074596663923054","potions_obtained":[{"floor":4,"key":"Block Potion"},{"floor":21,"key":"Strength Potion"},{"floor":22,"key":"Poison Potion"},{"floor":33,"key":"SneckoOil"},{"floor":36,"key":"GhostInAJar"},{"floor":45,"key":"LiquidBronze"}],"is_trial":false,"path_per_floor":["M","$","M","M","M","E","T","R","T","?","M","$","T","M","R","B",null,"M","?","M","M","M","R","E","$","T","$","R","M","E","$","R","B",null,"M","?","T","M","M","R","M","R","T","M","M","E","?","$","R","B"],"character_chosen":"THE_SILENT","items_purchased":["Backstab","Tiny Chest","Noxious Fumes","The Specimen","PiercingWail+1","Outmaneuver+1"],"campfire_rested":7,"item_purchase_floors":[2,12,12,25,31,48],"current_hp_per_floor":[63,63,63,63,63,28,28,49,49,55,55,55,55,48,48,34,66,60,46,46,22,18,42,20,20,20,20,59,57,14,14,53,29,68,63,53,53,47,20,59,49,81,81,81,81,24,50,50,87,67],"gold":111,"neow_bonus":"RANDOM_COMMON_RELIC","is_prod":false,"is_daily":false,"chose_seed":false,"campfire_upgraded":1,"win_rate":0,"timestamp":1531761967,"path_taken":["M","?","?","M","M","E","?","R","T","?","M","?","?","?","R","BOSS","M","?","M","M","M","R","E","?","T","$","R","M","E","$","R","BOSS","M","?","?","M","?","R","M","R","T","M","M","E","?","$","R","BOSS"],"build_version":"2018-07-12","purchased_purges":2,"victory":true,"max_hp_per_floor":[70,70,70,70,70,70,70,70,70,76,76,76,76,76,76,76,76,76,81,81,81,81,81,81,81,81,81,81,81,81,81,81,81,81,81,81,81,81,81,81,81,81,81,81,81,81,87,87,87,87],"card_choices":[{"not_picked":["Distraction","Acrobatics"],"picked":"Sucker Punch","floor":1},{"not_picked":["Acrobatics","Predator"],"picked":"Slice","floor":3},{"not_picked":["Flying Knee","Cloak And Dagger"],"picked":"Backflip","floor":4},{"not_picked":["Riddle With Holes","Deflect"],"picked":"Slice","floor":5},{"not_picked":["Cloak And Dagger","Slice"],"picked":"Masterful Stab","floor":6},{"not_picked":["Blade Dance","Deflect"],"picked":"Dash+1","floor":11},{"not_picked":["Dagger Spray+1","Dash+1"],"picked":"Footwork","floor":14},{"not_picked":["Bullet Time+1","Tools of the Trade"],"picked":"Night Terror+1","floor":16},{"not_picked":["Quick Slash+1","Acrobatics+1"],"picked":"Poisoned Stab+1","floor":18},{"not_picked":["Finisher+1","Dodge and Roll+1"],"picked":"Bane+1","floor":20},{"not_picked":["Poisoned Stab+1","Outmaneuver+1"],"picked":"Catalyst+1","floor":21},{"not_picked":["PiercingWail+1","Poisoned Stab+1"],"picked":"Deadly Poison+1","floor":22},{"not_picked":["Dagger Throw+1","Dodge and Roll+1"],"picked":"PiercingWail+1","floor":24},{"not_picked":["Choke+1","Cloak And Dagger+1"],"picked":"Bane+1","floor":29},{"not_picked":["Storm of Steel+1","Bane+1"],"picked":"Footwork+1","floor":30},{"not_picked":["Storm of Steel+1","Die Die Die+1"],"picked":"Venomology+1","floor":33},{"not_picked":["Acrobatics+1","Leg Sweep+1"],"picked":"Bane+1","floor":35},{"not_picked":["Outmaneuver+1","All Out Attack+1"],"picked":"Deadly Poison+1","floor":38},{"not_picked":["Bane+1","Endless Agony+1"],"picked":"Deadly Poison+1","floor":39},{"not_picked":["Riddle With Holes+1","Predator+1","Dagger Spray+1"],"picked":"SKIP","floor":41},{"not_picked":["Distraction+1","Leg Sweep+1","Reflex+1"],"picked":"SKIP","floor":44},{"not_picked":["Blade Dance+1","Finisher+1"],"picked":"Bouncing Flask+1","floor":45},{"not_picked":["Finisher+1","Malaise+1","A Thousand Cuts"],"picked":"SKIP","floor":46}],"player_experience":171691,"relics_obtained":[{"floor":6,"key":"Molten Egg 2"},{"floor":7,"key":"Vajra"},{"floor":9,"key":"Darkstone Periapt"},{"floor":13,"key":"Toxic Egg 2"},{"floor":24,"key":"Regal Pillow"},{"floor":26,"key":"Incense Burner"},{"floor":30,"key":"Kunai"},{"floor":36,"key":"Thread and Needle"},{"floor":37,"key":"Blood Vial"},{"floor":43,"key":"Mercury Hourglass"},{"floor":46,"key":"Gremlin Horn"}],"event_choices":[{"event_name":"Liars Game","player_choice":"agreed","floor":10,"damage_taken":0},{"event_name":"Forgotten Altar","player_choice":"Shed Blood","floor":19,"damage_taken":0},{"event_name":"MindBloom","player_choice":"Fight","floor":36,"damage_taken":0},{"event_name":"Winding Halls","player_choice":"Writhe","floor":47,"damage_taken":0}],"boss_relics":[{"not_picked":["Velvet Choker","Ring of the Serpent"],"picked":"Fusion Hammer"},{"not_picked":["Tiny House","Runic Dome"],"picked":"Runic Pyramid"}],"items_purged_floors":[12,48],"is_endless":false,"potions_floor_spawned":[4,21,22,33,36,38,45],"ascension_level":6}