{"gold_per_floor":[119,137,212,212,212,212,6,16,16,30,50,85,85,111,111,209,209,228,247,247,2,20,20,20,31,81,81],"floor_reached":27,"playtime":1270,"items_purged":["Strike_R"],"score":369,"play_id":"283c893f-3f3a-4c46-b657-61cd3209bea4","local_time":"20180719170946","is_ascension_mode":true,"campfire_choices":[{"data":"Pommel Strike","floor":6,"key":"SMITH"},{"floor":13,"key":"REST"},{"floor":15,"key":"REST"},{"data":"Barricade","floor":23,"key":"SMITH"}],"neow_cost":"","seed_source_timestamp":497763390979867,"circlet_count":0,"master_deck":["Strike_R","Strike_R","Strike_R","Strike_R","Defend_R","Defend_R","Defend_R","Defend_R","Bash+1","Headbutt","Pommel Strike+1","Shrug It Off","Pommel Strike","Wild Strike","Spot Weakness","Thunderclap","Barricade+1","True Grit","Clothesline","Writhe","Thunderclap+1","Shrug It Off"],"relics":["Burning Blood","Anchor","Blue Candle","The Courier","Dream Catcher","Mark of Pain","Smiling Mask","Self Forming Clay","Vajra"],"potions_floor_usage":[14,16,16,19,27],"damage_taken":[{"damage":18,"enemies":"Jaw Worm","floor":1,"turns":4},{"damage":12,"enemies":"2 Louse","floor":2,"turns":3},{"damage":12,"enemies":"Small Slimes","floor":8,"turns":3},{"damage":1,"enemies":"Looter","floor":10,"turns":2},{"damage":21,"enemies":"Lots of Slimes","floor":11,"turns":6},{"damage":32,"enemies":"3 Sentries","floor":12,"turns":8},{"damage":16,"enemies":"Gremlin Nob","floor":14,"turns":3},{"damage":5,"enemies":"Slime Boss","floor":16,"turns":6},{"damage":18,"enemies":"Spheric Guardian","floor":18,"turns":5},{"damage":18,"enemies":"Shell Parasite","floor":19,"turns":3},{"damage":15,"enemies":"Cultist and Chosen","floor":22,"turns":7},{"damage":15,"enemies":"Snake Plant","floor":25,"turns":6},{"damage":35,"enemies":"Book of Stabbing","floor":27,"turns":6}],"seed_played":"-3794089656512309375","potions_obtained":[{"floor":1,"key":"Swift Potion"},{"floor":12,"key":"FearPotion"},{"floor":14,"key":"PowerPotion"},{"floor":16,"key":"AttackPotion"},{"floor":18,"key":"GamblersBrew"},{"floor":25,"key":"Fire Potion"}],"is_trial":false,"path_per_floor":["M","M","?","?","?","R","$","M","T","M","M","E","R","E","R","B",null,"M","M","?","$","M","R","$","M","T"],"character_chosen":"IRONCLAD","items_purchased":["Anchor","Shrug It Off","Self Forming Clay"],"campfire_rested":2,"item_purchase_floors":[7,7,21],"current_hp_per_floor":[60,54,43,43,69,69,69,63,63,68,53,27,51,41,65,66,77,65,53,53,53,44,44,44,35,35,0],"gold":81,"neow_bonus":"","is_prod":false,"is_daily":false,"chose_seed":false,"campfire_upgraded":2,"win_rate":0,"timestamp":1532034586,"path_taken":["M","M","?","?","?","R","$","M","T","M","M","E","R","E","R","BOSS","M","M","?","$","?","R","$","M","T","E"],"build_version":"2018-07-12","purchased_purges":1,"victory":false,"max_hp_per_floor":[80,80,80,80,80,80,80,80,80,80,80,80,80,80,80,80,80,80,80,80,80,80,80,80,80,80,80],"card_choices":[{"not_picked":["Entrench","Body Slam"],"picked":"Headbutt","floor":1},{"not_picked":["Flex","Sword Boomerang"],"picked":"Pommel Strike","floor":2},{"not_picked":["Berserk","Second Wind","Headbutt"],"picked":"SKIP","floor":8},{"not_picked":["Rupture","Combust"],"picked":"Pommel Strike","floor":10},{"not_picked":["Headbutt","Hemokinesis","Body Slam"],"picked":"SKIP","floor":11},{"not_picked":["Bloodletting","Sentinel"],"picked":"Wild Strike","floor":12},{"not_picked":["Intimidate","Clothesline"],"picked":"Spot Weakness","floor":14},{"not_picked":["Combust","Headbutt"],"picked":"Thunderclap","floor":15},{"not_picked":["Brutality","Impervious"],"picked":"Barricade","floor":16},{"not_picked":["Anger","Dual Wield"],"picked":"True Grit","floor":18},{"not_picked":["Rupture+1","Warcry"],"picked":"Clothesline","floor":19},{"not_picked":["Wild Strike","Sword Boomerang"],"picked":"Thunderclap+1","floor":22},{"not_picked":["Feel No Pain","Whirlwind+1"],"picked":"Shrug It Off","floor":25}],"player_experience":1172265,"relics_obtained":[{"floor":9,"key":"Blue Candle"},{"floor":12,"key":"The Courier"},{"floor":14,"key":"Dream Catcher"},{"floor":26,"key":"Vajra"}],"event_choices":[{"event_name":"World of Goop","player_choice":"Gather Gold","floor":3,"damage_taken":0},{"event_name":"Upgrade Shrine","player_choice":"Upgraded","floor":4,"damage_taken":0},{"event_name":"Big Fish","player_choice":"Banana","floor":5,"damage_taken":0},{"event_name":"The Mausoleum","player_choice":"Yes","floor":20,"damage_taken":0}],"boss_relics":[{"not_picked":["Eternal Feather","Empty Cage"],"picked":"Mark of Pain"}],"items_purged_floors":[21],"is_endless":false,"potions_floor_spawned":[1,12,14,16,18,25],"killed_by":"Book of Stabbing","ascension_level":7}