{"gold_per_floor":[213,230,241,251,263,263,263,263,341,341,358,358,376,394,394,394],"floor_reached":16,"playtime":1035,"items_purged":[],"score":96,"play_id":"39d3be43-e282-4962-bd34-d1bf1d255557","local_time":"20180702092350","is_ascension_mode":false,"campfire_choices":[{"data":"Blade Dance","floor":7,"key":"SMITH"},{"data":"Leg Sweep","floor":10,"key":"SMITH"},{"floor":15,"key":"REST"}],"neow_cost":"NONE","seed_source_timestamp":653793649297545,"circlet_count":0,"master_deck":["Defend_G","Defend_G","Defend_G","Defend_G","Defend_G","Strike_G","Strike_G","Strike_G","Strike_G","Survivor","Neutralize","Calculated Gamble","Leg Sweep+1","Blade Dance+1","Poisoned Stab","Blade Dance+1","All Out Attack","Dash","Accuracy"],"relics":["Ring of the Snake","Tiny Chest","Lantern"],"potions_floor_usage":[16,16,16],"damage_taken":[{"damage":2,"enemies":"Jaw Worm","floor":1,"turns":6},{"damage":0,"enemies":"Cultist","floor":2,"turns":3},{"damage":0,"enemies":"2 Louse","floor":3,"turns":4},{"damage":0,"enemies":"Blue Slaver","floor":4,"turns":6},{"damage":0,"enemies":"Red Slaver","floor":5,"turns":5},{"damage":0,"enemies":"2 Fungi Beasts","floor":11,"turns":4},{"damage":20,"enemies":"Gremlin Gang","floor":13,"turns":4},{"damage":4,"enemies":"Exordium Wildlife","floor":14,"turns":5},{"damage":66,"enemies":"The Guardian","floor":16,"turns":17}],"seed_played":"6101977205374618340","potions_obtained":[{"floor":2,"key":"PowerPotion"},{"floor":4,"key":"FearPotion"},{"floor":14,"key":"Swift Potion"}],"is_trial":false,"path_per_floor":["M","M","M","M","M","?","R","?","T","R","M","T","M","M","R"],"character_chosen":"THE_SILENT","items_purchased":[],"campfire_rested":1,"item_purchase_floors":[],"current_hp_per_floor":[68,68,68,68,68,68,68,68,68,68,68,68,48,44,65,0],"gold":394,"neow_bonus":"HUNDRED_GOLD","is_prod":false,"is_daily":false,"chose_seed":false,"campfire_upgraded":2,"win_rate":0,"timestamp":1530537830,"path_taken":["M","M","M","M","M","?","R","?","T","R","?","?","M","M","R","BOSS"],"build_version":"2018-06-28","purchased_purges":0,"victory":false,"max_hp_per_floor":[70,70,70,70,70,70,70,70,70,70,70,70,70,70,70,70],"card_choices":[{"not_picked":["Outmaneuver","Finisher"],"picked":"Calculated Gamble","floor":1},{"not_picked":["Poisoned Stab","Sucker Punch"],"picked":"Leg Sweep","floor":2},{"not_picked":["Accuracy","Distraction"],"picked":"Blade Dance","floor":3},{"not_picked":["Outmaneuver","Flechettes"],"picked":"Poisoned Stab","floor":4},{"not_picked":["Deflect","Sucker Punch"],"picked":"Blade Dance","floor":5},{"not_picked":["Deflect","Sucker Punch"],"picked":"All Out Attack","floor":11},{"not_picked":["Slice","Dagger Throw"],"picked":"Dash","floor":13},{"not_picked":["Endless Agony","Finisher"],"picked":"Accuracy","floor":14}],"player_experience":899615,"relics_obtained":[{"floor":9,"key":"Tiny Chest"},{"floor":12,"key":"Lantern"}],"event_choices":[{"event_name":"Purifier","player_choice":"One Purge","floor":6,"damage_taken":0},{"event_name":"Upgrade Shrine","player_choice":"Upgraded","floor":8,"damage_taken":0}],"boss_relics":[],"items_purged_floors":[],"is_endless":false,"potions_floor_spawned":[2,4,14],"killed_by":"The Guardian","ascension_level":0}