{"path_per_floor":["M","?","$","M","M","E","M","R","T","R","M","?","R","E","R","B",null,"M","M","$","M","?","E"],"character_chosen":"DEFECT","items_purchased":["Lantern","Defragment","Pen Nib"],"gold_per_floor":[119,294,29,41,56,87,101,101,101,101,112,112,112,140,140,245,245,265,283,39,52,52,82,82],"floor_reached":24,"campfire_rested":2,"playtime":4425,"item_purchase_floors":[3,3,20],"current_hp_per_floor":[74,74,74,71,70,55,39,63,63,63,47,74,74,60,87,46,92,92,74,74,59,41,9,0],"items_purged":["Doubt","Strike_B"],"gold":82,"score":262,"play_id":"4b9de2aa-43ef-4c0b-98e6-01804a90d19e","local_time":"20180603221053","is_prod":false,"is_daily":false,"chose_seed":false,"is_ascension_mode":true,"campfire_upgraded":2,"win_rate":0,"timestamp":1528078253,"campfire_choices":[{"floor":8,"key":"REST"},{"data":"White Noise","floor":10,"key":"SMITH"},{"data":"Static Discharge","floor":13,"key":"SMITH"},{"floor":15,"key":"REST"}],"path_taken":["M","?","$","M","?","E","M","R","T","R","M","?","R","E","R","BOSS","M","M","$","M","?","E","M"],"build_version":"2018-05-31","seed_source_timestamp":269926314769530,"purchased_purges":2,"victory":false,"master_deck":["Strike_B","Strike_B","Strike_B","Defend_B","Defend_B","Defend_B","Defend_B","Zap","Dualcast","Conserve Battery","Streamline","Defragment","All For One","Redo","White Noise+1","Static Discharge+1","All For One","Glacier","Electrodynamics","Stack","Capacitor","Coolheaded","Cold Snap"],"max_hp_per_floor":[75,75,75,75,75,82,82,82,82,82,82,82,82,92,92,92,92,92,92,92,92,97,97,97],"relics":["Cracked Core","Lantern","Strawberry","Ancient Tea Set","Pear","Nuclear Battery","Pen Nib","Happy Flower"],"card_choices":[{"not_picked":["Compile Driver","Stack"],"picked":"Conserve Battery","floor":0},{"not_picked":["Redo","Conserve Battery"],"picked":"Streamline","floor":1},{"not_picked":["Hologram","Rip and Tear"],"picked":"All For One","floor":4},{"not_picked":["Streamline","Compile Driver"],"picked":"Redo","floor":5},{"not_picked":["Beam Cell","Heatsinks"],"picked":"White Noise","floor":6},{"not_picked":["Barrage","Gash"],"picked":"Static Discharge","floor":7},{"not_picked":["Force Field","Sweeping Beam"],"picked":"All For One","floor":11},{"not_picked":["Hello World","Cold Snap"],"picked":"Glacier","floor":14},{"not_picked":["Core Surge","Creative AI"],"picked":"Electrodynamics","floor":16},{"not_picked":["Streamline","Compile Driver+1"],"picked":"Stack","floor":18},{"not_picked":["Doom and Gloom","Hologram+1"],"picked":"Capacitor","floor":19},{"not_picked":["Rebound","Streamline"],"picked":"Coolheaded","floor":21},{"not_picked":["Beam Cell+1","Heatsinks"],"picked":"Cold Snap","floor":23}],"player_experience":305100,"potions_floor_usage":[6,16,23,23,24],"damage_taken":[{"damage":1,"enemies":"Jaw Worm","floor":1,"turns":3},{"damage":3,"enemies":"Small Slimes","floor":4,"turns":3},{"damage":1,"enemies":"Cultist","floor":5,"turns":3},{"damage":22,"enemies":"Gremlin Nob","floor":6,"turns":4},{"damage":16,"enemies":"Blue Slaver","floor":7,"turns":3},{"damage":16,"enemies":"Large Slime","floor":11,"turns":4},{"damage":24,"enemies":"3 Sentries","floor":14,"turns":5},{"damage":41,"enemies":"Hexaghost","floor":16,"turns":9},{"damage":0,"enemies":"Chosen","floor":18,"turns":7},{"damage":18,"enemies":"Shell Parasite","floor":19,"turns":6},{"damage":15,"enemies":"Snake Plant","floor":21,"turns":5},{"damage":32,"enemies":"Slavers","floor":23,"turns":5},{"damage":12,"enemies":"Cultist and Chosen","floor":24,"turns":6}],"relics_obtained":[{"floor":6,"key":"Strawberry"},{"floor":9,"key":"Ancient Tea Set"},{"floor":14,"key":"Pear"},{"floor":23,"key":"Happy Flower"}],"event_choices":[{"event_name":"Liars Game","player_choice":"agreed","floor":2,"damage_taken":0},{"event_name":"Big Fish","player_choice":"Banana","floor":12,"damage_taken":0},{"event_name":"Forgotten Altar","player_choice":"Shed Blood","floor":22,"damage_taken":0}],"boss_relics":[{"not_picked":["Philosopher\u0027s Stone","Runic Dome"],"picked":"Nuclear Battery"}],"items_purged_floors":[3,20],"potions_floor_spawned":[5,14,16,18,21],"seed_played":"7851917171687250529","killed_by":"Cultist and Chosen","ascension_level":1,"potions_obtained":[{"floor":5,"key":"AttackPotion"},{"floor":14,"key":"LiquidBronze"},{"floor":16,"key":"Energy Potion"},{"floor":18,"key":"Strength Potion"},{"floor":21,"key":"Swift Potion"}],"is_trial":false}