{"gold_per_floor":[119,135,310,321,333,368,34,91,118,118,137,175,175,190,190,190],"floor_reached":16,"playtime":1839,"items_purged":["Doubt"],"score":123,"play_id":"77b0e016-9a8f-40a4-96e2-9b14323e4391","local_time":"20180711180322","is_ascension_mode":true,"campfire_choices":[{"floor":13,"key":"REST"},{"floor":15,"key":"REST"}],"neow_cost":"","seed_source_timestamp":110060339769181,"circlet_count":0,"master_deck":["Defend_G","Defend_G","Defend_G","Defend_G","Defend_G","Strike_G","Strike_G","Strike_G","Strike_G","Strike_G","Survivor","Neutralize","Catalyst","Escape Plan","Deadly Poison","Outmaneuver","Setup","Bane","Injury","Quick Slash","Phantasmal Killer","Slice","PiercingWail","Dash"],"relics":["Ring of the Snake","Ancient Tea Set","Question Card","Juzu Bracelet","Dream Catcher","Golden Idol","Pear"],"potions_floor_usage":[8,8,11,12],"damage_taken":[{"damage":2,"enemies":"2 Louse","floor":1,"turns":3},{"damage":2,"enemies":"Jaw Worm","floor":2,"turns":5},{"damage":1,"enemies":"Small Slimes","floor":4,"turns":6},{"damage":3,"enemies":"Blue Slaver","floor":5,"turns":6},{"damage":28,"enemies":"3 Sentries","floor":6,"turns":12},{"damage":24,"enemies":"Lagavulin Event","floor":8,"turns":8},{"damage":2,"enemies":"2 Fungi Beasts","floor":11,"turns":3},{"damage":3,"enemies":"Gremlin Nob","floor":12,"turns":5},{"damage":15,"enemies":"Large Slime","floor":14,"turns":9},{"damage":51,"enemies":"Slime Boss","floor":16,"turns":8}],"seed_played":"5765754963783534412","potions_obtained":[{"floor":4,"key":"Strength Potion"},{"floor":5,"key":"Weak Potion"},{"floor":8,"key":"Strength Potion"},{"floor":11,"key":"PowerPotion"}],"is_trial":false,"path_per_floor":["M","M","?","M","M","E","$","?","T","?","M","E","R","M","R"],"character_chosen":"THE_SILENT","items_purchased":["Question Card"],"campfire_rested":2,"item_purchase_floors":[7],"current_hp_per_floor":[68,66,66,65,62,34,34,10,10,10,8,15,39,24,48,0],"gold":190,"neow_bonus":"","is_prod":false,"is_daily":false,"chose_seed":false,"campfire_upgraded":0,"win_rate":0,"timestamp":1531298002,"path_taken":["M","M","?","M","M","E","$","?","T","?","M","E","R","M","R","BOSS"],"build_version":"2018-07-05","purchased_purges":1,"victory":false,"max_hp_per_floor":[70,70,70,70,70,70,70,70,70,70,70,80,80,80,80,80],"card_choices":[{"not_picked":["Flying Knee","Bouncing Flask"],"picked":"Catalyst","floor":1},{"not_picked":["Underhanded Strike","Cloak And Dagger"],"picked":"Escape Plan","floor":2},{"not_picked":["Slice","Poisoned Stab"],"picked":"Deadly Poison","floor":4},{"not_picked":["Flying Knee","Underhanded Strike"],"picked":"Outmaneuver","floor":5},{"not_picked":["Tactician","Dagger Throw"],"picked":"Setup","floor":6},{"not_picked":["Heel Hook","Accuracy","Quick Slash"],"picked":"Bane","floor":8},{"not_picked":["Cloak And Dagger","Dodge and Roll","Reflex"],"picked":"Quick Slash","floor":11},{"not_picked":["Underhanded Strike","Choke","Backflip"],"picked":"Phantasmal Killer","floor":12},{"not_picked":["Dodge and Roll","Riddle With Holes","Skewer"],"picked":"Slice","floor":13},{"not_picked":["Underhanded Strike","Acrobatics","Backflip"],"picked":"PiercingWail","floor":14},{"not_picked":["Blur","Dagger Spray","Accuracy"],"picked":"Dash","floor":15}],"player_experience":98607,"relics_obtained":[{"floor":6,"key":"Ancient Tea Set"},{"floor":9,"key":"Dream Catcher"},{"floor":12,"key":"Pear"}],"event_choices":[{"event_name":"Liars Game","player_choice":"agreed","floor":3,"damage_taken":0},{"event_name":"Dead Adventurer","player_choice":"Searched \u00273\u0027 times","floor":8,"damage_taken":0},{"event_name":"Golden Idol","player_choice":"Take Wound","floor":10,"damage_taken":0}],"boss_relics":[],"items_purged_floors":[7],"is_endless":false,"potions_floor_spawned":[4,5,8,11],"killed_by":"Slime Boss","ascension_level":2}