{"path_per_floor":["M","?","$","?","M","R","M","M","T","M","E","?","?","M","R","B",null,"M","$","M","?","$","E","R","?","T","R","M","M","$"],"character_chosen":"DEFECT","items_purchased":["Apotheosis","DataDisk"],"gold_per_floor":[119,194,11,11,25,25,36,51,51,63,98,98,98,113,113,218,218,233,8,22,22,22,48,48,48,95,95,113,131,31,31],"floor_reached":31,"campfire_rested":3,"playtime":1758,"item_purchase_floors":[3,19],"current_hp_per_floor":[78,67,67,51,51,75,75,64,64,61,61,61,61,60,82,24,82,79,79,77,77,77,48,80,64,64,74,32,9,9,0],"items_purged":["Strike_B","Strike_B"],"gold":31,"score":322,"play_id":"cfcc92d4-a5c7-4d1a-8239-5a2288b0646c","local_time":"20180608113439","is_prod":false,"is_daily":false,"chose_seed":false,"is_ascension_mode":true,"campfire_upgraded":1,"win_rate":0,"timestamp":1528472079,"campfire_choices":[{"floor":6,"key":"REST"},{"floor":15,"key":"REST"},{"floor":24,"key":"REST"},{"data":"Rainbow","floor":27,"key":"SMITH"}],"path_taken":["M","?","$","?","M","R","M","?","T","M","E","?","?","M","R","BOSS","M","$","M","?","?","E","R","?","T","R","M","M","?","M"],"build_version":"2018-06-07","seed_source_timestamp":144697947440826,"purchased_purges":2,"victory":false,"master_deck":["Defend_B","Defend_B","Defend_B","Defend_B","Zap","Dualcast+1","Defragment","Apotheosis+1","Coolheaded","Conserve Battery","Gash","Coolheaded","Cold Snap","Finesse","Reboot","Gash","Doom and Gloom","Rainbow+1","Conserve Battery+1","Streamline","Defragment","Redo","Coolheaded","Necronomicurse","Cold Snap+1","Doom and Gloom"],"max_hp_per_floor":[82,82,82,82,82,82,82,82,82,82,82,82,82,82,82,82,82,82,82,82,82,82,82,82,82,82,82,82,82,82,82],"relics":["Cracked Core","Dream Catcher","Bottled Lightning","Eternal Feather","DataDisk","Shuriken","Necronomicon","Boot"],"card_choices":[{"not_picked":["Consume","Barrage"],"picked":"Defragment","floor":1},{"not_picked":["Leap","Double Energy"],"picked":"Coolheaded","floor":5},{"not_picked":["Hologram","Reprogram"],"picked":"Conserve Battery","floor":7},{"not_picked":["Turbo","Beam Cell"],"picked":"Gash","floor":8},{"not_picked":["Recycle","Storm"],"picked":"Coolheaded","floor":10},{"not_picked":["Steam","Sweeping Beam"],"picked":"Cold Snap","floor":11},{"not_picked":["Scrape","Storm"],"picked":"Gash","floor":14},{"not_picked":["Rainbow","Conserve Battery"],"picked":"Doom and Gloom","floor":15},{"not_picked":["Thunder Strike","Electrodynamics"],"picked":"Rainbow","floor":16},{"not_picked":["Melter+1","Stack+1"],"picked":"Conserve Battery+1","floor":18},{"not_picked":["Steam","Rebound+1"],"picked":"Streamline","floor":20},{"not_picked":["Recycle+1","Aggregate+1"],"picked":"Redo","floor":23},{"not_picked":["All For One","Steam"],"picked":"Coolheaded","floor":24},{"not_picked":["Streamline","Hologram"],"picked":"Cold Snap+1","floor":28},{"not_picked":["Fusion","Recycle"],"picked":"Doom and Gloom","floor":29}],"player_experience":414583,"potions_floor_usage":[16,18,18],"damage_taken":[{"damage":4,"enemies":"Small Slimes","floor":1,"turns":3},{"damage":0,"enemies":"Jaw Worm","floor":5,"turns":4},{"damage":0,"enemies":"Cultist","floor":7,"turns":5},{"damage":11,"enemies":"3 Louse","floor":8,"turns":3},{"damage":3,"enemies":"Looter","floor":10,"turns":3},{"damage":0,"enemies":"3 Sentries","floor":11,"turns":7},{"damage":1,"enemies":"Exordium Thugs","floor":14,"turns":7},{"damage":58,"enemies":"Hexaghost","floor":16,"turns":10},{"damage":3,"enemies":"Chosen","floor":18,"turns":5},{"damage":2,"enemies":"3 Byrds","floor":20,"turns":5},{"damage":29,"enemies":"Gremlin Leader","floor":23,"turns":7},{"damage":42,"enemies":"Cultist and Chosen","floor":28,"turns":7},{"damage":23,"enemies":"Centurion and Healer","floor":29,"turns":6},{"damage":12,"enemies":"Snecko","floor":31,"turns":3}],"relics_obtained":[{"floor":9,"key":"Dream Catcher"},{"floor":11,"key":"Bottled Lightning"},{"floor":23,"key":"Shuriken"},{"floor":25,"key":"Necronomicon"},{"floor":26,"key":"Boot"}],"event_choices":[{"event_name":"World of Goop","player_choice":"Gather Gold","floor":2,"damage_taken":0},{"event_name":"Shining Light","player_choice":"Entered Light","floor":4,"damage_taken":0},{"event_name":"Match and Keep!","player_choice":"1 cards matched","floor":12,"damage_taken":0},{"event_name":"Transmorgrifier","player_choice":"Transform","floor":13,"damage_taken":0},{"event_name":"Transmorgrifier","player_choice":"Transform","floor":21,"damage_taken":0},{"event_name":"Cursed Tome","player_choice":"Obtained Book","floor":25,"damage_taken":0}],"boss_relics":[{"not_picked":["Tiny House","Orrery"],"picked":"Eternal Feather"}],"items_purged_floors":[19,30],"potions_floor_spawned":[1,5,11,20,23],"seed_played":"5235537836325396888","killed_by":"Snecko","ascension_level":3,"potions_obtained":[{"floor":1,"key":"Block Potion"},{"floor":5,"key":"Weak Potion"},{"floor":11,"key":"AttackPotion"},{"floor":20,"key":"SpeedPotion"},{"floor":23,"key":"Swift Potion"}],"is_trial":false}