{"gold_per_floor":[115,65,82,82,100,100,132,132,132,132,142,189,207,220,220,295,295,315,315,21,35,49,49,82,82,154,173,173,173,173],"floor_reached":30,"playtime":828,"items_purged":["Strike_R"],"score":425,"play_id":"7fb17e54-1045-4784-ab7b-864bf4e2032a","local_time":"20190212135735","is_ascension_mode":true,"campfire_choices":[{"data":"Bash","floor":6.0,"key":"SMITH"},{"data":"Cleave","floor":8.0,"key":"SMITH"},{"data":"Shrug It Off","floor":10.0,"key":"SMITH"},{"data":"Whirlwind","floor":15.0,"key":"SMITH"},{"floor":23.0,"key":"REST"},{"data":"Limit Break","floor":25.0,"key":"SMITH"},{"data":"Corruption","floor":29.0,"key":"SMITH"}],"neow_cost":"NONE","seed_source_timestamp":4309030247049,"circlet_count":0,"master_deck":["AscendersBane","Strike_R+1","Defend_R","Defend_R+1","Defend_R+1","Bash+1","Cleave+1","Shrug It Off+1","Whirlwind+1","Ghostly Armor","Twin Strike","Immolate","Headbutt+1","Limit Break+1","Corruption+1","Spot Weakness","True Grit","Ghostly Armor","Flex","Wild Strike","Clash"],"special_seed":0,"relics":["Burning Blood","War Paint","FossilizedHelix","Dodecahedron","Vajra","Eternal Feather","Whetstone","Self Forming Clay"],"potions_floor_usage":[],"damage_taken":[{"damage":0.0,"enemies":"Small Slimes","floor":1.0,"turns":3.0},{"damage":3.0,"enemies":"Cultist","floor":3.0,"turns":4.0},{"damage":4.0,"enemies":"Jaw Worm","floor":5.0,"turns":4.0},{"damage":30.0,"enemies":"Lagavulin","floor":7.0,"turns":7.0},{"damage":7.0,"enemies":"Large Slime","floor":11.0,"turns":8.0},{"damage":25.0,"enemies":"Exordium Thugs","floor":13.0,"turns":8.0},{"damage":0.0,"enemies":"2 Fungi Beasts","floor":14.0,"turns":3.0},{"damage":8.0,"enemies":"Slime Boss","floor":16.0,"turns":8.0},{"damage":24.0,"enemies":"Spheric Guardian","floor":18.0,"turns":6.0},{"damage":25.0,"enemies":"Shell Parasite","floor":21.0,"turns":7.0},{"damage":10.0,"enemies":"Snecko","floor":22.0,"turns":4.0},{"damage":49.0,"enemies":"Book of Stabbing","floor":24.0,"turns":6.0},{"damage":0.0,"enemies":"Cultist and Chosen","floor":27.0,"turns":5.0},{"damage":63,"enemies":"Chosen and Byrds","floor":30,"turns":6}],"seed_played":"-6525145244355142701","potions_obtained":[{"floor":3.0,"key":"Strength Potion"},{"floor":7.0,"key":"LiquidBronze"},{"floor":16.0,"key":"SpeedPotion"},{"floor":19.0,"key":"Fruit Juice"},{"floor":19.0,"key":"Strength Potion"}],"is_trial":false,"path_per_floor":["M","?","M","?","M","R","E","R","T","R","M","T","M","M","R","B",null,"M","?","$","M","M","R","E","R","T","M","?","R","M"],"character_chosen":"IRONCLAD","items_purchased":["Limit Break","Corruption"],"campfire_rested":1,"item_purchase_floors":[20,20],"current_hp_per_floor":[74,74,75,75,75,75,51,51,51,51,50,50,31,37,37,35,65,47,52,52,33,29,62,19,31,31,37,37,49,0],"gold":173,"neow_bonus":"RANDOM_COMMON_RELIC","is_prod":false,"is_daily":false,"chose_seed":false,"campfire_upgraded":6,"win_rate":0,"timestamp":1550001455,"path_taken":["M","?","M","?","?","R","E","R","T","R","M","?","M","M","R","BOSS","M","?","$","M","?","R","E","R","T","M","?","R","M"],"build_version":"2019-01-23","purchased_purges":1,"victory":false,"max_hp_per_floor":[75,75,75,75,75,75,75,75,75,75,75,75,75,75,75,75,75,75,80,80,80,80,80,80,80,80,80,80,80,80],"card_choices":[{"not_picked":["Dropkick","Havoc"],"picked":"Cleave","floor":1.0},{"not_picked":["Pommel Strike","Armaments"],"picked":"Shrug It Off","floor":3.0},{"not_picked":["Burning Pact","Combust","Perfected Strike"],"picked":"SKIP","floor":5.0},{"not_picked":["Combust","Havoc","Power Through"],"picked":"SKIP","floor":7.0},{"not_picked":["Dropkick","Flame Barrier"],"picked":"Whirlwind","floor":11.0},{"not_picked":["Body Slam","Entrench"],"picked":"Ghostly Armor","floor":13.0},{"not_picked":["Searing Blow","Warcry"],"picked":"Twin Strike","floor":14.0},{"not_picked":["Impervious","Exhume"],"picked":"Immolate","floor":16.0},{"not_picked":["Warcry","Wild Strike"],"picked":"Headbutt","floor":18.0},{"not_picked":["Power Through","Feel No Pain"],"picked":"Spot Weakness","floor":21.0},{"not_picked":["Shockwave","Clash+1"],"picked":"True Grit","floor":22.0},{"not_picked":["Brutality","Perfected Strike"],"picked":"Ghostly Armor","floor":24.0},{"not_picked":["Cleave","Evolve"],"picked":"Flex","floor":27.0}],"player_experience":789988,"relics_obtained":[{"floor":7.0,"key":"FossilizedHelix"},{"floor":9.0,"key":"Dodecahedron"},{"floor":12.0,"key":"Vajra"},{"floor":24.0,"key":"Whetstone"},{"floor":26.0,"key":"Self Forming Clay"}],"event_choices":[{"cards_removed":["Strike_R"],"damage_healed":0.0,"max_hp_gain":0.0,"max_hp_loss":0.0,"gold_gain":0.0,"event_name":"The Cleric","player_choice":"Card Removal","floor":2.0,"gold_loss":50.0,"damage_taken":0.0},{"cards_removed":["Strike_R"],"damage_healed":0.0,"max_hp_gain":0.0,"max_hp_loss":0.0,"gold_gain":0.0,"event_name":"Bonfire Elementals","player_choice":"Offered Basic","floor":4.0,"gold_loss":0.0,"damage_taken":0.0},{"damage_healed":0.0,"max_hp_gain":0.0,"max_hp_loss":0.0,"gold_gain":0.0,"event_name":"Lab","player_choice":"Got Potions","floor":19.0,"gold_loss":0.0,"damage_taken":0.0},{"damage_healed":0.0,"max_hp_gain":0.0,"max_hp_loss":0.0,"gold_gain":0.0,"cards_transformed":["Strike_R","Defend_R"],"event_name":"Drug Dealer","player_choice":"Became Test Subject","floor":28.0,"gold_loss":0.0,"damage_taken":0.0,"cards_obtained":["Wild Strike","Clash"]}],"is_beta":false,"boss_relics":[{"not_picked":["Astrolabe","White Beast Statue"],"picked":"Eternal Feather"}],"items_purged_floors":[20],"is_endless":false,"potions_floor_spawned":[3,7,16,22,27],"killed_by":"Chosen and Byrds","ascension_level":14}