{"path_per_floor":["M","M","?","M","?","E","M","E","T","M","M","M","E","?","R"],"character_chosen":"IRONCLAD","items_purchased":[],"gold_per_floor":[114,131,91,106,106,140,159,192,192,209,225,238,273,246,246,246],"floor_reached":16,"campfire_rested":1,"playtime":1624,"current_hp_per_floor":[73,72,72,66,71,56,41,27,27,23,19,21,30,30,59,0],"items_purged":[],"gold":246,"score":149,"play_id":"7b14ed47-0b05-48a3-a8dc-f252055cf1b6","local_time":"20180521114420","is_prod":false,"is_daily":false,"chose_seed":false,"is_ascension_mode":false,"campfire_upgraded":0,"timestamp":1526917460,"campfire_choices":[{"floor":15,"key":"REST"}],"path_taken":["M","M","?","M","?","E","M","E","T","M","M","M","E","?","R","BOSS"],"build_version":"2018-05-17","seed_source_timestamp":28755429098450,"purchased_purges":0,"victory":false,"master_deck":["Strike_R","Strike_R","Strike_R","Strike_R","Strike_R","Defend_R","Defend_R","Defend_R","Defend_R","Bash","Anger","Twin Strike","Iron Wave","Dual Wield","Armaments","Armaments","Anger","Sword Boomerang","Thunderclap","Heavy Blade"],"max_hp_per_floor":[80,80,80,80,85,85,85,85,85,85,85,85,99,99,99,99],"relics":["Black Star","Bag of Marbles","Blood Vial","Mummified Hand","Dodecahedron","Girya","Shovel","Mango"],"card_choices":[{"not_picked":["Cleave","Thunderclap"],"picked":"Anger","floor":1},{"not_picked":["Uppercut","Bloodletting"],"picked":"Twin Strike","floor":2},{"not_picked":["Sword Boomerang","Limit Break"],"picked":"Iron Wave","floor":4},{"not_picked":["Seeing Red","Pummel"],"picked":"Dual Wield","floor":6},{"not_picked":["Seeing Red","Heavy Blade"],"picked":"Armaments","floor":7},{"not_picked":["Bloodletting","True Grit"],"picked":"Armaments","floor":8},{"not_picked":["Body Slam","Pommel Strike"],"picked":"Anger","floor":10},{"not_picked":["Disarm","Offering"],"picked":"Sword Boomerang","floor":11},{"not_picked":["Flex","Warcry"],"picked":"Thunderclap","floor":12},{"not_picked":["Infernal Blade","Combust"],"picked":"Heavy Blade","floor":13}],"player_experience":24511,"potions_floor_usage":[6,7,8,10,13,13],"damage_taken":[{"damage":7,"enemies":"Small Slimes","floor":1,"turns":3},{"damage":1,"enemies":"Cultist","floor":2,"turns":3},{"damage":6,"enemies":"Jaw Worm","floor":4,"turns":3},{"damage":27,"enemies":"Gremlin Nob","floor":6,"turns":4},{"damage":26,"enemies":"Lots of Slimes","floor":7,"turns":5},{"damage":16,"enemies":"Lagavulin","floor":8,"turns":4},{"damage":6,"enemies":"Large Slime","floor":10,"turns":8},{"damage":6,"enemies":"3 Louse","floor":11,"turns":5},{"damage":0,"enemies":"Blue Slaver","floor":12,"turns":3},{"damage":7,"enemies":"3 Sentries","floor":13,"turns":5},{"damage":63,"enemies":"The Guardian","floor":16,"turns":12}],"relics_obtained":[{"floor":6,"key":"Bag of Marbles"},{"floor":6,"key":"Blood Vial"},{"floor":8,"key":"Mummified Hand"},{"floor":8,"key":"Dodecahedron"},{"floor":9,"key":"Girya"},{"floor":13,"key":"Shovel"},{"floor":13,"key":"Mango"}],"event_choices":[{"event_name":"The Woman in Blue","player_choice":"Bought 3 Potions","floor":3,"damage_taken":0},{"event_name":"Big Fish","player_choice":"Donut","floor":5,"damage_taken":0},{"event_name":"World of Goop","player_choice":"Left","floor":14,"damage_taken":0}],"boss_relics":[],"potions_floor_spawned":[4,7,8,12],"seed_played":"8701075434660458252","killed_by":"The Guardian","ascension_level":0,"potions_obtained":[{"floor":3,"key":"GamblersBrew"},{"floor":3,"key":"GamblersBrew"},{"floor":3,"key":"Regen Potion"},{"floor":4,"key":"Regen Potion"},{"floor":7,"key":"Strength Potion"},{"floor":8,"key":"Dexterity Potion"},{"floor":12,"key":"Explosive Potion"}],"is_trial":false}