{"gold_per_floor":[118,118,118,131,131,131,166,178,260,29,55,55,74,74,74,177,177,195,195,37,53,53,53,63,63,119,136,136,154,6,37,37,138,138,155,168,178,192,192],"floor_reached":39,"playtime":1447,"items_purged":["Fire Breathing"],"score":490,"play_id":"d11fb7cd-88e8-4b0e-bff1-c1c566a82c61","local_time":"20181029020518","is_ascension_mode":true,"campfire_choices":[{"data":"Uppercut","floor":6,"key":"SMITH"},{"data":"Corruption","floor":12,"key":"SMITH"},{"data":"Demon Form","floor":15,"key":"SMITH"},{"floor":23,"key":"REST"},{"floor":25,"key":"REST"},{"floor":28,"key":"REST"},{"floor":32,"key":"REST"}],"neow_cost":"NONE","seed_source_timestamp":729554572126913,"circlet_count":0,"master_deck":["Bash","Clothesline","Spot Weakness","Uppercut+1","Demon Form+1","Thunderclap","Corruption+1","Reaper","Disarm","Impervious","Immolate","True Grit","Flex","Clothesline","Armaments","Twin Strike","Havoc+1","Discovery","Disarm","Battle Trance","Twin Strike","Feed","Ghostly Armor","Impervious","Infernal Blade+1"],"relics":["Burning Blood","NeowsBlessing","Charon\u0027s Ashes","Ancient Tea Set","Question Card","Odd Mushroom","StoneCalendar","Pandora\u0027s Box","Tiny Chest","Strawberry","Red Skull","Mark of Pain"],"potions_floor_usage":[11,18,27,29,29,29,31,31,33,35,39],"damage_taken":[{"damage":0,"enemies":"Small Slimes","floor":1,"turns":1},{"damage":0,"enemies":"Cultist","floor":4,"turns":1},{"damage":0,"enemies":"Gremlin Nob","floor":7,"turns":1},{"damage":1,"enemies":"2 Louse","floor":8,"turns":3},{"damage":17,"enemies":"The Mushroom Lair","floor":11,"turns":4},{"damage":7,"enemies":"2 Fungi Beasts","floor":13,"turns":2},{"damage":24,"enemies":"Hexaghost","floor":16,"turns":7},{"damage":36,"enemies":"Spheric Guardian","floor":18,"turns":6},{"damage":43,"enemies":"2 Thieves","floor":21,"turns":5},{"damage":26,"enemies":"Centurion and Healer","floor":24,"turns":4},{"damage":14,"enemies":"Cultist and Chosen","floor":27,"turns":6},{"damage":3,"enemies":"Shelled Parasite and Fungi","floor":29,"turns":3},{"damage":65,"enemies":"Slavers","floor":31,"turns":5},{"damage":32,"enemies":"Collector","floor":33,"turns":8},{"damage":40,"enemies":"3 Darklings","floor":35,"turns":4},{"damage":16,"enemies":"Orb Walker","floor":36,"turns":5},{"damage":28,"enemies":"4 Shapes","floor":37,"turns":5},{"damage":41,"enemies":"Transient","floor":38,"turns":5},{"damage":56,"enemies":"Writhing Mass","floor":39,"turns":5}],"seed_played":"-8111052962723283103","potions_obtained":[{"floor":1,"key":"LiquidBronze"},{"floor":8,"key":"SneckoOil"},{"floor":11,"key":"Poison Potion"},{"floor":24,"key":"Regen Potion"},{"floor":27,"key":"EntropicBrew"},{"floor":31,"key":"PowerPotion"},{"floor":33,"key":"Energy Potion"},{"floor":38,"key":"AttackPotion"}],"is_trial":false,"path_per_floor":["M","?","?","M","T","R","E","M","T","$","?","R","M","?","R","B",null,"M","?","$","M","?","R","M","R","T","M","R","M","$","E","R","B",null,"M","M","M","M"],"character_chosen":"IRONCLAD","items_purchased":["Corruption","Reaper","Discovery","Strawberry"],"campfire_rested":4,"item_purchase_floors":[10,10,20,30],"current_hp_per_floor":[80,80,80,80,80,80,80,80,80,80,78,78,79,76,76,80,80,50,50,50,31,31,55,35,59,59,66,80,80,87,44,71,45,91,57,51,61,36,0],"gold":192,"neow_bonus":"THREE_ENEMY_KILL","is_prod":false,"is_daily":false,"chose_seed":false,"campfire_upgraded":3,"win_rate":0,"timestamp":1540796718,"path_taken":["M","?","?","M","?","R","E","?","T","$","?","R","M","?","R","BOSS","M","?","$","M","?","R","M","R","T","?","R","M","$","E","R","BOSS","M","M","M","?","?"],"build_version":"2018-10-25v2","purchased_purges":1,"victory":false,"max_hp_per_floor":[80,80,80,80,80,80,80,80,80,80,80,80,80,80,80,80,80,80,80,80,80,80,80,80,80,80,80,80,80,87,91,91,91,91,91,91,94,94,94],"card_choices":[{"not_picked":["Pummel","Iron Wave"],"picked":"Clothesline","floor":1},{"not_picked":["Clothesline","Disarm"],"picked":"Uppercut","floor":4},{"not_picked":["Iron Wave","Seeing Red"],"picked":"Demon Form","floor":7},{"not_picked":["Body Slam","Power Through"],"picked":"Thunderclap","floor":8},{"not_picked":["Warcry","Spot Weakness","Body Slam"],"picked":"Disarm","floor":11},{"not_picked":["Headbutt","Sentinel","Cleave"],"picked":"Impervious","floor":13},{"not_picked":["Impervious","Reaper","Brutality"],"picked":"Immolate","floor":16},{"not_picked":["Twin Strike+1","Anger","Clothesline"],"picked":"Havoc+1","floor":18},{"not_picked":["Body Slam","Flex","Uppercut+1"],"picked":"Disarm","floor":21},{"not_picked":["True Grit+1","Clothesline+1","Warcry"],"picked":"Battle Trance","floor":24},{"not_picked":["Burning Pact","Uppercut","Disarm"],"picked":"Twin Strike","floor":27},{"not_picked":["Bloodletting","Rupture","Shrug It Off"],"picked":"Feed","floor":29},{"not_picked":["Warcry+1","Pommel Strike","Twin Strike"],"picked":"Ghostly Armor","floor":31},{"not_picked":["Feed","Fiend Fire","Barricade"],"picked":"Impervious","floor":33},{"not_picked":["Shrug It Off+1","Burning Pact+1","Body Slam","Feel No Pain"],"picked":"SKIP","floor":35},{"not_picked":["Seeing Red","Rage","Sword Boomerang","Warcry+1"],"picked":"SKIP","floor":36},{"not_picked":["Blood for Blood","Wild Strike","Ghostly Armor"],"picked":"Infernal Blade+1","floor":37},{"not_picked":["Flex","Clothesline","Seeing Red","Havoc"],"picked":"SKIP","floor":38}],"player_experience":483125,"relics_obtained":[{"floor":5,"key":"Charon\u0027s Ashes"},{"floor":7,"key":"Ancient Tea Set"},{"floor":9,"key":"Question Card"},{"floor":11,"key":"Odd Mushroom"},{"floor":26,"key":"Tiny Chest"},{"floor":31,"key":"Red Skull"}],"event_choices":[{"damage_healed":0,"gold_gain":0,"cards_transformed":["Strike_R"],"player_choice":"Transformed","damage_taken":0,"max_hp_gain":0,"max_hp_loss":0,"event_name":"Transmorgrifier","floor":2,"gold_loss":0,"cards_obtained":["Spot Weakness"]},{"cards_removed":["Strike_R"],"damage_healed":0,"gold_gain":0,"player_choice":"Purged","damage_taken":0,"max_hp_gain":0,"max_hp_loss":0,"event_name":"Purifier","floor":3,"gold_loss":0},{"damage_healed":0,"gold_gain":0,"player_choice":"Fought Mushrooms","damage_taken":0,"max_hp_gain":0,"max_hp_loss":0,"event_name":"Mushrooms","floor":11,"gold_loss":0},{"damage_healed":0,"gold_gain":0,"player_choice":"Success","damage_taken":3,"relics_obtained":["StoneCalendar"],"max_hp_gain":0,"max_hp_loss":0,"event_name":"Scrap Ooze","floor":14,"gold_loss":0},{"cards_removed":["Armaments"],"damage_healed":0,"gold_gain":0,"player_choice":"Elegance","damage_taken":0,"max_hp_gain":0,"max_hp_loss":0,"event_name":"Back to Basics","floor":19,"gold_loss":0},{"damage_healed":0,"gold_gain":0,"player_choice":"Ignored","damage_taken":0,"max_hp_gain":0,"max_hp_loss":0,"event_name":"Vampires","floor":22,"gold_loss":0}],"is_beta":true,"boss_relics":[{"not_picked":["Black Blood","Ectoplasm"],"picked":"Pandora\u0027s Box"},{"not_picked":["Coffee Dripper","Runic Cube"],"picked":"Mark of Pain"}],"items_purged_floors":[20],"is_endless":false,"potions_floor_spawned":[1,8,11,24,27,31,33,38],"killed_by":"Writhing Mass","ascension_level":3}