{"gold_per_floor":[111,111,111,122,72,72,72,85,110,122,134,166,207,232,244,353,365,392,329,368,395,425,437,460,472,484,496,534,562,156,166,166,261,261,276,292,292,307,307],"floor_reached":39,"playtime":5164,"items_purged":["Strike_G"],"score":403,"play_id":"356d2f78-c46f-4dc0-8a75-d136d81948dd","local_time":"20190105115055","is_ascension_mode":false,"campfire_choices":[{"data":"Infinite Blades","floor":6.0,"key":"SMITH"},{"data":"Infinite Blades","floor":10.0,"key":"SMITH"},{"data":"Iron Wave","floor":15.0,"key":"SMITH"},{"floor":23,"key":"REST"},{"floor":25,"key":"REST"},{"floor":32,"key":"REST"}],"neow_cost":"NONE","seed_source_timestamp":0,"circlet_count":0,"master_deck":["Defend_G","Defend_G","Defend_G","Strike_G","Survivor","Neutralize","Infinite Blades+1","Sucker Punch","Dagger Spray","Iron Wave+1","Infinite Blades+1","Dagger Throw","Poisoned Stab","Sucker Punch","Glass Knife","Calculated Gamble","Leg Sweep","Footwork+1","Backflip+1","PiercingWail","Envenom","Tactician","Madness","PiercingWail","Poisoned Stab","Burst","Footwork","Bullet Time","Caltrops+1","Poisoned Stab","Deep Breath","Bane+1"],"special_seed":0,"relics":["Ring of the Snake","MawBank","Ancient Tea Set","Fusion Hammer","Red Mask","Nloth\u0027s Gift","Orichalcum","Dream Catcher","White Beast Statue"],"potions_floor_usage":[24,28,28,28,28,28,28,33,35,39,39],"damage_taken":[{"damage":1.0,"enemies":"Jaw Worm","floor":1.0,"turns":6.0},{"damage":6.0,"enemies":"Small Slimes","floor":4.0,"turns":4.0},{"damage":0.0,"enemies":"Cultist","floor":8.0,"turns":3.0},{"damage":2.0,"enemies":"Large Slime","floor":12.0,"turns":6.0},{"damage":6.0,"enemies":"Gremlin Nob","floor":13.0,"turns":5.0},{"damage":7.0,"enemies":"Looter","floor":14.0,"turns":3.0},{"damage":37.0,"enemies":"Hexaghost","floor":16.0,"turns":12.0},{"damage":1,"enemies":"Chosen","floor":18,"turns":4},{"damage":27,"enemies":"Masked Bandits","floor":20,"turns":6},{"damage":3,"enemies":"Shell Parasite","floor":21,"turns":5},{"damage":6,"enemies":"Cultist and Chosen","floor":22,"turns":6},{"damage":26,"enemies":"3 Cultists","floor":24,"turns":7},{"damage":5,"enemies":"Slavers","floor":28,"turns":5},{"damage":1,"enemies":"Snake Plant","floor":29,"turns":5},{"damage":12,"enemies":"Centurion and Healer","floor":31,"turns":6},{"damage":39,"enemies":"Automaton","floor":33,"turns":11},{"damage":1,"enemies":"Orb Walker","floor":35,"turns":4},{"damage":14,"enemies":"3 Darklings","floor":36,"turns":7},{"damage":20,"enemies":"Spire Growth","floor":38,"turns":6},{"damage":40,"enemies":"4 Shapes","floor":39,"turns":2}],"seed_played":"-1176964687239489833","potions_obtained":[{"floor":4.0,"key":"SpeedPotion"},{"floor":16.0,"key":"SneckoOil"},{"floor":20,"key":"Regen Potion"},{"floor":22,"key":"EntropicBrew"},{"floor":24,"key":"Block Potion"},{"floor":29,"key":"Strength Potion"},{"floor":33,"key":"SkillPotion"},{"floor":35,"key":"SpeedPotion"},{"floor":36,"key":"Energy Potion"},{"floor":38,"key":"Energy Potion"}],"is_trial":false,"path_per_floor":["M","$","?","M","?","R","?","M","T","R","?","M","E","M","R","B",null,"M","?","?","M","M","R","M","R","T","?","E","M","$","M","R","B",null,"M","M","?","M","M"],"character_chosen":"THE_SILENT","items_purchased":["Dream Catcher","Madness","PiercingWail","Poisoned Stab"],"campfire_rested":3,"item_purchase_floors":[30,30,30,30],"current_hp_per_floor":[69,69,69,63,63,63,63,63,63,63,63,61,55,48,48,11,70,69,69,42,39,33,54,28,49,49,49,58,57,57,45,66,27,70,69,55,55,35,0],"gold":307,"neow_bonus":"TRANSFORM_CARD","is_prod":false,"is_daily":false,"chose_seed":false,"campfire_upgraded":3,"win_rate":0.0,"timestamp":1546717855,"path_taken":["M","$","?","M","?","R","?","?","T","R","?","M","E","M","R","BOSS","M","?","?","?","M","R","M","R","T","?","E","?","$","M","R","BOSS","M","M","?","M","M"],"build_version":"2019-01-03v4","purchased_purges":1,"victory":false,"max_hp_per_floor":[70,70,70,70,70,70,70,70,70,70,70,70,70,70,70,70,70,70,70,70,70,70,70,70,70,70,70,70,70,70,70,70,70,70,70,70,70,70,70],"card_choices":[{"not_picked":["Bane","Outmaneuver"],"picked":"Sucker Punch","floor":1.0},{"not_picked":["Poisoned Stab","Dodge and Roll"],"picked":"Dagger Spray","floor":4.0},{"not_picked":["Prepared","Deflect"],"picked":"Infinite Blades","floor":8.0},{"not_picked":["Slice","PiercingWail"],"picked":"Dagger Throw","floor":12.0},{"not_picked":["Calculated Gamble","Dodge and Roll"],"picked":"Poisoned Stab","floor":13.0},{"not_picked":["Malaise","Dodge and Roll"],"picked":"Sucker Punch","floor":14.0},{"not_picked":["Tools of the Trade","Phantasmal Killer"],"picked":"Glass Knife","floor":16.0},{"not_picked":["Blade Dance+1","Bane"],"picked":"Calculated Gamble","floor":18},{"not_picked":["Dagger Spray","Dagger Throw"],"picked":"Leg Sweep","floor":20},{"not_picked":["Sucker Punch+1","Dagger Throw"],"picked":"Footwork+1","floor":21},{"not_picked":["Dagger Throw","Dodge and Roll"],"picked":"Backflip+1","floor":22},{"not_picked":["Venomology","Backflip"],"picked":"PiercingWail","floor":24},{"not_picked":["Dodge and Roll+1","Distraction"],"picked":"Envenom","floor":28},{"not_picked":["Outmaneuver","Reflex"],"picked":"Tactician","floor":29},{"not_picked":["Acrobatics+1","Blade Dance"],"picked":"Burst","floor":31},{"not_picked":["Prepared","Acrobatics"],"picked":"Footwork","floor":32},{"not_picked":["Doppelganger","A Thousand Cuts"],"picked":"Bullet Time","floor":33},{"not_picked":["Dagger Throw+1","Tactician+1"],"picked":"Caltrops+1","floor":35},{"not_picked":["Heel Hook","Infinite Blades+1"],"picked":"Poisoned Stab","floor":36},{"not_picked":["Blind","Enlightenment"],"picked":"Deep Breath","floor":37},{"not_picked":["Deflect+1","Dodge and Roll+1"],"picked":"Bane+1","floor":38}],"player_experience":49835,"relics_obtained":[{"floor":9.0,"key":"MawBank"},{"floor":13.0,"key":"Ancient Tea Set"},{"floor":20,"key":"Red Mask"},{"floor":26,"key":"Shuriken"},{"floor":28,"key":"Orichalcum"}],"event_choices":[{"cards_removed":["Strike_G"],"damage_healed":0.0,"max_hp_gain":0.0,"max_hp_loss":0.0,"gold_gain":0.0,"event_name":"Living Wall","player_choice":"Forget","floor":3.0,"gold_loss":0.0,"damage_taken":0.0},{"cards_removed":["Strike_G"],"damage_healed":0.0,"max_hp_gain":0.0,"max_hp_loss":0.0,"gold_gain":0.0,"event_name":"The Cleric","player_choice":"Card Removal","floor":5.0,"gold_loss":50.0,"damage_taken":0.0},{"cards_removed":["Defend_G"],"damage_healed":0.0,"max_hp_gain":0.0,"max_hp_loss":0.0,"gold_gain":0.0,"event_name":"NoteForYourself","player_choice":"Took Card","floor":7.0,"gold_loss":0.0,"damage_taken":0.0,"cards_obtained":["Iron Wave"]},{"damage_healed":0.0,"max_hp_gain":0.0,"max_hp_loss":0.0,"gold_gain":0.0,"event_name":"Liars Game","player_choice":"Ignored","floor":11.0,"gold_loss":0.0,"damage_taken":0.0},{"cards_removed":["Strike_G"],"damage_healed":0,"gold_gain":0,"player_choice":"Gave Gold","damage_taken":0,"max_hp_gain":0,"max_hp_loss":0,"event_name":"Beggar","floor":19,"gold_loss":75},{"damage_healed":0,"gold_gain":0,"player_choice":"Fought Bandits","damage_taken":0,"max_hp_gain":0,"max_hp_loss":0,"event_name":"Masked Bandits","floor":20,"gold_loss":0},{"damage_healed":0,"gold_gain":0,"player_choice":"Traded Relic","damage_taken":0,"relics_obtained":["Nloth\u0027s Gift"],"max_hp_gain":0,"max_hp_loss":0,"event_name":"N\u0027loth","floor":27,"relics_lost":["Shuriken"],"gold_loss":0},{"damage_healed":0,"gold_gain":0,"player_choice":"Memory 1","damage_taken":0,"max_hp_gain":0,"max_hp_loss":0,"event_name":"SensoryStone","floor":37,"gold_loss":0}],"is_beta":false,"boss_relics":[{"not_picked":["Lizard Tail","Orrery"],"picked":"Fusion Hammer"},{"not_picked":["Tiny House","Empty Cage"],"picked":"White Beast Statue"}],"items_purged_floors":[30],"is_endless":false,"potions_floor_spawned":[4,16,20,22,24,29,33,35,36,38],"killed_by":"4 Shapes","ascension_level":0}