{"gold_per_floor":[112,122,122,135,135,135,148,178,178,178,27,38,38,50,50,148,148,133,333,5,5,19,19,30,30,113,125,141,141,141,55,55,159,159,169,169,269,286,0,0,0,12,35,45,9,9,29,29,29,29],"floor_reached":51,"playtime":3563,"items_purged":["Strike_G","Defend_G"],"score":946,"play_id":"d8100e0e-0041-490b-82ec-0a9c18b1c420","local_time":"20190102162957","is_ascension_mode":true,"campfire_choices":[{"floor":6,"key":"REST"},{"data":"Dagger Spray","floor":15,"key":"SMITH"},{"data":"Venomology","floor":23,"key":"SMITH"},{"data":"Adrenaline","floor":25,"key":"SMITH"},{"data":"Bouncing Flask","floor":30,"key":"SMITH"},{"floor":32,"key":"REST"},{"data":"Burst","floor":40,"key":"SMITH"},{"data":"Footwork","floor":46,"key":"SMITH"},{"data":"Blur","floor":49,"key":"SMITH"}],"neow_cost":"NONE","seed_source_timestamp":56048409453708,"circlet_count":0,"master_deck":["AscendersBane","Defend_G","Defend_G","Defend_G","Strike_G","Survivor+1","Neutralize+1","Poisoned Stab","Leg Sweep+1","Escape Plan","Bouncing Flask+1","Well Laid Plans","Dagger Spray+1","Venomology+1","Cloak And Dagger","Adrenaline+1","Blur+1","Burst+1","Backflip","Bullet Time","Bouncing Flask","Backflip+1","Footwork+1"],"relics":["Ring of the Serpent","PreservedInsect","Thread and Needle","Gremlin Horn","Tiny Chest","Busted Crown","Pocketwatch","Red Mask","Art of War","Pantograph"],"potions_floor_usage":[4,16,16,16,16,16,16,24,24,24,28,28,28,33,33,35,38,42,50,50,50,50],"damage_taken":[{"damage":8,"enemies":"Small Slimes","floor":1,"turns":7},{"damage":0,"enemies":"2 Louse","floor":2,"turns":3},{"damage":0,"enemies":"Jaw Worm","floor":4,"turns":6},{"damage":0,"enemies":"Large Slime","floor":7,"turns":7},{"damage":9,"enemies":"Lagavulin","floor":8,"turns":7},{"damage":0,"enemies":"Blue Slaver","floor":12,"turns":4},{"damage":0,"enemies":"Exordium Thugs","floor":14,"turns":5},{"damage":9,"enemies":"Slime Boss","floor":16,"turns":13},{"damage":15,"enemies":"2 Thieves","floor":18,"turns":4},{"damage":0,"enemies":"Chosen","floor":22,"turns":8},{"damage":0,"enemies":"3 Cultists","floor":24,"turns":5},{"damage":10,"enemies":"Sentry and Sphere","floor":27,"turns":7},{"damage":0,"enemies":"Snake Plant","floor":28,"turns":5},{"damage":37,"enemies":"Champ","floor":33,"turns":10},{"damage":11,"enemies":"3 Darklings","floor":35,"turns":5},{"damage":0,"enemies":"Mind Bloom Boss Battle","floor":37,"turns":6},{"damage":0,"enemies":"3 Shapes","floor":38,"turns":6},{"damage":0,"enemies":"Maw","floor":42,"turns":7},{"damage":2,"enemies":"4 Shapes","floor":44,"turns":7},{"damage":0,"enemies":"Spire Growth","floor":47,"turns":6},{"damage":1,"enemies":"Donu and Deca","floor":50,"turns":9}],"seed_played":"4545224542304941676","potions_obtained":[{"floor":1,"key":"Dexterity Potion"},{"floor":2,"key":"Regen Potion"},{"floor":8,"key":"SteroidPotion"},{"floor":12,"key":"EntropicBrew"},{"floor":18,"key":"GhostInAJar"},{"floor":28,"key":"Block Potion"},{"floor":37,"key":"Dexterity Potion"}],"is_trial":false,"path_per_floor":["M","M","?","M","?","R","M","E","T","?","$","M","?","M","R","B",null,"M","?","$","$","M","R","M","R","T","M","M","?","R","$","R","B",null,"M","?","?","M","?","R","?","M","T","M","$","R","M","?","R","B",null],"character_chosen":"THE_SILENT","items_purchased":["Well Laid Plans","Adrenaline","Blur","Bouncing Flask","Block Potion","Footwork"],"campfire_rested":2,"item_purchase_floors":[11,20,20,31,31,45],"current_hp_per_floor":[55,55,41,56,38,59,59,50,50,55,55,55,55,55,55,46,68,53,53,53,53,53,53,53,53,53,43,43,43,43,43,65,28,63,52,52,52,52,52,52,52,52,52,50,50,50,50,50,50,74],"gold":29,"neow_bonus":"UPGRADE_CARD","is_prod":false,"is_daily":false,"chose_seed":false,"campfire_upgraded":7,"win_rate":0,"timestamp":1546414197,"path_taken":["M","M","?","M","?","R","M","E","T","?","$","?","?","M","R","BOSS","M","?","?","$","M","R","M","R","T","M","M","?","R","?","R","BOSS","M","?","?","M","?","R","?","M","T","M","$","R","?","?","R","BOSS"],"build_version":"2018-12-20","purchased_purges":2,"victory":true,"max_hp_per_floor":[70,70,70,70,70,70,70,70,70,75,75,75,75,75,75,75,75,75,75,75,75,75,75,75,75,75,75,75,75,75,75,75,75,75,75,75,75,75,75,75,75,75,75,75,75,75,75,75,75,75],"card_choices":[{"not_picked":["Bane","Deadly Poison"],"picked":"Poisoned Stab","floor":1},{"not_picked":["Flechettes","Cloak And Dagger"],"picked":"Leg Sweep","floor":2},{"not_picked":["Masterful Stab","Blade Dance"],"picked":"Escape Plan","floor":4},{"not_picked":["Predator","Terror"],"picked":"Bouncing Flask","floor":7},{"not_picked":["Accuracy","Slice"],"picked":"Heel Hook","floor":8},{"not_picked":["Dagger Throw","Dash"],"picked":"Dagger Spray","floor":12},{"not_picked":["Slice","Poisoned Stab","Expertise"],"picked":"SKIP","floor":14},{"not_picked":["After Image","Unload"],"picked":"Venomology","floor":16},{"not_picked":["Blade Dance+1","Dagger Spray"],"picked":"Cloak And Dagger","floor":18},{"not_picked":["Blade Dance","Outmaneuver","Deflect"],"picked":"SKIP","floor":22},{"not_picked":["Backflip","Poisoned Stab"],"picked":"Burst","floor":24},{"not_picked":["Dagger Spray","Bane","Blade Dance"],"picked":"SKIP","floor":27},{"not_picked":["Distraction","Leg Sweep","Skewer"],"picked":"SKIP","floor":28},{"not_picked":["Eviscerate"],"picked":"SKIP","floor":35},{"not_picked":["Skewer"],"picked":"SKIP","floor":38},{"not_picked":[],"picked":"Backflip+1","floor":42},{"not_picked":["Dash"],"picked":"SKIP","floor":44},{"not_picked":["Prepared"],"picked":"SKIP","floor":47}],"player_experience":312608,"relics_obtained":[{"floor":8,"key":"Thread and Needle"},{"floor":9,"key":"Gremlin Horn"},{"floor":26,"key":"Tiny Chest"},{"floor":37,"key":"Pocketwatch"},{"floor":43,"key":"Art of War"}],"event_choices":[{"damage_healed":0,"gold_gain":0,"player_choice":"Entered Light","damage_taken":14,"max_hp_gain":0,"max_hp_loss":0,"event_name":"Shining Light","floor":3,"gold_loss":0,"cards_upgraded":["Survivor","Leg Sweep"]},{"damage_healed":0,"gold_gain":0,"player_choice":"Success","damage_taken":18,"relics_obtained":["PreservedInsect"],"max_hp_gain":0,"max_hp_loss":0,"event_name":"Scrap Ooze","floor":5,"gold_loss":0},{"damage_healed":0,"gold_gain":0,"player_choice":"Donut","damage_taken":0,"max_hp_gain":5,"max_hp_loss":0,"event_name":"Big Fish","floor":10,"gold_loss":0},{"damage_healed":0,"gold_gain":0,"player_choice":"Ignored","damage_taken":0,"max_hp_gain":0,"max_hp_loss":0,"event_name":"Liars Game","floor":13,"gold_loss":0},{"damage_healed":0,"gold_gain":200,"player_choice":"Gold","damage_taken":0,"max_hp_gain":0,"max_hp_loss":0,"event_name":"Wheel of Change","floor":19,"gold_loss":0},{"damage_healed":0,"gold_gain":0,"cards_transformed":["Defend_G","Strike_G"],"player_choice":"Became Test Subject","damage_taken":0,"max_hp_gain":0,"max_hp_loss":0,"event_name":"Drug Dealer","floor":29,"gold_loss":0,"cards_obtained":["Backflip","Bullet Time"]},{"cards_removed":["Strike_G"],"damage_healed":0,"gold_gain":0,"player_choice":"Removed Attack","damage_taken":0,"max_hp_gain":0,"max_hp_loss":0,"event_name":"Falling","floor":36,"gold_loss":0},{"damage_healed":0,"gold_gain":0,"player_choice":"Fight","damage_taken":0,"max_hp_gain":0,"max_hp_loss":0,"event_name":"MindBloom","floor":37,"gold_loss":0},{"damage_healed":0,"gold_gain":0,"player_choice":"Paid","damage_taken":0,"relics_obtained":["Red Mask"],"max_hp_gain":0,"max_hp_loss":0,"event_name":"Tomb of Lord Red Mask","floor":39,"gold_loss":286},{"cards_removed":["Strike_G"],"damage_healed":0,"gold_gain":0,"player_choice":"Offered Basic","damage_taken":0,"max_hp_gain":0,"max_hp_loss":0,"event_name":"Bonfire Elementals","floor":41,"gold_loss":0},{"cards_removed":["Heel Hook"],"damage_healed":0,"gold_gain":0,"player_choice":"Gave Card","damage_taken":0,"relics_obtained":["Pantograph"],"max_hp_gain":0,"max_hp_loss":0,"event_name":"WeMeetAgain","floor":48,"gold_loss":0}],"is_beta":false,"boss_relics":[{"not_picked":["HoveringKite","Runic Pyramid"],"picked":"Ring of the Serpent"},{"not_picked":["Cursed Key","Coffee Dripper"],"picked":"Busted Crown"}],"items_purged_floors":[11,20],"is_endless":false,"potions_floor_spawned":[1,2,8,12,18,28,37,44,47],"ascension_level":10}