{"gold_per_floor":[115,115,115,128,139,65,65,78,78,91,108,123,123,136,136,231,231,244,244,260,291,37,47,59,140,140,140,140,140],"floor_reached":29,"playtime":729,"items_purged":[],"score":221,"play_id":"faa25bf8-5fc7-4b88-8e70-e87597f9760f","local_time":"20180728003459","is_ascension_mode":false,"campfire_choices":[{"data":"Noxious Fumes","floor":7,"key":"SMITH"},{"floor":13,"key":"REST"},{"floor":15,"key":"REST"},{"floor":27,"key":"REST"}],"neow_cost":"NONE","seed_source_timestamp":43306358044294,"circlet_count":0,"master_deck":["Defend_G","Defend_G","Defend_G","Defend_G","Defend_G","Strike_G","Strike_G","Strike_G","Strike_G","Survivor","Neutralize","Noxious Fumes+1","Flying Knee","Noxious Fumes+1","A Thousand Cuts","Leg Sweep","Crippling Poison","Backstab","Leg Sweep","Corpse Explosion","Dagger Spray","Deadly Poison","Dagger Spray","Crippling Poison+1"],"relics":["Velvet Choker","Boot","Runic Pyramid","Omamori","Red Mask","Ornamental Fan","Matryoshka","Juzu Bracelet","Anchor"],"potions_floor_usage":[12,16,28],"damage_taken":[{"damage":3,"enemies":"2 Louse","floor":1,"turns":2},{"damage":0,"enemies":"Small Slimes","floor":4,"turns":3},{"damage":2,"enemies":"Jaw Worm","floor":5,"turns":5},{"damage":18,"enemies":"2 Fungi Beasts","floor":8,"turns":4},{"damage":3,"enemies":"Blue Slaver","floor":10,"turns":4},{"damage":2,"enemies":"Looter","floor":11,"turns":4},{"damage":18,"enemies":"Gremlin Gang","floor":12,"turns":3},{"damage":8,"enemies":"Lots of Slimes","floor":14,"turns":2},{"damage":6,"enemies":"Slime Boss","floor":16,"turns":8},{"damage":16,"enemies":"2 Thieves","floor":18,"turns":3},{"damage":0,"enemies":"Chosen","floor":20,"turns":5},{"damage":33,"floor":21,"turns":4},{"damage":9,"enemies":"Snecko","floor":23,"turns":6},{"damage":5,"enemies":"Centurion and Healer","floor":24,"turns":2},{"damage":0,"enemies":"Slaver and Parasite","floor":28,"turns":1},{"damage":30,"enemies":"Gremlin Leader","floor":29,"turns":5}],"seed_played":"-3573067839733793710","potions_obtained":[{"floor":1,"key":"GamblersBrew"},{"floor":8,"key":"Poison Potion"},{"floor":10,"key":"SteroidPotion"},{"floor":12,"key":"SpeedPotion"},{"floor":16,"key":"SpeedPotion"},{"floor":24,"key":"SmokeBomb"}],"is_trial":false,"path_per_floor":["M","?","?","M","M","$","R","M","T","M","M","M","R","M","R","B",null,"M","T","M","?","$","M","M","T","T","R","M"],"character_chosen":"THE_SILENT","items_purchased":["A Thousand Cuts","Ornamental Fan"],"campfire_rested":3,"item_purchase_floors":[6,22],"current_hp_per_floor":[67,67,60,60,58,58,58,40,40,37,35,17,38,30,51,45,70,54,54,54,21,21,12,7,7,7,28,28,0],"gold":140,"neow_bonus":"BOSS_RELIC","is_prod":false,"is_daily":false,"chose_seed":false,"campfire_upgraded":1,"win_rate":0,"timestamp":1532703899,"path_taken":["M","?","?","M","?","$","R","M","T","M","M","M","R","?","R","BOSS","M","?","M","?","$","M","M","?","T","R","M","E"],"build_version":"2018-07-26","purchased_purges":0,"victory":false,"max_hp_per_floor":[70,70,70,70,70,70,70,70,70,70,70,70,70,70,70,70,70,70,70,70,70,70,70,70,70,70,70,70,70],"card_choices":[{"not_picked":["Prepared","Slice"],"picked":"Noxious Fumes","floor":1},{"not_picked":["Underhanded Strike","Sucker Punch"],"picked":"Flying Knee","floor":4},{"not_picked":["Choke","PiercingWail"],"picked":"Noxious Fumes","floor":5},{"not_picked":["Predator","Acrobatics"],"picked":"Leg Sweep","floor":8},{"not_picked":["Outmaneuver","Dodge and Roll"],"picked":"Crippling Poison","floor":10},{"not_picked":["Backflip","Setup","Heel Hook"],"picked":"SKIP","floor":11},{"not_picked":["Quick Slash","Acrobatics"],"picked":"Backstab","floor":12},{"not_picked":["Underhanded Strike","Choke"],"picked":"Leg Sweep","floor":14},{"not_picked":["Unload","Storm of Steel"],"picked":"Corpse Explosion","floor":16},{"not_picked":["Finisher+1","Deadly Poison"],"picked":"Dagger Spray","floor":18},{"not_picked":["Acrobatics","Leg Sweep+1"],"picked":"Deadly Poison","floor":20},{"not_picked":["Acrobatics","Deflect+1"],"picked":"Dagger Spray","floor":21},{"not_picked":["Masterful Stab","Riddle With Holes"],"picked":"Crippling Poison+1","floor":23},{"not_picked":["Dagger Throw","Cloak And Dagger","Backflip"],"picked":"SKIP","floor":24}],"player_experience":275607,"relics_obtained":[{"floor":9,"key":"Boot"},{"floor":19,"key":"Omamori"},{"floor":21,"key":"Red Mask"},{"floor":25,"key":"Matryoshka"},{"floor":26,"key":"Juzu Bracelet"},{"floor":26,"key":"Anchor"}],"event_choices":[{"event_name":"Living Wall","player_choice":"Grow","floor":2,"damage_taken":0},{"event_name":"Golden Wing","player_choice":"Card Removal","floor":3,"damage_taken":0},{"event_name":"Masked Bandits","player_choice":"Fought over 260 gold","floor":21,"damage_taken":0}],"is_beta":false,"boss_relics":[{"not_picked":["Empty Cage","Coffee Dripper"],"picked":"Runic Pyramid"}],"items_purged_floors":[],"is_endless":false,"potions_floor_spawned":[1,8,10,12,16,18,21,24],"killed_by":"Gremlin Leader","ascension_level":0}