{"gold_per_floor":[116,41,61,77,77,112,112,112,112,112,12,47,61,88,88,162,162,177,177,15,30,49,49,49,49,49,49,61,79,92,92],"floor_reached":31,"playtime":1311,"items_purged":["Parasite"],"score":485,"play_id":"c01606da-5ebd-40a0-8d3f-cb8acc42a810","local_time":"20190215162247","is_ascension_mode":true,"campfire_choices":[{"floor":8,"key":"REST"},{"floor":10,"key":"REST"},{"floor":15,"key":"REST"},{"floor":23,"key":"REST"},{"data":"Spot Weakness","floor":27,"key":"SMITH"}],"neow_cost":"CURSE","seed_source_timestamp":132054422453323,"circlet_count":0,"master_deck":["AscendersBane","Strike_R","Strike_R","Strike_R","Strike_R","Strike_R","Defend_R+1","Defend_R","Defend_R","Defend_R","Bash","Jack Of All Trades","Swift Strike","Flame Barrier","Thunderclap","Battle Trance","Feel No Pain","Parasite","Spot Weakness+1","Thunderclap","Metallicize","Demon Form","Shrug It Off","Offering+1","Shame","Shrug It Off","Cleave"],"relics":["Burning Blood","Torii","Du-Vu Doll","Bronze Scales","Oddly Smooth Stone","Lizard Tail","Pen Nib","War Paint","Ornamental Fan"],"potions_floor_usage":[16,16,29,31],"damage_taken":[{"damage":7,"enemies":"2 Louse","floor":1,"turns":3},{"damage":7,"enemies":"Jaw Worm","floor":3,"turns":5},{"damage":15,"enemies":"Small Slimes","floor":4,"turns":3},{"damage":56,"enemies":"Gremlin Nob","floor":6,"turns":5},{"damage":19,"enemies":"Lagavulin","floor":12,"turns":7},{"damage":17,"enemies":"Looter","floor":13,"turns":4},{"damage":20,"enemies":"3 Sentries","floor":14,"turns":4},{"damage":33,"enemies":"The Guardian","floor":16,"turns":15},{"damage":26,"enemies":"Shell Parasite","floor":18,"turns":6},{"damage":12,"enemies":"3 Byrds","floor":21,"turns":2},{"damage":15,"enemies":"Snake Plant","floor":22,"turns":4},{"damage":39,"enemies":"3 Cultists","floor":28,"turns":6},{"damage":36,"enemies":"Chosen and Byrds","floor":29,"turns":4},{"damage":37,"enemies":"Sentry and Sphere","floor":30,"turns":9},{"damage":21,"enemies":"Snecko","floor":31,"turns":6}],"seed_played":"-1905934099292777814","potions_obtained":[{"floor":6,"key":"Regen Potion"},{"floor":14,"key":"PowerPotion"},{"floor":16,"key":"Ancient Potion"},{"floor":18,"key":"EssenceOfSteel"}],"is_trial":false,"path_per_floor":["M","$","M","M","?","E","?","R","T","R","$","E","M","E","R","B",null,"M","?","$","M","M","R","?","?","T","R","M","M","M","M"],"character_chosen":"IRONCLAD","items_purchased":["PanicButton","Pen Nib"],"campfire_rested":4,"item_purchase_floors":[11,20],"current_hp_per_floor":[67,67,66,57,57,7,25,46,46,67,67,54,43,29,50,38,64,44,44,44,38,29,50,50,72,72,72,39,9,17,0],"gold":92,"neow_bonus":"RANDOM_COLORLESS_2","is_prod":false,"is_daily":false,"chose_seed":false,"campfire_upgraded":1,"win_rate":0,"timestamp":1550265767,"path_taken":["M","$","M","M","?","E","?","R","T","R","?","E","M","E","R","BOSS","M","?","$","M","M","R","?","?","T","R","M","M","M","M"],"build_version":"2019-01-23","purchased_purges":1,"victory":false,"max_hp_per_floor":[75,72,72,72,72,72,72,72,72,72,72,72,72,72,72,72,72,72,72,72,72,72,72,72,72,72,72,72,72,72,72],"card_choices":[{"not_picked":["Clash","Infernal Blade"],"picked":"Flame Barrier","floor":1},{"not_picked":["Reckless Charge","Pommel Strike"],"picked":"Thunderclap","floor":3},{"not_picked":["Anger","Clash"],"picked":"Battle Trance","floor":4},{"not_picked":["Entrench","Reckless Charge"],"picked":"Feel No Pain","floor":6},{"not_picked":["Sever Soul","Cleave"],"picked":"Spot Weakness","floor":12},{"not_picked":["Perfected Strike","Sentinel"],"picked":"Thunderclap","floor":13},{"not_picked":["Feel No Pain","Blood for Blood"],"picked":"Metallicize","floor":14},{"not_picked":["Brutality","Offering"],"picked":"Demon Form","floor":16},{"not_picked":["Perfected Strike","Iron Wave"],"picked":"Shrug It Off","floor":18},{"not_picked":["Reckless Charge+1","Power Through"],"picked":"Offering","floor":21},{"not_picked":["Second Wind","Whirlwind","Wild Strike"],"picked":"SKIP","floor":22},{"not_picked":["Anger","Dropkick","Perfected Strike"],"picked":"SKIP","floor":28},{"not_picked":["Armaments","Pommel Strike"],"picked":"Shrug It Off","floor":29},{"not_picked":["Dual Wield","Iron Wave"],"picked":"Cleave","floor":30}],"player_experience":2449282,"relics_obtained":[{"floor":6,"key":"Torii"},{"floor":9,"key":"Du-Vu Doll"},{"floor":12,"key":"Bronze Scales"},{"floor":14,"key":"Oddly Smooth Stone"},{"floor":26,"key":"Ornamental Fan"}],"event_choices":[{"damage_healed":0,"gold_gain":0,"player_choice":"Ignored","damage_taken":0,"max_hp_gain":0,"max_hp_loss":0,"event_name":"Shining Light","floor":5,"gold_loss":0},{"damage_healed":18,"gold_gain":0,"player_choice":"Healed and dodged fight","damage_taken":0,"max_hp_gain":0,"max_hp_loss":0,"event_name":"Mushrooms","floor":7,"gold_loss":0,"cards_obtained":["Parasite"]},{"damage_healed":0,"gold_gain":0,"player_choice":"Ignored","damage_taken":0,"max_hp_gain":0,"max_hp_loss":0,"event_name":"Ghosts","floor":19,"gold_loss":0},{"damage_healed":0,"gold_gain":0,"player_choice":"Stole Relic","damage_taken":0,"relics_obtained":["War Paint"],"max_hp_gain":0,"max_hp_loss":0,"event_name":"Addict","floor":24,"gold_loss":0,"cards_obtained":["Shame"]},{"cards_removed":["PanicButton"],"damage_healed":22,"gold_gain":0,"player_choice":"Offered Uncommon","damage_taken":0,"max_hp_gain":0,"max_hp_loss":0,"event_name":"Bonfire Elementals","floor":25,"gold_loss":0}],"is_beta":false,"boss_relics":[{"not_picked":["Black Star","Orrery"],"picked":"Lizard Tail"}],"items_purged_floors":[2],"is_endless":false,"potions_floor_spawned":[6,14,16,18,22,28],"killed_by":"Snecko","ascension_level":18}