{"gold_per_floor":[144,189,137,137,182,272,272,317,317,419,476,488,545,557,569,881,893,950,1007,1019,1076,1133,1235,1247,1304,1341,1443,1455,1512,1614,1671,1683,1995,2007,2064,2076,1563,1608,1108,1153,1198,1198,1223,1253,1298,1343,643,688,688,688],"floor_reached":51,"playtime":1388,"items_purged":[],"score":850,"play_id":"166cb7ad-2f23-4ee8-abb3-ad20efc9c251","local_time":"20180905123621","daily_mods":["Heirloom","Midas","Lethality"],"is_ascension_mode":false,"campfire_choices":[{"floor":7,"key":"REST"},{"floor":12,"key":"REST"},{"floor":15,"key":"REST"},{"floor":24,"key":"REST"},{"floor":32,"key":"REST"},{"floor":42,"key":"REST"},{"floor":49,"key":"REST"}],"neow_cost":"","seed_source_timestamp":0,"circlet_count":0,"master_deck":["Strike_R","Strike_R","Defend_R+1","Defend_R","Defend_R","Defend_R","Bash","Twin Strike","True Grit+1","Armaments","Twin Strike","Shrug It Off","Twin Strike","Uppercut","Headbutt","Immolate","Armaments+1","Heavy Blade+1","Anger","Shrug It Off+1","Headbutt","Spot Weakness+1","Whirlwind","Flame Barrier+1","Immolate","Battle Trance","Armaments+1","Flame Barrier","Sword Boomerang","Body Slam+1","Offering+1","Flex+1","Infernal Blade+1"],"special_seed":17779,"relics":["Burning Blood","Incense Burner","Strawberry","MawBank","StoneCalendar","Bag of Marbles","Sozu","Calipers","Happy Flower","War Paint","MutagenicStrength","Mercury Hourglass","Empty Cage","DollysMirror","Ornamental Fan","Gambling Chip","ClockworkSouvenir","Anchor","Mango","Toxic Egg 2","TheAbacus","Tiny Chest"],"potions_floor_usage":[10,16,50],"damage_taken":[{"damage":0,"enemies":"Cultist","floor":1,"turns":2},{"damage":3,"enemies":"Small Slimes","floor":2,"turns":3},{"damage":0,"enemies":"2 Louse","floor":5,"turns":2},{"damage":14,"enemies":"Lagavulin","floor":6,"turns":6},{"damage":0,"enemies":"Exordium Wildlife","floor":8,"turns":2},{"damage":19,"enemies":"3 Sentries","floor":10,"turns":5},{"damage":6,"enemies":"Red Slaver","floor":11,"turns":2},{"damage":1,"enemies":"Exordium Thugs","floor":13,"turns":3},{"damage":0,"enemies":"Slime Boss","floor":16,"turns":5},{"damage":0,"enemies":"Spheric Guardian","floor":18,"turns":2},{"damage":12,"enemies":"3 Byrds","floor":19,"turns":3},{"damage":0,"enemies":"Snake Plant","floor":21,"turns":2},{"damage":18,"enemies":"3 Cultists","floor":22,"turns":3},{"damage":20,"enemies":"Slavers","floor":23,"turns":3},{"damage":18,"enemies":"Centurion and Healer","floor":25,"turns":4},{"damage":10,"enemies":"Book of Stabbing","floor":27,"turns":3},{"damage":0,"enemies":"Snecko","floor":29,"turns":2},{"damage":3,"enemies":"Gremlin Leader","floor":30,"turns":3},{"damage":12,"enemies":"3 Cultists","floor":31,"turns":4},{"damage":74,"enemies":"Automaton","floor":33,"turns":8},{"damage":4,"enemies":"Orb Walker","floor":35,"turns":2},{"damage":0,"enemies":"3 Darklings","floor":38,"turns":1},{"damage":25,"enemies":"4 Shapes","floor":40,"turns":3},{"damage":22,"enemies":"Maw","floor":41,"turns":5},{"damage":2,"enemies":"Mysterious Sphere","floor":44,"turns":2},{"damage":0,"enemies":"Spire Growth","floor":45,"turns":2},{"damage":0,"enemies":"Reptomancer","floor":46,"turns":2},{"damage":6,"enemies":"Sphere and 2 Shapes","floor":48,"turns":2},{"damage":66,"enemies":"Awakened One","floor":50,"turns":8}],"seed_played":"-4275745277921961061","potions_obtained":[{"floor":1,"key":"Fire Potion"},{"floor":10,"key":"FearPotion"},{"floor":13,"key":"Poison Potion"}],"is_trial":false,"path_per_floor":["M","M","$","$","M","E","R","M","T","E","M","R","M","?","R","B",null,"M","M","?","M","M","E","R","M","T","E","?","M","E","M","R","B",null,"M","?","$","M","$","M","M","R","T","?","M","M","$","M","R","B"],"character_chosen":"IRONCLAD","items_purchased":["True Grit","DollysMirror","Ornamental Fan","Flame Barrier","Gambling Chip","ClockworkSouvenir","Toxic Egg 2","Offering+1","TheAbacus","Tiny Chest","Flex+1"],"campfire_rested":7,"item_purchase_floors":[3,37,37,37,39,39,47,47,47,47,47],"current_hp_per_floor":[80,80,80,80,80,79,87,87,87,74,74,87,87,87,87,87,87,87,81,81,87,75,61,87,75,75,71,71,77,80,74,87,19,87,87,87,87,87,87,68,52,78,78,96,101,101,101,101,101,41],"gold":688,"neow_bonus":"","is_prod":false,"is_daily":true,"chose_seed":false,"campfire_upgraded":0,"win_rate":0,"timestamp":1536143781,"path_taken":["M","M","?","$","M","E","R","M","T","E","M","R","?","?","R","BOSS","M","M","?","M","M","E","R","M","T","E","?","M","E","?","R","BOSS","M","?","$","M","$","M","M","R","T","?","M","M","$","M","R","BOSS"],"build_version":"2018-08-30","purchased_purges":0,"victory":true,"max_hp_per_floor":[80,80,80,80,80,87,87,87,87,87,87,87,87,87,87,87,87,87,87,87,87,87,87,87,87,87,87,87,87,87,87,87,87,87,87,87,87,87,87,87,87,87,87,101,101,101,101,101,101,101],"card_choices":[{"not_picked":["Searing Blow","Combust"],"picked":"Hemokinesis","floor":1},{"not_picked":["Burning Pact","Warcry"],"picked":"Twin Strike","floor":2},{"not_picked":["Body Slam","Heavy Blade"],"picked":"Armaments","floor":5},{"not_picked":["True Grit","Dark Embrace"],"picked":"Twin Strike","floor":6},{"not_picked":["Cleave","Perfected Strike"],"picked":"Shrug It Off","floor":8},{"not_picked":["Headbutt","Thunderclap"],"picked":"Twin Strike","floor":10},{"not_picked":["Cleave","Exhume"],"picked":"Uppercut","floor":11},{"not_picked":["Iron Wave","Fire Breathing"],"picked":"Headbutt","floor":13},{"not_picked":["Brutality","Impervious"],"picked":"Immolate","floor":16},{"not_picked":["Sword Boomerang+1","Infernal Blade"],"picked":"Armaments+1","floor":18},{"not_picked":["Disarm+1","Havoc"],"picked":"Heavy Blade+1","floor":19},{"not_picked":["Iron Wave","Shockwave"],"picked":"Shrug It Off+1","floor":21},{"not_picked":["Searing Blow","Entrench","Cleave"],"picked":"SKIP","floor":22},{"not_picked":["Berserk","Burning Pact"],"picked":"Headbutt","floor":23},{"not_picked":["Havoc+1","Flex"],"picked":"Spot Weakness+1","floor":25},{"not_picked":["Impervious","Uppercut"],"picked":"Whirlwind","floor":27},{"not_picked":["True Grit","Clash","Body Slam"],"picked":"SKIP","floor":29},{"not_picked":["Brutality","Uppercut","Sever Soul+1"],"picked":"SKIP","floor":30},{"not_picked":["Inflame","Rage+1"],"picked":"Flame Barrier+1","floor":31},{"not_picked":["Barricade","Dark Embrace"],"picked":"Immolate","floor":33},{"not_picked":["Reckless Charge","Warcry"],"picked":"Battle Trance","floor":35},{"not_picked":["Thunderclap+1","Clash+1"],"picked":"Sword Boomerang","floor":38},{"not_picked":["Twin Strike","Armaments+1","True Grit+1"],"picked":"SKIP","floor":40},{"not_picked":["Pommel Strike","Clash"],"picked":"Body Slam+1","floor":41},{"not_picked":["Second Wind+1","Rage+1","Combust+1"],"picked":"SKIP","floor":45},{"not_picked":["Clash","Rage+1","Warcry"],"picked":"SKIP","floor":46},{"not_picked":["True Grit+1","Inflame"],"picked":"Infernal Blade+1","floor":48}],"player_experience":1398359,"relics_obtained":[{"floor":6,"key":"Strawberry"},{"floor":9,"key":"MawBank"},{"floor":10,"key":"StoneCalendar"},{"floor":23,"key":"Calipers"},{"floor":26,"key":"Happy Flower"},{"floor":27,"key":"War Paint"},{"floor":30,"key":"Mercury Hourglass"},{"floor":43,"key":"Anchor"},{"floor":44,"key":"Mango"}],"event_choices":[{"event_name":"WeMeetAgain","player_choice":"Card","floor":14,"damage_taken":0},{"event_name":"Transmorgrifier","player_choice":"Transform","floor":20,"damage_taken":0},{"event_name":"Drug Dealer","player_choice":"Inject Mutagens","floor":28,"damage_taken":0},{"event_name":"Tomb of Lord Red Mask","player_choice":"Ignored","floor":36,"damage_taken":0},{"event_name":"Mysterious Sphere","player_choice":"Fight","floor":44,"damage_taken":0}],"is_beta":false,"boss_relics":[{"not_picked":["Tiny House","Lizard Tail"],"picked":"Sozu"},{"not_picked":["Busted Crown","Runic Cube"],"picked":"Empty Cage"}],"items_purged_floors":[],"is_endless":false,"potions_floor_spawned":[1,10,13,19,22,25,33,40,44,46],"ascension_level":0}