{"path_per_floor":["M","?","?","?","M","M","?","R","T","M","E","R","E","T","R"],"character_chosen":"IRONCLAD","items_purchased":[],"gold_per_floor":[116,291,291,291,301,313,313,313,313,325,351,351,378,378,378,378],"floor_reached":16,"campfire_rested":2,"playtime":476,"item_purchase_floors":[],"current_hp_per_floor":[80,80,80,73,79,80,80,80,80,65,44,68,27,27,51,0],"items_purged":[],"gold":378,"score":119,"play_id":"f106b5df-5527-436f-9981-596f0cbad620","local_time":"20180608152909","is_prod":false,"is_daily":false,"chose_seed":false,"is_ascension_mode":true,"campfire_upgraded":1,"win_rate":0,"timestamp":1528486149,"campfire_choices":[{"data":"Second Wind","floor":8,"key":"SMITH"},{"floor":12,"key":"REST"},{"floor":15,"key":"REST"}],"path_taken":["M","?","?","?","M","?","?","R","T","M","E","R","E","?","R","BOSS"],"build_version":"2018-06-07","seed_source_timestamp":160054694924834,"purchased_purges":0,"victory":false,"master_deck":["Strike_R","Strike_R","Strike_R","Strike_R","Strike_R","Defend_R","Defend_R","Defend_R","Bash","Cleave","Bloodletting","Second Wind+1","Cleave","Rupture","Fiend Fire","Rampage"],"max_hp_per_floor":[80,80,80,80,80,80,80,80,80,80,80,80,80,80,80,80],"relics":["Burning Blood","NeowsBlessing","Potion Belt","Blood Vial","Peace Pipe","Letter Opener"],"card_choices":[{"not_picked":["Armaments","Havoc"],"picked":"Cleave","floor":1},{"not_picked":["Havoc","Clash"],"picked":"Second Wind","floor":5},{"not_picked":["Corruption","Clothesline"],"picked":"Cleave","floor":6},{"not_picked":["Whirlwind","Power Through"],"picked":"Rupture","floor":10},{"not_picked":["Bloodletting","Carnage"],"picked":"Fiend Fire","floor":11},{"not_picked":["True Grit","Clash"],"picked":"Rampage","floor":13}],"player_experience":429277,"potions_floor_usage":[11,13],"damage_taken":[{"damage":0,"enemies":"Small Slimes","floor":1,"turns":1},{"damage":0,"enemies":"2 Louse","floor":5,"turns":1},{"damage":0,"enemies":"Cultist","floor":6,"turns":1},{"damage":21,"enemies":"Exordium Thugs","floor":10,"turns":2},{"damage":27,"enemies":"3 Sentries","floor":11,"turns":6},{"damage":61,"enemies":"Lagavulin","floor":13,"turns":8},{"damage":56,"enemies":"The Guardian","floor":16,"turns":6}],"relics_obtained":[{"floor":9,"key":"Potion Belt"},{"floor":11,"key":"Blood Vial"},{"floor":13,"key":"Peace Pipe"},{"floor":14,"key":"Letter Opener"}],"event_choices":[{"event_name":"Liars Game","player_choice":"agreed","floor":2,"damage_taken":0},{"event_name":"Transmorgrifier","player_choice":"Transform","floor":3,"damage_taken":0},{"event_name":"Golden Wing","player_choice":"Card Removal","floor":4,"damage_taken":0},{"event_name":"The Woman in Blue","player_choice":"Bought 0 Potions","floor":7,"damage_taken":0}],"boss_relics":[],"items_purged_floors":[],"potions_floor_spawned":[5,10,11],"seed_played":"-2048910580798095502","killed_by":"The Guardian","ascension_level":2,"potions_obtained":[{"floor":5,"key":"PowerPotion"},{"floor":11,"key":"Regen Potion"}],"is_trial":false}