{"gold_per_floor":[112,112,112,128,140,140,154,173,173,193,118,118,128,128,128,233,233,223,223,100,100,110,110,128,128,128,146,159,159,159,176,176,277,327,346,358,35,135,135,135,161,141,141,155,171,171,183,194,194,194],"floor_reached":50,"playtime":4390,"items_purged":["Defend_G","Strike_G","Strike_G"],"score":520,"play_id":"e39664e3-b49a-46fc-ae9b-e7b476a0364d","local_time":"20181122231005","is_ascension_mode":false,"campfire_choices":[{"floor":6,"key":"REST"},{"floor":15,"key":"REST"},{"floor":23,"key":"REST"},{"floor":30,"key":"REST"},{"floor":32,"key":"REST"},{"floor":40,"key":"REST"},{"floor":49,"key":"REST"}],"neow_cost":"NONE","seed_source_timestamp":968693468433032,"circlet_count":0,"master_deck":["Defend_G","Defend_G","Defend_G","Defend_G","Strike_G","Strike_G","Strike_G","Survivor","Neutralize+1","Dash+1","Dash","Distraction","RitualDagger","Flying Knee","Terror","Poisoned Stab+1","Unload","Skewer","RitualDagger","Malaise","Endless Agony+1","Parasite","Bouncing Flask+1","Parasite","Bouncing Flask+1"],"relics":["Fusion Hammer","Ancient Tea Set","Happy Flower","Lizard Tail","Enchiridion","Lantern","Tiny House","DollysMirror","The Specimen","Toxic Egg 2","Girya"],"potions_floor_usage":[7,16,24,33,33,41,46,47,48,50],"damage_taken":[{"damage":0,"enemies":"Small Slimes","floor":1,"turns":4},{"damage":0,"enemies":"2 Louse","floor":4,"turns":3},{"damage":1,"enemies":"Jaw Worm","floor":5,"turns":4},{"damage":9,"enemies":"Gremlin Gang","floor":7,"turns":5},{"damage":3,"enemies":"Red Slaver","floor":8,"turns":5},{"damage":0,"enemies":"Blue Slaver","floor":10,"turns":4},{"damage":0,"enemies":"3 Louse","floor":13,"turns":4},{"damage":42,"enemies":"Hexaghost","floor":16,"turns":9},{"damage":2,"enemies":"2 Thieves","floor":18,"turns":4},{"damage":16,"enemies":"Spheric Guardian","floor":22,"turns":5},{"damage":8,"enemies":"Shelled Parasite and Fungi","floor":24,"turns":5},{"damage":4,"enemies":"Centurion and Healer","floor":27,"turns":5},{"damage":11,"enemies":"Cultist and Chosen","floor":28,"turns":5},{"damage":0,"enemies":"3 Cultists","floor":31,"turns":3},{"damage":57,"enemies":"Collector","floor":33,"turns":12},{"damage":1,"enemies":"3 Shapes","floor":35,"turns":4},{"damage":6,"enemies":"Orb Walker","floor":36,"turns":3},{"damage":0,"enemies":"Mind Bloom Boss Battle","floor":38,"turns":2},{"damage":40,"enemies":"Giant Head","floor":41,"turns":9},{"damage":15,"enemies":"Writhing Mass","floor":44,"turns":6},{"damage":24,"enemies":"Maw","floor":45,"turns":7},{"damage":0,"enemies":"3 Darklings","floor":46,"turns":1},{"damage":9,"enemies":"Writhing Mass","floor":47,"turns":5},{"damage":34,"enemies":"Sphere and 2 Shapes","floor":48,"turns":8},{"damage":59,"enemies":"Donu and Deca","floor":50,"turns":6}],"seed_played":"-4937829908193232870","potions_obtained":[{"floor":1,"key":"Regen Potion"},{"floor":8,"key":"Explosive Potion"},{"floor":13,"key":"SkillPotion"},{"floor":28,"key":"Dexterity Potion"},{"floor":31,"key":"Weak Potion"},{"floor":33,"key":"Energy Potion"},{"floor":34,"key":"Ancient Potion"},{"floor":41,"key":"Ancient Potion"},{"floor":42,"key":"SmokeBomb"},{"floor":45,"key":"SkillPotion"},{"floor":47,"key":"Regen Potion"}],"is_trial":false,"path_per_floor":["M","?","?","M","M","R","M","M","T","M","$","?","M","$","R","B",null,"M","?","$","?","M","R","M","$","T","M","M","?","R","M","R","B",null,"M","M","$","?","?","R","E","?","T","M","M","M","M","M","R","B"],"character_chosen":"THE_SILENT","items_purchased":["Flying Knee","DollysMirror"],"campfire_rested":7,"item_purchase_floors":[20,37],"current_hp_per_floor":[70,75,75,75,74,75,75,72,72,72,72,65,65,65,75,33,75,73,67,67,51,35,57,49,49,49,45,34,20,44,44,68,11,85,84,78,78,78,78,85,45,45,45,30,6,6,42,23,48,0],"gold":194,"neow_bonus":"BOSS_RELIC","is_prod":false,"is_daily":false,"chose_seed":false,"campfire_upgraded":0,"win_rate":0.0,"timestamp":1542895805,"path_taken":["M","?","?","?","M","R","?","M","T","M","?","?","M","$","R","BOSS","M","?","$","?","M","R","M","?","T","M","?","?","R","M","R","BOSS","M","M","$","?","?","R","E","?","T","M","M","?","M","M","R","BOSS"],"build_version":"2018-11-15","purchased_purges":3,"victory":false,"max_hp_per_floor":[70,75,75,75,75,75,75,75,75,75,75,75,75,75,75,75,75,75,75,75,75,75,75,75,75,75,75,75,80,80,80,80,80,85,85,85,85,85,85,85,85,85,85,85,85,85,85,85,85,85],"card_choices":[{"not_picked":["Riddle With Holes","Slice"],"picked":"Dash","floor":1},{"not_picked":["Slice","Prepared","Blade Dance"],"picked":"SKIP","floor":4},{"not_picked":["Underhanded Strike","Acrobatics","Prepared"],"picked":"SKIP","floor":5},{"not_picked":["Leg Sweep","Blur"],"picked":"Dash","floor":7},{"not_picked":["Outmaneuver","Choke","Deadly Poison"],"picked":"SKIP","floor":8},{"not_picked":["Dodge and Roll","Reflex","Poisoned Stab"],"picked":"SKIP","floor":10},{"not_picked":["Reflex","Choke","Bane"],"picked":"SKIP","floor":13},{"not_picked":["Slice","Flying Knee"],"picked":"Distraction","floor":18},{"not_picked":["Poisoned Stab","Blade Dance+1"],"picked":"Terror","floor":22},{"not_picked":["Terror","Quick Slash+1","Flying Knee"],"picked":"SKIP","floor":24},{"not_picked":["Flying Knee","Dagger Spray","Deadly Poison"],"picked":"SKIP","floor":27},{"not_picked":["Choke","Infinite Blades"],"picked":"Poisoned Stab+1","floor":28},{"not_picked":["Caltrops+1","Distraction","Quick Slash"],"picked":"SKIP","floor":31},{"not_picked":["After Image","Night Terror"],"picked":"Unload","floor":33},{"not_picked":["Leg Sweep","Backflip"],"picked":"Skewer","floor":35},{"not_picked":["Expertise","Flying Knee","Escape Plan"],"picked":"SKIP","floor":36},{"not_picked":["PiercingWail","Flying Knee"],"picked":"Malaise","floor":38},{"not_picked":["Eviscerate","Flechettes+1"],"picked":"Endless Agony+1","floor":41},{"not_picked":["Dodge and Roll+1","Deadly Poison+1"],"picked":"Bouncing Flask+1","floor":44},{"not_picked":["Backflip+1","Distraction+1","Deflect+1"],"picked":"SKIP","floor":45},{"not_picked":["Escape Plan+1","A Thousand Cuts","Blur+1"],"picked":"SKIP","floor":47},{"not_picked":["Quick Slash+1","Slice"],"picked":"Bouncing Flask+1","floor":48}],"player_experience":13677,"relics_obtained":[{"floor":9,"key":"Ancient Tea Set"},{"floor":21,"key":"Enchiridion"},{"floor":26,"key":"Lantern"},{"floor":38,"key":"The Specimen"},{"floor":41,"key":"Toxic Egg 2"},{"floor":43,"key":"Girya"}],"event_choices":[{"damage_healed":0,"gold_gain":0,"player_choice":"Donut","damage_taken":0,"max_hp_gain":5,"max_hp_loss":0,"event_name":"Big Fish","floor":2,"gold_loss":0},{"damage_healed":0,"gold_gain":0,"player_choice":"Grow","damage_taken":0,"max_hp_gain":0,"max_hp_loss":0,"event_name":"Living Wall","floor":3,"gold_loss":0,"cards_upgraded":["Dash"]},{"damage_healed":0,"gold_gain":0,"player_choice":"Success","damage_taken":7,"relics_obtained":["Happy Flower"],"max_hp_gain":0,"max_hp_loss":0,"event_name":"Scrap Ooze","floor":12,"gold_loss":0},{"damage_healed":0,"gold_gain":0,"player_choice":"Joined the Cult","damage_taken":6,"max_hp_gain":0,"max_hp_loss":0,"event_name":"Nest","floor":19,"gold_loss":0,"cards_obtained":["RitualDagger"]},{"damage_healed":0,"gold_gain":0,"player_choice":"Obtained Book","damage_taken":16,"max_hp_gain":0,"max_hp_loss":0,"event_name":"Cursed Tome","floor":21,"gold_loss":0},{"damage_healed":0,"gold_gain":0,"player_choice":"Shed Blood","damage_taken":19,"max_hp_gain":5,"max_hp_loss":0,"event_name":"Forgotten Altar","floor":29,"gold_loss":0},{"damage_healed":0,"gold_gain":0,"player_choice":"Fight","damage_taken":0,"max_hp_gain":0,"max_hp_loss":0,"event_name":"MindBloom","floor":38,"gold_loss":0},{"damage_healed":0,"gold_gain":0,"player_choice":"Memory 1","damage_taken":0,"max_hp_gain":0,"max_hp_loss":0,"event_name":"SensoryStone","floor":39,"gold_loss":0},{"damage_healed":0,"gold_gain":0,"player_choice":"Bought 1 Potion","damage_taken":0,"max_hp_gain":0,"max_hp_loss":0,"event_name":"The Woman in Blue","floor":42,"gold_loss":0}],"is_beta":false,"boss_relics":[{"not_picked":["Philosopher\u0027s Stone","HoveringKite"],"picked":"Lizard Tail"},{"not_picked":["WristBlade","Sozu"],"picked":"Tiny House"}],"items_purged_floors":[11,20,37],"is_endless":false,"potions_floor_spawned":[1,8,13,28,31,33,41,44,45,47],"killed_by":"Donu and Deca","ascension_level":0}