{"gold_per_floor":[115,65,75,86,99,134,179,193,273,273,307,307,115,115,115,213,213,227,326,326,337,337,337,351,364,364,364,384,5,5,105,105,209,209,229,242,290,290,73,73,98,110,122,149,177,0,32,44,56,68,80,92,7,40,40],"floor_reached":55,"playtime":3588,"items_purged":["Strike_B","Defend_B"],"score":785,"play_id":"ad0ec85b-7361-43e6-a680-b1c5f2884328","local_time":"20181126032042","is_ascension_mode":false,"campfire_choices":[{"data":"Genetic Algorithm","floor":10,"key":"SMITH"},{"data":"Zap","floor":12,"key":"SMITH"},{"floor":15,"key":"REST"},{"data":"Echo Form","floor":23,"key":"SMITH"},{"floor":27,"key":"REST"},{"data":"Go for the Eyes","floor":30,"key":"SMITH"},{"floor":32,"key":"RECALL"},{"data":"Defragment","floor":40,"key":"SMITH"},{"data":"Static Discharge","floor":42,"key":"SMITH"},{"data":"Dualcast","floor":49,"key":"SMITH"},{"data":"Glacier","floor":52,"key":"SMITH"}],"neow_cost":"NONE","seed_source_timestamp":1243244766823452,"circlet_count":0,"master_deck":["Strike_B","Strike_B","Strike_B","Defend_B+1","Zap+1","Dualcast+1","Reinforced Body+1","Go for the Eyes+1","Capacitor","Conserve Battery+1","Genetic Algorithm+1","Glacier+1","Ball Lightning","Tempest","Static Discharge+1","Echo Form+1","Capacitor","Electrodynamics","Self Repair","Amplify","Defragment+1","Redo+1"],"relics":["Cracked Core","Dodecahedron","Bronze Scales","Mummified Hand","Juzu Bracelet","Nuclear Battery","MutagenicStrength","FossilizedHelix","Kunai","Runic Pyramid","Incense Burner","Ancient Tea Set","MawBank","Red Mask","Shovel"],"potions_floor_usage":[6,6,6,11,21,33,33,41,54,54,55],"damage_taken":[{"damage":3,"enemies":"Small Slimes","floor":1,"turns":3},{"damage":0,"enemies":"Jaw Worm","floor":3,"turns":3},{"damage":0,"enemies":"Cultist","floor":4,"turns":3},{"damage":5,"enemies":"Looter","floor":5,"turns":4},{"damage":10,"enemies":"Lagavulin","floor":6,"turns":6},{"damage":11,"enemies":"3 Louse","floor":8,"turns":3},{"damage":10,"enemies":"3 Sentries","floor":11,"turns":7},{"damage":11,"enemies":"Slime Boss","floor":16,"turns":10},{"damage":20,"enemies":"2 Thieves","floor":18,"turns":3},{"damage":1,"enemies":"Chosen","floor":21,"turns":4},{"damage":14,"enemies":"Centurion and Healer","floor":24,"turns":11},{"damage":23,"enemies":"3 Cultists","floor":25,"turns":5},{"damage":10,"enemies":"Shelled Parasite and Fungi","floor":28,"turns":6},{"damage":0,"enemies":"Champ","floor":33,"turns":11},{"damage":0,"enemies":"3 Darklings","floor":35,"turns":3},{"damage":0,"enemies":"3 Shapes","floor":36,"turns":2},{"damage":28,"enemies":"2 Orb Walkers","floor":37,"turns":4},{"damage":31,"enemies":"Reptomancer","floor":41,"turns":5},{"damage":0,"enemies":"Maw","floor":44,"turns":9},{"damage":0,"enemies":"3 Darklings","floor":45,"turns":5},{"damage":12,"enemies":"Transient","floor":47,"turns":5},{"damage":17,"enemies":"Time Eater","floor":50,"turns":12},{"damage":0,"enemies":"Shield and Spear","floor":54,"turns":5},{"damage":71,"enemies":"The Heart","floor":55,"turns":5}],"seed_played":"-5707880877007714254","potions_obtained":[{"floor":0,"key":"FearPotion"},{"floor":0,"key":"PowerPotion"},{"floor":0,"key":"SneckoOil"},{"floor":5,"key":"Weak Potion"},{"floor":8,"key":"Explosive Potion"},{"floor":16,"key":"Regen Potion"},{"floor":24,"key":"FocusPotion"},{"floor":25,"key":"Weak Potion"},{"floor":28,"key":"SteroidPotion"},{"floor":36,"key":"Strength Potion"},{"floor":37,"key":"Swift Potion"},{"floor":41,"key":"FocusPotion"}],"is_trial":false,"path_per_floor":["M","?","M","M","M","E","T","M","T","R","E","R","$","?","R","B",null,"M","?","?","M","?","R","M","M","T","R","M","$","R","?","R","B",null,"M","M","?","?","$","R","E","R","T","M","M","?","M","?","R","B",null,"R","$","E","B"],"character_chosen":"DEFECT","items_purchased":["Tempest","Static Discharge","Self Repair","Kunai","Defragment","Ancient Tea Set","SkillPotion","Swift Potion"],"campfire_rested":2,"item_purchase_floors":[13,13,29,29,39,39,53,53],"current_hp_per_floor":[72,72,72,72,67,57,57,46,46,46,36,36,36,21,43,32,75,55,55,55,63,63,63,49,26,26,48,38,38,38,38,38,45,75,75,75,61,61,61,61,37,37,37,44,58,58,53,53,53,43,71,71,71,71,0],"gold":40,"neow_bonus":"THREE_SMALL_POTIONS","is_prod":false,"is_daily":false,"chose_seed":false,"campfire_upgraded":8,"win_rate":0,"timestamp":1543170042,"path_taken":["M","?","M","M","M","E","?","M","T","R","E","R","$","?","R","BOSS","M","?","?","M","?","R","M","M","T","R","M","$","R","?","R","BOSS","M","M","?","?","?","R","E","R","T","M","M","?","M","?","R","BOSS","R","$","E","BOSS"],"build_version":"2018-11-15","purchased_purges":2,"victory":false,"max_hp_per_floor":[75,75,75,75,75,75,75,75,75,75,75,75,75,75,75,75,75,75,75,75,75,75,75,75,75,75,75,75,75,75,75,75,75,75,75,75,75,75,75,75,75,75,75,75,75,75,75,71,71,71,71,71,71,71,71],"card_choices":[{"not_picked":["Conserve Battery","Gash"],"picked":"Reinforced Body","floor":1},{"not_picked":["Barrage","Leap"],"picked":"Go for the Eyes","floor":3},{"not_picked":["Beam Cell","Turbo"],"picked":"Capacitor","floor":4},{"not_picked":["Amplify","Rip and Tear"],"picked":"Conserve Battery","floor":5},{"not_picked":["Leap","Go for the Eyes"],"picked":"Genetic Algorithm","floor":6},{"not_picked":["Static Discharge","Aggregate"],"picked":"Glacier","floor":8},{"not_picked":["Compile Driver","Redo"],"picked":"Ball Lightning","floor":11},{"not_picked":["Machine Learning","Core Surge"],"picked":"Echo Form","floor":16},{"not_picked":["Hologram","Barrage"],"picked":"Capacitor","floor":18},{"not_picked":["Compile Driver","Doom and Gloom","Stack"],"picked":"SKIP","floor":21},{"not_picked":["Gash","Hologram","Conserve Battery"],"picked":"SKIP","floor":24},{"not_picked":["Leap","Gash","Turbo"],"picked":"SKIP","floor":25},{"not_picked":["Leap+1","Reinforced Body"],"picked":"Electrodynamics","floor":28},{"not_picked":["Thunder Strike","Multi-Cast"],"picked":"Amplify","floor":33},{"not_picked":["Rip and Tear","Genetic Algorithm+1","Steam+1"],"picked":"SKIP","floor":35},{"not_picked":["Fusion","Beam Cell","Stack+1"],"picked":"SKIP","floor":36},{"not_picked":["Electrodynamics","Blizzard+1","Leap"],"picked":"SKIP","floor":41},{"not_picked":["Chaos+1","Darkness+1"],"picked":"Redo+1","floor":44},{"not_picked":["Self Repair","Storm","Compile Driver+1"],"picked":"SKIP","floor":45},{"not_picked":["Redo+1","Turbo+1","Compile Driver"],"picked":"SKIP","floor":47},{"not_picked":["Heatsinks","Scrape","Steam+1"],"picked":"SKIP","floor":54}],"player_experience":53617,"relics_obtained":[{"floor":6,"key":"Dodecahedron"},{"floor":7,"key":"Bronze Scales"},{"floor":9,"key":"Mummified Hand"},{"floor":11,"key":"Juzu Bracelet"},{"floor":26,"key":"FossilizedHelix"},{"floor":37,"key":"Incense Burner"},{"floor":41,"key":"MawBank"},{"floor":54,"key":"Shovel"}],"event_choices":[{"cards_removed":["Defend_B"],"damage_healed":0,"gold_gain":0,"player_choice":"Card Removal","damage_taken":0,"max_hp_gain":0,"max_hp_loss":0,"event_name":"The Cleric","floor":2,"gold_loss":50},{"damage_healed":0,"gold_gain":0,"player_choice":"Entered Light","damage_taken":15,"max_hp_gain":0,"max_hp_loss":0,"event_name":"Shining Light","floor":14,"gold_loss":0,"cards_upgraded":["Defend_B","Conserve Battery"]},{"damage_healed":0,"gold_gain":99,"player_choice":"Stole From Cult","damage_taken":0,"max_hp_gain":0,"max_hp_loss":0,"event_name":"Nest","floor":19,"gold_loss":0},{"cards_removed":["Defend_B"],"damage_healed":0,"gold_gain":0,"player_choice":"Elegance","damage_taken":0,"max_hp_gain":0,"max_hp_loss":0,"event_name":"Back to Basics","floor":20,"gold_loss":0},{"damage_healed":0,"gold_gain":0,"player_choice":"Inject Mutagens","damage_taken":0,"relics_obtained":["MutagenicStrength"],"max_hp_gain":0,"max_hp_loss":0,"event_name":"Drug Dealer","floor":22,"gold_loss":0},{"damage_healed":0,"gold_gain":100,"player_choice":"Pray","damage_taken":0,"max_hp_gain":0,"max_hp_loss":0,"event_name":"Golden Shrine","floor":31,"gold_loss":0},{"damage_healed":0,"gold_gain":0,"player_choice":"Fight","damage_taken":0,"max_hp_gain":0,"max_hp_loss":0,"event_name":"Mysterious Sphere","floor":37,"gold_loss":0},{"damage_healed":0,"gold_gain":0,"player_choice":"Forge","damage_taken":0,"max_hp_gain":0,"max_hp_loss":0,"event_name":"Accursed Blacksmith","floor":38,"gold_loss":0,"cards_upgraded":["Reinforced Body"]},{"damage_healed":0,"gold_gain":0,"player_choice":"Paid","damage_taken":0,"relics_obtained":["Red Mask"],"max_hp_gain":0,"max_hp_loss":0,"event_name":"Tomb of Lord Red Mask","floor":46,"gold_loss":189},{"damage_healed":0,"gold_gain":0,"player_choice":"Max HP","damage_taken":0,"max_hp_gain":0,"max_hp_loss":4,"event_name":"Winding Halls","floor":48,"gold_loss":0}],"is_beta":false,"boss_relics":[{"not_picked":["Lizard Tail","Eternal Feather"],"picked":"Nuclear Battery"},{"not_picked":["Empty Cage","Philosopher\u0027s Stone"],"picked":"Runic Pyramid"}],"items_purged_floors":[13,29],"is_endless":false,"potions_floor_spawned":[5,8,16,24,25,28,36,37,41],"killed_by":"The Heart","ascension_level":0}