{"gold_per_floor":[115,131,306,306,325,356,356,366,366,366,366,366,378,378,378,378],"floor_reached":16,"playtime":1007,"items_purged":[],"score":105,"play_id":"8d1a9093-e970-429c-93fb-e93a89e038dd","local_time":"20190127005658","is_ascension_mode":true,"campfire_choices":[{"floor":7,"key":"REST"},{"floor":11,"key":"REST"},{"floor":15,"key":"REST"}],"neow_cost":"CURSE","seed_source_timestamp":1252718472926853,"circlet_count":0,"master_deck":["Defend_G","Defend_G","Defend_G","Defend_G","Defend_G+1","Strike_G","Strike_G","Strike_G","Strike_G","Strike_G","Survivor","Neutralize","Flying Knee","Calculated Gamble+1","Acrobatics","Well Laid Plans","Escape Plan","Corpse Explosion"],"relics":["Ring of the Snake","Calipers","Meat on the Bone"],"potions_floor_usage":[6],"damage_taken":[{"damage":0,"enemies":"Small Slimes","floor":1,"turns":3},{"damage":6,"enemies":"Jaw Worm","floor":2,"turns":6},{"damage":0,"enemies":"2 Louse","floor":5,"turns":2},{"damage":62,"enemies":"Lagavulin","floor":6,"turns":10},{"damage":8,"enemies":"2 Fungi Beasts","floor":8,"turns":5},{"damage":10,"enemies":"Lots of Slimes","floor":13,"turns":6},{"damage":78,"enemies":"Hexaghost","floor":16,"turns":16}],"seed_played":"-2294406848360602016","potions_obtained":[{"floor":2,"key":"LiquidBronze"},{"floor":8,"key":"Energy Potion"}],"is_trial":false,"path_per_floor":["M","M","?","?","M","E","R","M","T","?","R","?","M","?","R","B"],"character_chosen":"THE_SILENT","items_purchased":[],"campfire_rested":3,"item_purchase_floors":[],"current_hp_per_floor":[84,78,78,71,71,9,34,26,26,54,79,62,52,52,77,0],"gold":378,"neow_bonus":"TWENTY_PERCENT_HP_BONUS","is_prod":false,"is_daily":false,"chose_seed":false,"campfire_upgraded":0,"win_rate":0,"timestamp":1548521818,"path_taken":["M","M","?","?","M","E","R","?","T","?","R","?","M","?","R","BOSS"],"build_version":"2019-01-23","purchased_purges":0,"victory":false,"max_hp_per_floor":[84,84,84,84,84,84,84,84,84,84,84,84,84,84,84,84],"card_choices":[{"not_picked":["Endless Agony","Prepared"],"picked":"Flying Knee","floor":1},{"not_picked":["Flechettes","Expertise"],"picked":"Calculated Gamble","floor":2},{"not_picked":["Quick Slash","Poisoned Stab"],"picked":"Acrobatics","floor":5},{"not_picked":["Blade Dance","Prepared"],"picked":"Well Laid Plans","floor":6},{"not_picked":["Outmaneuver","Sucker Punch"],"picked":"Escape Plan","floor":8},{"not_picked":["Slice","Accuracy"],"picked":"Corpse Explosion","floor":13}],"player_experience":26631,"relics_obtained":[{"floor":6,"key":"Calipers"},{"floor":9,"key":"Meat on the Bone"}],"event_choices":[{"damage_healed":0,"gold_gain":175,"player_choice":"AGREE","damage_taken":0,"max_hp_gain":0,"max_hp_loss":0,"event_name":"Liars Game","floor":3,"gold_loss":0,"cards_obtained":["Doubt"]},{"cards_removed":["Doubt"],"damage_healed":0,"gold_gain":0,"player_choice":"Card Removal","damage_taken":7,"max_hp_gain":0,"max_hp_loss":0,"event_name":"Golden Wing","floor":4,"gold_loss":0},{"damage_healed":28,"gold_gain":0,"player_choice":"Banana","damage_taken":0,"max_hp_gain":0,"max_hp_loss":0,"event_name":"Big Fish","floor":10,"gold_loss":0},{"damage_healed":0,"gold_gain":0,"player_choice":"Entered Light","damage_taken":17,"max_hp_gain":0,"max_hp_loss":0,"event_name":"Shining Light","floor":12,"gold_loss":0,"cards_upgraded":["Defend_G","Calculated Gamble"]},{"cards_removed":["Writhe"],"damage_healed":0,"gold_gain":0,"player_choice":"Forget","damage_taken":0,"max_hp_gain":0,"max_hp_loss":0,"event_name":"Living Wall","floor":14,"gold_loss":0}],"is_beta":false,"boss_relics":[],"items_purged_floors":[],"is_endless":false,"potions_floor_spawned":[2,8],"killed_by":"Hexaghost","ascension_level":1}