{"path_per_floor":["M","?","?","M","$","R","?","$","T","R","?","M","?","M","R","B",null,"M","M","?","?","M","R","E","R","T","?","M","$","R","M","R","B",null,"M","?","?","$","M","$","?","?","T","?","E","M","?","M","R"],"character_chosen":"IRONCLAD","items_purchased":["Thunderclap","Mummified Hand"],"gold_per_floor":[117,117,117,134,14,14,14,14,14,14,14,34,34,52,52,175,175,191,205,205,120,133,133,167,167,167,347,358,11,11,21,21,119,119,130,130,130,5,24,24,24,24,47,47,82,100,100,110,110,110],"floor_reached":50,"campfire_rested":4,"playtime":1616,"item_purchase_floors":[],"current_hp_per_floor":[80,80,64,69,69,69,49,49,49,73,78,84,84,79,79,18,85,61,57,57,57,47,72,65,85,85,71,72,72,72,53,78,17,85,85,85,85,85,85,85,85,85,85,85,58,39,74,74,74,0],"items_purged":["Strike_R","Sever Soul","Thunderclap"],"gold":110,"score":501,"play_id":"8cd0e60f-f8f8-4e7b-a007-4b6fdd94d86a","local_time":"20180611214045","is_prod":false,"is_daily":false,"chose_seed":false,"is_ascension_mode":false,"campfire_upgraded":4,"win_rate":0,"timestamp":1528771245,"campfire_choices":[{"data":"Heavy Blade","floor":6.0,"key":"SMITH"},{"floor":10.0,"key":"REST"},{"data":"Thunderclap","floor":15.0,"key":"SMITH"},{"floor":23.0,"key":"REST"},{"floor":25.0,"key":"REST"},{"data":"Cleave","floor":30.0,"key":"SMITH"},{"floor":32.0,"key":"REST"},{"data":"Fire Breathing","floor":49,"key":"SMITH"}],"path_taken":["M","?","?","M","$","R","?","?","T","R","?","M","?","M","R","BOSS","M","M","?","?","M","R","E","R","T","?","M","$","R","M","R","BOSS","M","?","?","$","M","$","?","?","T","?","E","M","?","M","R","BOSS"],"build_version":"2018-06-08","seed_source_timestamp":0,"purchased_purges":3,"victory":false,"master_deck":["Bash+1","Heavy Blade+1","Anger+1","Thunderclap+1","Cleave+1","Seeing Red","Reckless Charge","Whirlwind+1","Inflame","Iron Wave+1","Offering+1","Fire Breathing+1"],"max_hp_per_floor":[80,80,80,80,80,80,80,80,80,80,85,85,85,85,85,85,85,85,85,85,85,85,85,85,85,85,85,85,85,85,85,85,85,85,85,85,85,85,85,85,85,85,85,85,85,85,74,74,74,74],"relics":["Burning Blood","Bloody Idol","Juzu Bracelet","Pandora\u0027s Box","Toxic Egg 2","Anchor","Bronze Scales","Mummified Hand","Eternal Feather","Pen Nib","Pantograph"],"card_choices":[{"not_picked":["Bloodletting","True Grit"],"picked":"Anger","floor":1.0},{"not_picked":["Blood for Blood","True Grit","Havoc"],"picked":"SKIP","floor":4.0},{"not_picked":["Twin Strike","Dropkick","Shrug It Off"],"picked":"SKIP","floor":12.0},{"not_picked":["Second Wind","Shockwave","Sentinel"],"picked":"SKIP","floor":14.0},{"not_picked":["Thunderclap","Hemokinesis","Perfected Strike"],"picked":"SKIP","floor":18.0},{"not_picked":["Warcry","Shockwave","Sword Boomerang+1"],"picked":"SKIP","floor":19.0},{"not_picked":["Power Through+1","Heavy Blade"],"picked":"Searing Blow","floor":22.0},{"not_picked":["Uppercut+1","Pommel Strike+1"],"picked":"Whirlwind+1","floor":24.0},{"not_picked":["Combust","Perfected Strike"],"picked":"Inflame","floor":28.0},{"not_picked":["True Grit+1","Perfected Strike"],"picked":"Iron Wave+1","floor":31.0},{"not_picked":["Double Tap+1","Fiend Fire"],"picked":"Offering+1","floor":33.0},{"not_picked":["Armaments+1","Corruption","Cleave"],"picked":"SKIP","floor":35},{"not_picked":["Heavy Blade","Carnage+1","Combust+1"],"picked":"SKIP","floor":39},{"not_picked":["Entrench+1","Flame Barrier+1","Dropkick+1"],"picked":"SKIP","floor":45},{"not_picked":["Burning Pact+1","Clothesline","Reckless Charge"],"picked":"SKIP","floor":46},{"not_picked":["Clash","Sword Boomerang+1","Body Slam"],"picked":"SKIP","floor":48}],"player_experience":197174,"potions_floor_usage":[39,45,45,50],"damage_taken":[{"damage":0.0,"enemies":"Small Slimes","floor":1.0,"turns":3.0},{"damage":1.0,"enemies":"Cultist","floor":4.0,"turns":3.0},{"damage":0.0,"enemies":"2 Louse","floor":12.0,"turns":2.0},{"damage":11.0,"enemies":"Red Slaver","floor":14.0,"turns":3.0},{"damage":67.0,"enemies":"The Guardian","floor":16.0,"turns":12.0},{"damage":30.0,"enemies":"2 Thieves","floor":18.0,"turns":3.0},{"damage":10.0,"enemies":"3 Byrds","floor":19.0,"turns":3.0},{"damage":21.0,"enemies":"Snake Plant","floor":22.0,"turns":3.0},{"damage":18.0,"enemies":"Gremlin Leader","floor":24.0,"turns":5.0},{"damage":10.0,"enemies":"Chosen and Byrds","floor":28.0,"turns":3.0},{"damage":30.0,"enemies":"Snecko","floor":31.0,"turns":3.0},{"damage":72.0,"enemies":"Champ","floor":33.0,"turns":9.0},{"damage":4,"enemies":"Flame Bruiser 1 Orb","floor":35,"turns":3},{"damage":3,"enemies":"3 Shapes","floor":39,"turns":2},{"damage":38,"enemies":"Nemesis","floor":45,"turns":3},{"damage":30,"enemies":"Spire Growth","floor":46,"turns":3},{"damage":4,"enemies":"Transient","floor":48,"turns":5},{"damage":96,"enemies":"Awakened One","floor":50,"turns":5}],"relics_obtained":[{"floor":9.0,"key":"Juzu Bracelet"},{"floor":24.0,"key":"Anchor"},{"floor":26.0,"key":"Bronze Scales"},{"floor":43,"key":"Pen Nib"},{"floor":45,"key":"Pantograph"}],"event_choices":[{"event_name":"Upgrade Shrine","player_choice":"Upgraded","floor":2.0,"damage_taken":0.0},{"event_name":"Shining Light","player_choice":"Entered Light","floor":3.0,"damage_taken":0.0},{"event_name":"Golden Idol","player_choice":"Take Damage","floor":7.0,"damage_taken":0.0},{"event_name":"Big Fish","player_choice":"Donut","floor":11.0,"damage_taken":0.0},{"event_name":"The Cleric","player_choice":"Leave","floor":13.0,"damage_taken":0.0},{"event_name":"Forgotten Altar","player_choice":"Gave Idol","floor":20.0,"damage_taken":0.0},{"event_name":"Addict","player_choice":"Obtained Relic","floor":21.0,"damage_taken":0.0},{"event_name":"Knowing Skull","player_choice":"GOLD GOLD ","floor":27.0,"damage_taken":0.0},{"event_name":"SensoryStone","player_choice":"Memory 1","floor":36,"damage_taken":0},{"event_name":"The Lab","player_choice":"Got Potions","floor":37,"damage_taken":0},{"event_name":"Bonfire Elementals","player_choice":"UNCOMMON","floor":41,"damage_taken":0},{"event_name":"Falling","player_choice":"Removed Skill","floor":42,"damage_taken":0},{"event_name":"Transmorgrifier","player_choice":"Transform","floor":44,"damage_taken":0},{"event_name":"The Moai Head","player_choice":"Heal","floor":47,"damage_taken":0}],"boss_relics":[{"not_picked":["Calling Bell","Busted Crown"],"picked":"Pandora\u0027s Box"},{"not_picked":["Orrery","Black Star"],"picked":"Eternal Feather"}],"items_purged_floors":[],"potions_floor_spawned":[4,12,18,22,24,31,35,39,48],"seed_played":"-2967848964820597748","killed_by":"Awakened One","ascension_level":0,"potions_obtained":[{"floor":4.0,"key":"Weak Potion"},{"floor":12.0,"key":"SpeedPotion"},{"floor":18.0,"key":"Fire Potion"},{"floor":22.0,"key":"Swift Potion"},{"floor":24.0,"key":"Explosive Potion"},{"floor":31.0,"key":"Energy Potion"},{"floor":35,"key":"Swift Potion"},{"floor":37,"key":"Explosive Potion"},{"floor":37,"key":"GamblersBrew"},{"floor":39,"key":"Energy Potion"},{"floor":48,"key":"GamblersBrew"}],"is_trial":false}