{"gold_per_floor":[113,126,76,86,102,102,121,141,141,141,166,166,196,212,212,307,307,307,307,156,156,156,156,156,156,156,156,156,156,156,156,156,156,156,156,156,156,56,56,56,56,56,56,56,5,5,5,5],"floor_reached":48,"playtime":3130,"items_purged":["Strike_G","Strike_G"],"score":570,"play_id":"0319e5b2-28ad-4bc8-807d-202b9735e418","local_time":"20180707225032","is_ascension_mode":true,"campfire_choices":[{"data":"Neutralize","floor":6,"key":"SMITH"},{"floor":10,"key":"REST"},{"floor":12,"key":"REST"},{"data":"Infinite Blades","floor":15,"key":"SMITH"},{"floor":25,"key":"REST"},{"floor":28,"key":"REST"},{"floor":32,"key":"REST"},{"data":"Cloak And Dagger","floor":40,"key":"SMITH"},{"floor":46,"key":"REST"}],"neow_cost":"NONE","seed_source_timestamp":349697458905382,"circlet_count":0,"master_deck":["Defend_G","Defend_G","Defend_G","Defend_G","Defend_G","Strike_G","Survivor","Neutralize+1","Backflip","Infinite Blades+1","Die Die Die","Noxious Fumes","Cloak And Dagger+1","Crippling Poison","Crippling Poison","Choke","Doppelganger","Noxious Fumes+1","Backstab+1","Well Laid Plans","Backflip","Bouncing Flask","Storm of Steel","Terror","A Thousand Cuts","A Thousand Cuts","Well Laid Plans+1","Madness","Madness","Bandage Up","Footwork+1","PiercingWail","Envenom"],"relics":["Ring of the Snake","Oddly Smooth Stone","Regal Pillow","Mummified Hand","Tiny Chest","Ectoplasm","Blood Vial","Question Card","Red Mask","Eternal Feather","Toxic Egg 2"],"potions_floor_usage":[5,11,16,24,27,27,33,33,42],"damage_taken":[{"damage":1,"enemies":"Small Slimes","floor":1,"turns":4},{"damage":0,"enemies":"Cultist","floor":2,"turns":5},{"damage":0,"enemies":"Jaw Worm","floor":4,"turns":5},{"damage":5,"enemies":"Looter","floor":5,"turns":3},{"damage":0,"enemies":"3 Louse","floor":7,"turns":3},{"damage":5,"enemies":"Exordium Wildlife","floor":8,"turns":5},{"damage":26,"enemies":"Gremlin Nob","floor":11,"turns":4},{"damage":0,"enemies":"Red Slaver","floor":14,"turns":4},{"damage":31,"enemies":"Slime Boss","floor":16,"turns":10},{"damage":22,"enemies":"Spheric Guardian","floor":18,"turns":6},{"damage":7,"enemies":"Shell Parasite","floor":19,"turns":5},{"damage":6,"enemies":"Centurion and Healer","floor":21,"turns":5},{"damage":0,"enemies":"Snecko","floor":22,"turns":4},{"damage":18,"enemies":"Snake Plant","floor":23,"turns":3},{"damage":0,"enemies":"Chosen and Byrds","floor":24,"turns":4},{"damage":1,"enemies":"Slavers","floor":27,"turns":4},{"damage":10,"floor":30,"turns":3},{"damage":14,"enemies":"Cultist and Chosen","floor":31,"turns":6},{"damage":27,"enemies":"Automaton","floor":33,"turns":8},{"damage":13,"enemies":"Orb Walker","floor":35,"turns":4},{"damage":11,"enemies":"3 Shapes","floor":41,"turns":3},{"damage":20,"enemies":"3 Darklings","floor":42,"turns":4},{"damage":29,"enemies":"Maw","floor":47,"turns":7},{"damage":50,"enemies":"Sphere and 2 Shapes","floor":48,"turns":4}],"seed_played":"-8813540167071985630","potions_obtained":[{"floor":2,"key":"Energy Potion"},{"floor":4,"key":"GamblersBrew"},{"floor":7,"key":"Poison Potion"},{"floor":8,"key":"GhostInAJar"},{"floor":14,"key":"SpeedPotion"},{"floor":19,"key":"PowerPotion"},{"floor":21,"key":"Explosive Potion"},{"floor":24,"key":"GhostInAJar"},{"floor":30,"key":"Energy Potion"},{"floor":33,"key":"SkillPotion"}],"is_trial":false,"path_per_floor":["M","M","?","M","M","R","M","M","T","R","E","R","?","M","R","B",null,"M","M","$","M","M","M","M","R","T","E","R","?","?","M","R","B",null,"M","?","?","$","?","R","M","M","T","$","$","R","M"],"character_chosen":"THE_SILENT","items_purchased":["Well Laid Plans","Strength Potion"],"campfire_rested":6,"item_purchase_floors":[20,45],"current_hp_per_floor":[69,69,69,69,64,64,64,59,59,70,44,70,63,63,63,32,61,39,32,32,26,26,8,8,44,44,45,70,70,60,48,70,43,63,52,52,43,43,43,55,50,36,36,36,36,70,41,0],"gold":5,"neow_bonus":"RANDOM_COMMON_RELIC","is_prod":false,"is_daily":false,"chose_seed":false,"campfire_upgraded":3,"win_rate":0,"timestamp":1531018232,"path_taken":["M","M","?","M","M","R","M","M","T","R","E","R","?","M","R","BOSS","M","M","$","M","M","M","M","R","T","E","R","?","?","M","R","BOSS","M","?","?","$","?","R","M","?","T","?","$","R","?","M"],"build_version":"2018-07-05","purchased_purges":2,"victory":false,"max_hp_per_floor":[70,70,70,70,70,70,70,70,70,70,70,70,70,70,70,70,70,70,70,70,70,70,70,70,70,70,70,70,70,70,70,70,70,70,70,70,70,70,70,70,70,70,70,70,70,70,70,70],"card_choices":[{"not_picked":["Slice","Setup"],"picked":"Backflip","floor":1},{"not_picked":["Bane","Deflect"],"picked":"Infinite Blades","floor":2},{"not_picked":["Riddle With Holes","Underhanded Strike"],"picked":"Die Die Die","floor":4},{"not_picked":["Acrobatics","Blur"],"picked":"Noxious Fumes","floor":5},{"not_picked":["Quick Slash","Deflect"],"picked":"Cloak And Dagger","floor":7},{"not_picked":["Well Laid Plans","Endless Agony"],"picked":"Crippling Poison","floor":8},{"not_picked":["Underhanded Strike","Sucker Punch"],"picked":"Crippling Poison","floor":11},{"not_picked":["Slice","Masterful Stab"],"picked":"Choke","floor":14},{"not_picked":["Wraith Form v2","Tactician"],"picked":"Doppelganger","floor":16},{"not_picked":["Accuracy","Poisoned Stab+1"],"picked":"Noxious Fumes+1","floor":18},{"not_picked":["Prepared+1","Acrobatics+1"],"picked":"Backstab+1","floor":19},{"not_picked":["Bane","Outmaneuver","Dagger Throw"],"picked":"SKIP","floor":21},{"not_picked":["Flying Knee","Prepared+1"],"picked":"Backflip","floor":22},{"not_picked":["Quick Slash","Deadly Poison"],"picked":"Bouncing Flask","floor":23},{"not_picked":["Prepared","Quick Slash"],"picked":"Storm of Steel","floor":24},{"not_picked":["Malaise","Slice"],"picked":"Terror","floor":27},{"not_picked":["Backflip","Underhanded Strike","Malaise"],"picked":"A Thousand Cuts","floor":31},{"not_picked":["Tactician","Glass Knife","Night Terror"],"picked":"A Thousand Cuts","floor":33},{"not_picked":["Deflect+1","Deadly Poison","Underhanded Strike"],"picked":"Well Laid Plans+1","floor":35},{"not_picked":["Transmutation","Mind Blast","Jack Of All Trades"],"picked":"Bandage Up","floor":39},{"not_picked":["Deflect+1","Backflip+1","Sucker Punch+1"],"picked":"Footwork+1","floor":41},{"not_picked":["Deflect","Acrobatics","Riddle With Holes"],"picked":"PiercingWail","floor":42},{"not_picked":["Terror+1","All Out Attack+1","Blade Dance+1"],"picked":"Envenom","floor":47}],"player_experience":995265,"relics_obtained":[{"floor":9,"key":"Regal Pillow"},{"floor":11,"key":"Mummified Hand"},{"floor":26,"key":"Blood Vial"},{"floor":27,"key":"Question Card"},{"floor":30,"key":"Red Mask"},{"floor":43,"key":"Toxic Egg 2"}],"event_choices":[{"event_name":"The Cleric","player_choice":"Card Removal","floor":3,"damage_taken":0},{"event_name":"Scrap Ooze","player_choice":"success","floor":13,"damage_taken":7},{"event_name":"Purifier","player_choice":"One Purge","floor":29,"damage_taken":0},{"event_name":"Masked Bandits","player_choice":"Fought over 156 gold","floor":30,"damage_taken":0},{"event_name":"Tomb of Lord Red Mask","player_choice":"Wore Mask","floor":36,"damage_taken":0},{"event_name":"Winding Halls","player_choice":"Embrace Madness","floor":37,"damage_taken":0},{"event_name":"SensoryStone","player_choice":"Memory 1","floor":39,"damage_taken":0}],"boss_relics":[{"not_picked":["Black Star","Runic Dome"],"picked":"Ectoplasm"},{"not_picked":["Runic Pyramid","Coffee Dripper"],"picked":"Eternal Feather"}],"items_purged_floors":[20,38],"is_endless":false,"potions_floor_spawned":[2,4,7,8,14,19,21,24,30,33],"killed_by":"Sphere and 2 Shapes","ascension_level":5}