{"gold_per_floor":[111,12,12,12,24,54,54,154,179,195,207,207,224,244,244,349,349,361,376,376,376,24,38,38],"floor_reached":24,"playtime":2096,"items_purged":["Defend_R"],"score":238,"play_id":"a244cf1f-4e44-4bb3-b742-f5f6d160d80e","local_time":"20180626114815","is_ascension_mode":true,"campfire_choices":[{"floor":7,"key":"REST"},{"floor":15,"key":"REST"}],"neow_cost":"NONE","seed_source_timestamp":143041696583764,"circlet_count":0,"master_deck":["Strike_R","Strike_R","Strike_R","Strike_R","Strike_R","Defend_R","Defend_R","Defend_R","Bash","Demon Form","Clash","Cleave","Impervious","Intimidate","Clash","Shrug It Off","Whirlwind","Carnage","Pummel","Impervious","Flame Barrier","Thunderclap","Rage","Apotheosis","Spot Weakness"],"relics":["Burning Blood","Oddly Smooth Stone","Ginger","Omamori","Prayer Wheel","Mark of Pain","Bag of Preparation","Pen Nib"],"potions_floor_usage":[13,13,16,16,19,24],"damage_taken":[{"damage":18,"enemies":"Jaw Worm","floor":1,"turns":4},{"damage":8,"enemies":"Small Slimes","floor":5,"turns":3},{"damage":17,"enemies":"Gremlin Nob","floor":6,"turns":4},{"damage":13,"enemies":"2 Louse","floor":10,"turns":2},{"damage":22,"enemies":"Looter","floor":11,"turns":4},{"damage":6,"enemies":"Gremlin Gang","floor":13,"turns":3},{"damage":23,"enemies":"Exordium Thugs","floor":14,"turns":3},{"damage":57,"enemies":"The Guardian","floor":16,"turns":9},{"damage":9,"enemies":"3 Byrds","floor":18,"turns":5},{"damage":27,"enemies":"2 Thieves","floor":19,"turns":4},{"damage":33,"enemies":"Snecko","floor":23,"turns":6},{"damage":34,"enemies":"Slaver and Parasite","floor":24,"turns":7}],"seed_played":"-5293895373827011599","potions_obtained":[{"floor":5,"key":"Swift Potion"},{"floor":10,"key":"BloodPotion"},{"floor":13,"key":"SteroidPotion"},{"floor":14,"key":"Ancient Potion"},{"floor":16,"key":"Block Potion"},{"floor":18,"key":"PowerPotion"},{"floor":23,"key":"SteroidPotion"}],"is_trial":false,"path_per_floor":["M","$","?","?","M","E","R","?","T","M","M","?","M","M","R","B",null,"M","M","?","?","$","M"],"character_chosen":"IRONCLAD","items_purchased":["Cleave","Apotheosis","Pen Nib"],"campfire_rested":2,"item_purchase_floors":[2,22,22],"current_hp_per_floor":[68,68,68,56,54,43,67,67,67,60,44,44,52,35,59,8,80,77,56,56,56,56,29,0],"gold":38,"neow_bonus":"ONE_RANDOM_RARE_CARD","is_prod":false,"is_daily":false,"chose_seed":false,"campfire_upgraded":0,"win_rate":0,"timestamp":1530028095,"path_taken":["M","$","?","?","M","E","R","?","T","M","?","?","M","M","R","BOSS","M","M","?","?","$","M","?"],"build_version":"2018-06-21v2","purchased_purges":1,"victory":false,"max_hp_per_floor":[80,80,80,80,80,80,80,80,80,80,80,80,80,80,80,80,80,80,80,80,80,80,80,80],"card_choices":[{"not_picked":["Havoc","Pummel"],"picked":"Clash","floor":1},{"not_picked":["Anger","Corruption"],"picked":"Impervious","floor":5},{"not_picked":["Perfected Strike","Reckless Charge"],"picked":"Intimidate","floor":6},{"not_picked":["Perfected Strike","Body Slam","Intimidate"],"picked":"SKIP","floor":10},{"not_picked":["Bloodletting","Disarm"],"picked":"Clash","floor":11},{"not_picked":["Warcry","Power Through"],"picked":"Shrug It Off","floor":13},{"not_picked":["Iron Wave","Body Slam"],"picked":"Whirlwind","floor":13},{"not_picked":["Havoc","Entrench"],"picked":"Carnage","floor":14},{"not_picked":["Cleave","Ghostly Armor"],"picked":"Pummel","floor":14},{"not_picked":["Double Tap","Offering"],"picked":"Impervious","floor":16},{"not_picked":["Disarm+1","Thunderclap"],"picked":"Flame Barrier","floor":18},{"not_picked":["Sever Soul","Sword Boomerang+1","Armaments"],"picked":"SKIP","floor":18},{"not_picked":["Body Slam","Dropkick"],"picked":"Thunderclap","floor":19},{"not_picked":["Clothesline+1","Searing Blow"],"picked":"Rage","floor":19},{"not_picked":["Combust","Iron Wave+1"],"picked":"Spot Weakness","floor":23},{"not_picked":["Cleave","Body Slam+1","Twin Strike+1"],"picked":"SKIP","floor":23}],"player_experience":786987,"relics_obtained":[{"floor":6,"key":"Ginger"},{"floor":9,"key":"Omamori"}],"event_choices":[{"event_name":"The Cleric","player_choice":"Leave","floor":3,"damage_taken":0},{"event_name":"Scrap Ooze","player_choice":"success","floor":4,"damage_taken":12},{"event_name":"Golden Shrine","player_choice":"Pray","floor":8,"damage_taken":0},{"event_name":"Dead Adventurer","player_choice":"Searched \u00271\u0027 times","floor":12,"damage_taken":0},{"event_name":"N\u0027loth","player_choice":"Ignored","floor":20,"damage_taken":0},{"event_name":"Wheel of Change","player_choice":"Relic","floor":21,"damage_taken":0}],"boss_relics":[{"not_picked":["Eternal Feather","Calling Bell"],"picked":"Mark of Pain"}],"items_purged_floors":[2],"is_endless":false,"potions_floor_spawned":[5,10,13,14,16,18,23],"killed_by":"Slaver and Parasite","ascension_level":4}