{"gold_per_floor":[118,128,147,147,167,167,178,206,206,206,222,240,240,240,240,336,336,350,350,290],"floor_reached":20,"playtime":1160,"items_purged":[],"score":273,"play_id":"05ef841d-f7f9-409a-8225-0da284bd4cdf","local_time":"20180907084046","is_ascension_mode":true,"campfire_choices":[{"floor":6,"key":"REST"},{"data":"Neutralize","floor":10,"key":"SMITH"},{"floor":15,"key":"REST"}],"neow_cost":"NONE","seed_source_timestamp":1499087759939148,"circlet_count":0,"master_deck":["Defend_G+1","Defend_G","Defend_G","Defend_G","Defend_G","Strike_G","Survivor+1","Neutralize+1","AscendersBane","Predator","Blade Dance","Cloak And Dagger+1","Flying Knee","Infinite Blades","Finisher","Infinite Blades","Bane+1","Tactician+1","Footwork+1","Backflip"],"relics":["Sozu","Bag of Marbles","Bottled Tornado","Astrolabe"],"potions_floor_usage":[],"damage_taken":[{"damage":0,"enemies":"Cultist","floor":1,"turns":5},{"damage":6,"enemies":"Jaw Worm","floor":2,"turns":4},{"damage":0,"enemies":"2 Louse","floor":3,"turns":2},{"damage":9,"enemies":"Exordium Thugs","floor":5,"turns":7},{"damage":3,"enemies":"Blue Slaver","floor":7,"turns":4},{"damage":18,"enemies":"Lagavulin","floor":8,"turns":7},{"damage":0,"enemies":"Large Slime","floor":11,"turns":3},{"damage":7,"enemies":"3 Louse","floor":12,"turns":2},{"damage":14,"enemies":"Hexaghost","floor":16,"turns":11},{"damage":17,"enemies":"3 Byrds","floor":18,"turns":5},{"damage":33,"enemies":"Colosseum Slavers","floor":19,"turns":3},{"damage":19,"enemies":"2 Thieves","floor":20,"turns":2}],"seed_played":"-7047746539984140534","potions_obtained":[],"is_trial":false,"path_per_floor":["M","M","M","?","M","R","M","E","T","R","M","M","?","?","R","B",null,"M","?"],"character_chosen":"THE_SILENT","items_purchased":[],"campfire_rested":2,"item_purchase_floors":[],"current_hp_per_floor":[63,57,57,43,34,55,52,34,34,34,34,27,27,20,41,27,59,42,9,0],"gold":290,"neow_bonus":"BOSS_RELIC","is_prod":false,"is_daily":false,"chose_seed":false,"campfire_upgraded":1,"win_rate":0,"timestamp":1536324046,"path_taken":["M","M","?","?","M","R","M","E","T","R","?","M","?","?","R","BOSS","M","?","M"],"build_version":"2018-09-06","purchased_purges":0,"victory":false,"max_hp_per_floor":[70,70,70,70,70,70,70,70,70,70,70,70,70,70,70,70,70,70,70,70],"card_choices":[{"not_picked":["Backflip","Dagger Spray"],"picked":"Predator","floor":1},{"not_picked":["PiercingWail","Deadly Poison"],"picked":"Blade Dance","floor":2},{"not_picked":["Deadly Poison","Deflect"],"picked":"Cloak And Dagger","floor":3},{"not_picked":["Calculated Gamble","Skewer"],"picked":"Flying Knee","floor":5},{"not_picked":["Corpse Explosion","Poisoned Stab"],"picked":"Infinite Blades","floor":7},{"not_picked":["Catalyst","Poisoned Stab"],"picked":"Finisher","floor":8},{"not_picked":["Acrobatics","Deflect"],"picked":"Infinite Blades","floor":11},{"not_picked":["Dagger Throw","Deadly Poison","Infinite Blades"],"picked":"SKIP","floor":12},{"not_picked":["Underhanded Strike","Outmaneuver"],"picked":"Backflip","floor":18}],"player_experience":1515046,"relics_obtained":[{"floor":8,"key":"Bag of Marbles"},{"floor":9,"key":"Bottled Tornado"}],"event_choices":[{"event_name":"Shining Light","player_choice":"Entered Light","floor":4,"damage_taken":0},{"event_name":"Upgrade Shrine","player_choice":"Upgraded","floor":13,"damage_taken":0},{"event_name":"Golden Wing","player_choice":"Card Removal","floor":14,"damage_taken":0},{"event_name":"Colosseum","player_choice":"Fight","floor":19,"damage_taken":0},{"event_name":"Colosseum","player_choice":"Fled From Nobs","floor":19,"damage_taken":0}],"is_beta":false,"boss_relics":[{"not_picked":["Ectoplasm","Lizard Tail"],"picked":"Astrolabe"}],"items_purged_floors":[],"is_endless":false,"potions_floor_spawned":[2,5,11,18,19],"killed_by":"2 Thieves","ascension_level":11}