{"gold_per_floor":[114,19,19,34,34,64,79,79,104,80,80,95,49,79,79,179,179,179,179,1,1,1,1,1,1,1,1,1,1,1,1,1,1,1,1,1,1,1,1,1,1,1,1,1,1,1,1,1,1,1],"floor_reached":51,"playtime":1651,"items_purged":[],"score":879,"play_id":"144e57c8-c668-4bef-83ea-7d12367fc104","local_time":"20181001121841","daily_mods":["Insanity","Time Dilation","Night Terrors"],"is_ascension_mode":false,"campfire_choices":[{"data":"Inflame","floor":8,"key":"SMITH"},{"data":"Armaments","floor":11,"key":"SMITH"},{"data":"Heavy Blade","floor":15,"key":"SMITH"},{"data":"Body Slam","floor":23,"key":"SMITH"},{"data":"Barricade","floor":27,"key":"SMITH"},{"floor":32,"key":"REST"},{"data":"True Grit","floor":40,"key":"SMITH"},{"data":"Whirlwind","floor":42,"key":"SMITH"},{"data":"Heavy Blade","floor":44,"key":"SMITH"},{"data":"Corruption","floor":49,"key":"SMITH"}],"neow_cost":"","seed_source_timestamp":0,"circlet_count":0,"master_deck":["Second Wind","True Grit+1","Cleave","Demon Form+1","Fiend Fire","Barricade+1","Whirlwind+1","Bludgeon","Corruption+1","Entrench","Wild Strike","Juggernaut","Heavy Blade+1","Rampage","Clothesline","Sword Boomerang","Twin Strike","Immolate","Infernal Blade+1","Entrench","Pummel","Juggernaut","Reckless Charge","Heavy Blade","Wild Strike","Wild Strike","Infernal Blade","Havoc","Burning Pact","Dual Wield","Clash","Flame Barrier","Heavy Blade+1","Blood for Blood","Blood for Blood+1","Havoc","Flex","Burning Pact","Power Through","Double Tap","Cleave","Juggernaut","Perfected Strike","Clothesline","Bloodletting+1","Flex+1","Intimidate","Perfected Strike","Shrug It Off","Seeing Red","Inflame+1","Armaments+1","Exhume","Shrug It Off","Evolve","Feed","Heavy Blade+1","True Grit","Body Slam+1","Whirlwind+1","Metallicize","Shame","Power Through","Warcry","Double Tap","Twin Strike+1","Inflame+1","Warcry+1","Flash of Steel","Mind Blast","Trip","Sword Boomerang","True Grit+1","Shrug It Off+1","Decay","Dark Embrace"],"special_seed":17805,"relics":["Burning Blood","Ancient Tea Set","Strawberry","PreservedInsect","Ectoplasm","Magic Flower","Mummified Hand","The Courier","Smiling Mask","Vajra","Red Skull","War Paint","Astrolabe","Gambling Chip","Self Forming Clay","Torii","Oddly Smooth Stone"],"potions_floor_usage":[14,19,22,31,50,50,50],"damage_taken":[{"damage":3,"enemies":"2 Louse","floor":1,"turns":2},{"damage":0,"enemies":"Cultist","floor":4,"turns":3},{"damage":15,"enemies":"3 Sentries","floor":6,"turns":4},{"damage":3,"enemies":"Small Slimes","floor":7,"turns":2},{"damage":3,"enemies":"Looter","floor":12,"turns":2},{"damage":0,"enemies":"Gremlin Nob","floor":14,"turns":2},{"damage":32,"enemies":"Hexaghost","floor":16,"turns":6},{"damage":15,"enemies":"3 Byrds","floor":18,"turns":6},{"damage":13,"enemies":"Colosseum Slavers","floor":19,"turns":3},{"damage":53,"enemies":"Colosseum Nobs","floor":19,"turns":5},{"damage":6,"enemies":"Chosen","floor":22,"turns":3},{"damage":0,"enemies":"Centurion and Healer","floor":24,"turns":1},{"damage":0,"enemies":"Shelled Parasite and Fungi","floor":30,"turns":2},{"damage":27,"enemies":"Slavers","floor":31,"turns":3},{"damage":25,"enemies":"Champ","floor":33,"turns":7},{"damage":10,"enemies":"Orb Walker","floor":35,"turns":2},{"damage":25,"enemies":"3 Darklings","floor":38,"turns":5},{"damage":18,"enemies":"Mysterious Sphere","floor":39,"turns":3},{"damage":0,"enemies":"Spire Growth","floor":41,"turns":1},{"damage":0,"enemies":"Maw","floor":45,"turns":4},{"damage":10,"enemies":"2 Orb Walkers","floor":46,"turns":2},{"damage":0,"enemies":"Nemesis","floor":48,"turns":1},{"damage":46,"enemies":"Awakened One","floor":50,"turns":5}],"seed_played":"-408315225933563274","potions_obtained":[{"floor":1,"key":"Fire Potion"},{"floor":4,"key":"SpeedPotion"},{"floor":16,"key":"Block Potion"},{"floor":22,"key":"Weak Potion"},{"floor":33,"key":"FearPotion"},{"floor":39,"key":"Ancient Potion"}],"is_trial":false,"path_per_floor":["M","$","?","M","?","E","M","R","T","$","R","M","$","E","R","B",null,"M","?","$","T","M","R","M","?","T","R","T","?","M","E","R","B",null,"M","$","?","M","?","R","M","R","T","R","M","E","?","E","R","B"],"character_chosen":"IRONCLAD","items_purchased":["Shrug It Off","AttackPotion","Armaments","Shrug It Off","True Grit","Body Slam","Fruit Juice"],"campfire_rested":1,"item_purchase_floors":[2,2,10,13,20,20,20],"current_hp_per_floor":[80,80,64,70,70,61,64,64,71,71,71,74,74,80,80,54,87,78,24,24,24,35,35,44,44,44,44,44,44,53,35,87,71,87,86,86,76,60,56,56,65,65,65,65,74,73,73,82,82,45],"gold":1,"neow_bonus":"","is_prod":false,"is_daily":true,"chose_seed":false,"campfire_upgraded":9,"win_rate":0,"timestamp":1538389121,"path_taken":["M","$","?","M","?","E","M","R","T","?","R","?","$","E","R","BOSS","M","?","?","?","M","R","?","?","T","R","?","?","M","E","R","BOSS","M","$","?","M","?","R","M","R","T","R","M","E","?","E","R","BOSS"],"build_version":"2018-09-27","purchased_purges":0,"victory":true,"max_hp_per_floor":[80,80,80,80,80,80,80,80,87,87,87,87,87,87,87,87,87,87,87,87,87,92,92,92,92,92,92,92,92,92,92,87,87,87,87,87,87,87,90,90,90,90,90,90,90,90,90,90,90,90],"card_choices":[{"not_picked":["Thunderclap","Clash"],"picked":"Perfected Strike","floor":1},{"not_picked":["Inflame","Bloodletting"],"picked":"Seeing Red","floor":4},{"not_picked":["Carnage","Dropkick","Rampage"],"picked":"SKIP","floor":6},{"not_picked":["Sword Boomerang","Armaments"],"picked":"Inflame","floor":7},{"not_picked":["Havoc","Wild Strike"],"picked":"Exhume","floor":12},{"not_picked":["Cleave","Rupture"],"picked":"Evolve","floor":14},{"not_picked":["Bludgeon","Juggernaut"],"picked":"Feed","floor":16},{"not_picked":["Shockwave","Wild Strike"],"picked":"Heavy Blade+1","floor":18},{"not_picked":["Body Slam+1","Wild Strike"],"picked":"Whirlwind+1","floor":22},{"not_picked":["Cleave","Headbutt"],"picked":"Metallicize","floor":24},{"not_picked":["Pommel Strike","Intimidate"],"picked":"Power Through","floor":30},{"not_picked":["Iron Wave","Havoc"],"picked":"Warcry","floor":31},{"not_picked":["Bludgeon","Barricade"],"picked":"Double Tap","floor":33},{"not_picked":["Clothesline","Havoc","Clash"],"picked":"SKIP","floor":35},{"not_picked":["Dark Shackles","Good Instincts"],"picked":"Flash of Steel","floor":37},{"not_picked":["Deep Breath","Purity"],"picked":"Mind Blast","floor":37},{"not_picked":["Good Instincts","Panacea"],"picked":"Trip","floor":37},{"not_picked":["Rage","Blood for Blood"],"picked":"Sword Boomerang","floor":38},{"not_picked":["Power Through","Corruption+1"],"picked":"True Grit+1","floor":39},{"not_picked":["Carnage","Burning Pact"],"picked":"Shrug It Off+1","floor":41},{"not_picked":["Flex+1","Dual Wield+1","Thunderclap+1"],"picked":"SKIP","floor":45},{"not_picked":["Blood for Blood","Havoc","Hemokinesis"],"picked":"SKIP","floor":46},{"not_picked":["Uppercut","Hemokinesis"],"picked":"Dark Embrace","floor":48}],"player_experience":1492930,"relics_obtained":[{"floor":6,"key":"Ancient Tea Set"},{"floor":9,"key":"Strawberry"},{"floor":14,"key":"PreservedInsect"},{"floor":19,"key":"Magic Flower"},{"floor":19,"key":"Mummified Hand"},{"floor":21,"key":"The Courier"},{"floor":26,"key":"Smiling Mask"},{"floor":28,"key":"Vajra"},{"floor":31,"key":"War Paint"},{"floor":39,"key":"Gambling Chip"},{"floor":43,"key":"Self Forming Clay"},{"floor":46,"key":"Torii"},{"floor":48,"key":"Oddly Smooth Stone"}],"event_choices":[{"event_name":"Shining Light","player_choice":"Entered Light","floor":3,"damage_taken":0},{"event_name":"Living Wall","player_choice":"Grow","floor":5,"damage_taken":0},{"event_name":"Colosseum","player_choice":"Fight","floor":19,"damage_taken":0},{"event_name":"Colosseum","player_choice":"Fought Nobs","floor":19,"damage_taken":0},{"event_name":"Wheel of Change","player_choice":"Gold","floor":25,"damage_taken":0},{"event_name":"Addict","player_choice":"Stole Relic","floor":29,"damage_taken":0},{"event_name":"SensoryStone","player_choice":"Memory 3","floor":37,"damage_taken":0},{"event_name":"Mysterious Sphere","player_choice":"Fight","floor":39,"damage_taken":0},{"event_name":"Wheel of Change","player_choice":"Curse","floor":47,"damage_taken":0}],"is_beta":false,"boss_relics":[{"not_picked":["Runic Pyramid","Black Blood"],"picked":"Ectoplasm"},{"not_picked":["Pandora\u0027s Box","Black Star"],"picked":"Astrolabe"}],"items_purged_floors":[],"is_endless":false,"potions_floor_spawned":[1,4,12,16,19,22,30,33,38,39,45],"ascension_level":0}