{"path_per_floor":["M","?","M","$","M","R","$","R","T","M","E","M","M","$","R","B",null,"M","M","M","$","M","R","$","R","T","M","M","E"],"character_chosen":"THE_SILENT","items_purchased":["Crippling Poison","Finisher","Bane","Sucker Punch","Predator","Prepared"],"gold_per_floor":[119,119,133,20,34,34,11,11,61,79,104,118,129,2,2,102,102,122,139,151,51,69,69,69,69,123,140,158,190,190],"floor_reached":30,"campfire_rested":3,"playtime":2347,"current_hp_per_floor":[70,70,66,66,63,63,63,63,63,51,55,46,41,41,62,31,70,64,51,32,32,26,47,47,68,68,51,32,18,0],"items_purged":["Strike_G"],"gold":190,"score":254,"play_id":"fd062212-3590-48d2-83a8-75b8bcd0cc45","local_time":"20180523130434","is_prod":false,"is_daily":false,"chose_seed":false,"is_ascension_mode":false,"campfire_upgraded":2,"timestamp":1527095074,"campfire_choices":[{"data":"Predator","floor":6,"key":"SMITH"},{"data":"Crippling Poison","floor":8,"key":"SMITH"},{"floor":15,"key":"REST"},{"floor":23,"key":"REST"},{"floor":25,"key":"REST"}],"path_taken":["M","?","M","$","M","R","?","R","T","M","E","M","M","$","R","BOSS","M","M","M","$","M","R","$","R","T","M","M","E","M"],"build_version":"2018-05-17","seed_source_timestamp":205619818289774,"purchased_purges":1,"victory":false,"master_deck":["Defend_G","Defend_G+1","Defend_G","Defend_G","Defend_G","Strike_G","Strike_G","Survivor","Neutralize","Slice","Finisher+1","Regret","Slice","Crippling Poison+1","Finisher","Predator+1","Bane","Backflip+1","Terror","Poisoned Stab","Sucker Punch+1","A Thousand Cuts","Dagger Spray+1","Poisoned Stab+1","Glass Knife+1","Caltrops","Dagger Spray","Deadly Poison+1","Predator","Prepared","Finisher+1","Slice","Underhanded Strike","Acrobatics"],"max_hp_per_floor":[70,70,70,70,70,70,70,70,70,70,70,70,70,70,70,70,70,70,70,70,70,70,70,70,70,70,70,70,70,70],"relics":["Ring of the Snake","Anchor","Orichalcum","War Paint","Astrolabe","Dream Catcher","Whetstone"],"card_choices":[{"not_picked":["Dodge and Roll","Acrobatics"],"picked":"Slice","floor":0},{"not_picked":["Expertise","Escape Plan"],"picked":"Finisher","floor":1},{"not_picked":["Sucker Punch","Prepared"],"picked":"Slice","floor":3},{"not_picked":["Acrobatics","Deadly Poison"],"picked":"Predator","floor":5},{"not_picked":["Masterful Stab","Quick Slash"],"picked":"Backflip","floor":10},{"not_picked":["Dagger Throw","Skewer"],"picked":"Terror","floor":11},{"not_picked":["Slice","Dagger Spray"],"picked":"Heel Hook","floor":12},{"not_picked":["Prepared","Bane"],"picked":"Poisoned Stab","floor":13},{"not_picked":["Die Die Die","After Image"],"picked":"A Thousand Cuts","floor":16},{"not_picked":["PiercingWail+1","Dagger Spray"],"picked":"Caltrops","floor":18},{"not_picked":["PiercingWail","After Image"],"picked":"Dagger Spray","floor":19},{"not_picked":["Reflex","Sucker Punch"],"picked":"Deadly Poison+1","floor":20},{"not_picked":["Flechettes","Deflect+1"],"picked":"Finisher+1","floor":22},{"not_picked":["Quick Slash+1","Skewer"],"picked":"Slice","floor":27},{"not_picked":["Predator","Flying Knee"],"picked":"Underhanded Strike","floor":28},{"not_picked":["Blade Dance","Venomology"],"picked":"Acrobatics","floor":29}],"player_experience":78559,"potions_floor_usage":[11,11,16,28,28],"damage_taken":[{"damage":0,"enemies":"2 Louse","floor":1,"turns":3},{"damage":4,"enemies":"Small Slimes","floor":3,"turns":3},{"damage":3,"enemies":"Cultist","floor":5,"turns":3},{"damage":12,"enemies":"Exordium Thugs","floor":10,"turns":4},{"damage":10,"enemies":"3 Sentries","floor":11,"turns":5},{"damage":9,"enemies":"Exordium Wildlife","floor":12,"turns":4},{"damage":5,"enemies":"Blue Slaver","floor":13,"turns":3},{"damage":31,"enemies":"The Guardian","floor":16,"turns":8},{"damage":6,"enemies":"Spheric Guardian","floor":18,"turns":3},{"damage":13,"enemies":"3 Byrds","floor":19,"turns":4},{"damage":19,"enemies":"Centurion and Healer","floor":20,"turns":4},{"damage":6,"enemies":"3 Cultists","floor":22,"turns":4},{"damage":17,"enemies":"Snecko","floor":27,"turns":4},{"damage":19,"enemies":"Cultist and Chosen","floor":28,"turns":5},{"damage":14,"enemies":"Gremlin Leader","floor":29,"turns":5},{"damage":24,"enemies":"Snake Plant","floor":30,"turns":2}],"relics_obtained":[{"floor":9,"key":"Orichalcum"},{"floor":11,"key":"War Paint"},{"floor":26,"key":"Dream Catcher"},{"floor":29,"key":"Whetstone"}],"event_choices":[{"event_name":"Big Fish","player_choice":"Box","floor":2,"damage_taken":0}],"boss_relics":[{"not_picked":["Runic Pyramid","Eternal Feather"],"picked":"Astrolabe"}],"potions_floor_spawned":[1,5,10,20,22],"seed_played":"6687004441534112441","killed_by":"Snake Plant","ascension_level":0,"potions_obtained":[{"floor":1,"key":"Swift Potion"},{"floor":5,"key":"Dexterity Potion"},{"floor":10,"key":"Regen Potion"},{"floor":20,"key":"Block Potion"},{"floor":22,"key":"AttackPotion"}],"is_trial":false}