{"gold_per_floor":[114,133,152,152,152,152,102,146,146,146,177,42,42,55,55,174,174,197,20,38,63,88,88,103,103,103,121,36,79,79,79,79,79],"floor_reached":33,"playtime":4359,"items_purged":[],"score":300,"play_id":"8ea913cd-fcfa-42f3-9d53-bc0e1158365d","local_time":"20180707172513","is_ascension_mode":false,"campfire_choices":[{"data":"A Thousand Cuts","floor":6,"key":"SMITH"},{"data":"Sucker Punch","floor":10,"key":"SMITH"},{"floor":15,"key":"REST"},{"data":"Corpse Explosion","floor":23,"key":"SMITH"},{"data":"Caltrops","floor":25,"key":"SMITH"},{"data":"Burst","floor":30,"key":"SMITH"},{"data":"Adrenaline","floor":32,"key":"SMITH"}],"neow_cost":"CURSE","seed_source_timestamp":25158825906914,"circlet_count":0,"master_deck":["Defend_G","Defend_G","Defend_G","Defend_G","Defend_G+1","Strike_G+1","Survivor","Neutralize","Parasite","A Thousand Cuts+1","Slice","Sucker Punch","Slice","Sucker Punch+1","Quick Slash+1","Adrenaline+1","Slice+1","Predator+1","Corpse Explosion+1","Predator+1","Backstab+1","Predator+1","Dash+1","Caltrops+1","Mind Blast+1","PiercingWail","PiercingWail","Backstab+1","Bane+1","Dagger Spray+1","Burst+1","Leg Sweep","Slice+1"],"relics":["Ring of the Snake","Golden Idol","Bottled Lightning","Molten Egg 2","Thread and Needle","Astrolabe","Peace Pipe","Boot","Orichalcum"],"potions_floor_usage":[16,16,27,33,33],"damage_taken":[{"damage":0,"enemies":"2 Louse","floor":1,"turns":5},{"damage":0,"enemies":"Small Slimes","floor":2,"turns":4},{"damage":7,"enemies":"Jaw Worm","floor":3,"turns":5},{"damage":6,"enemies":"3 Sentries","floor":8,"turns":5},{"damage":21,"enemies":"Lagavulin","floor":11,"turns":9},{"damage":0,"enemies":"2 Fungi Beasts","floor":14,"turns":3},{"damage":7,"enemies":"Slime Boss","floor":16,"turns":8},{"damage":0,"enemies":"Spheric Guardian","floor":18,"turns":3},{"damage":0,"enemies":"Chosen","floor":20,"turns":3},{"damage":6,"enemies":"Sentry and Sphere","floor":21,"turns":5},{"damage":0,"enemies":"Snecko","floor":22,"turns":4},{"damage":0,"enemies":"Snake Plant","floor":24,"turns":3},{"damage":4,"enemies":"3 Cultists","floor":27,"turns":5},{"damage":12,"enemies":"Slavers","floor":29,"turns":4},{"damage":102,"enemies":"Automaton","floor":33,"turns":12}],"seed_played":"4922746807884622799","potions_obtained":[{"floor":2,"key":"EssenceOfSteel"},{"floor":3,"key":"Poison Potion"},{"floor":20,"key":"Explosive Potion"},{"floor":21,"key":"Regen Potion"},{"floor":24,"key":"Fruit Juice"}],"is_trial":false,"path_per_floor":["M","M","M","?","?","R","?","E","T","R","E","$","?","M","R","B",null,"M","$","M","M","M","R","M","R","T","M","?","E","R","?","R"],"character_chosen":"THE_SILENT","items_purchased":["Adrenaline","Slice+1","Caltrops","Mind Blast+1","PiercingWail"],"campfire_rested":1,"item_purchase_floors":[12,12,19,19,19],"current_hp_per_floor":[70,70,63,49,32,32,32,26,26,26,5,5,2,2,23,16,70,70,70,70,64,64,64,64,64,64,65,65,53,53,53,53,0],"gold":79,"neow_bonus":"THREE_RARE_CARDS","is_prod":false,"is_daily":false,"chose_seed":false,"campfire_upgraded":6,"win_rate":0.0,"timestamp":1530950113,"path_taken":["M","M","M","?","?","R","?","E","T","R","E","$","?","M","R","BOSS","M","$","M","M","M","R","M","R","T","M","?","E","R","?","R","BOSS"],"build_version":"2018-07-05","purchased_purges":0,"victory":false,"max_hp_per_floor":[70,70,70,70,70,70,70,70,70,70,70,70,70,70,70,70,70,70,70,70,70,70,70,70,70,70,75,75,75,75,75,75,75],"card_choices":[{"not_picked":["Wraith Form v2","Burst"],"picked":"A Thousand Cuts","floor":0},{"not_picked":["Deadly Poison","Dodge and Roll"],"picked":"Slice","floor":1},{"not_picked":["Poisoned Stab","Glass Knife"],"picked":"Sucker Punch","floor":2},{"not_picked":["Flying Knee","Poisoned Stab"],"picked":"Slice","floor":3},{"not_picked":["Deadly Poison","Reflex"],"picked":"Sucker Punch","floor":8},{"not_picked":["Underhanded Strike+1","Burst"],"picked":"Quick Slash+1","floor":11},{"not_picked":["Expertise","Deflect"],"picked":"Predator+1","floor":14},{"not_picked":["Venomology","Adrenaline"],"picked":"Corpse Explosion","floor":16},{"not_picked":["Eviscerate+1","All Out Attack+1"],"picked":"Dash+1","floor":18},{"not_picked":["Poisoned Stab+1","Bane+1"],"picked":"PiercingWail","floor":20},{"not_picked":["Sucker Punch+1","Backflip"],"picked":"Backstab+1","floor":21},{"not_picked":["Crippling Poison","Backflip"],"picked":"Bane+1","floor":22},{"not_picked":["Prepared","Sucker Punch+1"],"picked":"Dagger Spray+1","floor":24},{"not_picked":["Choke+1","Heel Hook+1"],"picked":"Burst","floor":27},{"not_picked":["Acrobatics","Well Laid Plans"],"picked":"Leg Sweep","floor":29}],"player_experience":14822,"relics_obtained":[{"floor":8,"key":"Bottled Lightning"},{"floor":9,"key":"Molten Egg 2"},{"floor":11,"key":"Thread and Needle"},{"floor":26,"key":"Peace Pipe"},{"floor":29,"key":"Orichalcum"}],"event_choices":[{"event_name":"Shining Light","player_choice":"Entered Light","floor":4,"damage_taken":0},{"event_name":"Golden Idol","player_choice":"Take Damage","floor":5,"damage_taken":0},{"event_name":"The Cleric","player_choice":"Card Removal","floor":7,"damage_taken":0},{"event_name":"Scrap Ooze","player_choice":"unsuccessful","floor":13,"damage_taken":3},{"event_name":"Addict","player_choice":"Obtained Relic","floor":28,"damage_taken":0},{"event_name":"The Library","player_choice":"Read","floor":31,"damage_taken":0}],"boss_relics":[{"not_picked":["Runic Dome","Lizard Tail"],"picked":"Astrolabe"}],"items_purged_floors":[],"is_endless":false,"potions_floor_spawned":[2,3,20,21,24],"killed_by":"Automaton","ascension_level":0}