{"gold_per_floor":[115,134,153,166,91,123,135,135,158,158,175,185,185,206,206,206],"floor_reached":16,"playtime":1567,"items_purged":["Strike_R"],"score":186,"play_id":"843712e4-7a5f-4603-8900-d78ab4478b36","local_time":"20190102181226","is_ascension_mode":true,"campfire_choices":[{"floor":8,"key":"REST"},{"data":"Metallicize","floor":10,"key":"SMITH"},{"data":"True Grit","floor":15,"key":"SMITH"}],"neow_cost":"NONE","seed_source_timestamp":415962860913436,"circlet_count":0,"master_deck":["AscendersBane","Strike_R","Strike_R","Strike_R","Strike_R","Defend_R","Defend_R","Defend_R","Defend_R","Bash","Iron Wave","Seeing Red","Battle Trance","Metallicize+1","Headbutt","True Grit+1","Clothesline","Reaper"],"relics":["Burning Blood","Mummified Hand","Smiling Mask","Golden Idol"],"potions_floor_usage":[6,16,16],"damage_taken":[{"damage":1,"enemies":"Cultist","floor":1,"turns":4},{"damage":15,"enemies":"Small Slimes","floor":2,"turns":4},{"damage":14,"enemies":"Jaw Worm","floor":3,"turns":5},{"damage":27,"enemies":"Exordium Wildlife","floor":4,"turns":7},{"damage":45,"enemies":"3 Sentries","floor":6,"turns":11},{"damage":0,"enemies":"Blue Slaver","floor":7,"turns":6},{"damage":14,"enemies":"3 Louse","floor":11,"turns":4},{"damage":0,"enemies":"Exordium Wildlife","floor":12,"turns":5},{"damage":5,"enemies":"Exordium Thugs","floor":14,"turns":7},{"damage":55,"enemies":"Slime Boss","floor":16,"turns":12}],"seed_played":"1410048602031353415","potions_obtained":[{"floor":4,"key":"BloodPotion"},{"floor":11,"key":"Strength Potion"},{"floor":12,"key":"FearPotion"},{"floor":14,"key":"BloodPotion"}],"is_trial":false,"path_per_floor":["M","M","M","M","$","E","M","R","T","R","M","M","?","M","R","B"],"character_chosen":"IRONCLAD","items_purchased":[],"campfire_rested":1,"item_purchase_floors":[],"current_hp_per_floor":[80,71,63,42,42,11,17,41,41,41,33,39,39,40,40,0],"gold":206,"neow_bonus":"TEN_PERCENT_HP_BONUS","is_prod":false,"is_daily":false,"chose_seed":false,"campfire_upgraded":2,"win_rate":0,"timestamp":1546449146,"path_taken":["M","M","M","M","$","E","M","R","T","R","M","?","?","M","R","BOSS"],"build_version":"2019-01-01v2","purchased_purges":1,"victory":false,"max_hp_per_floor":[82,82,82,82,82,82,82,82,82,82,82,82,74,74,74,74],"card_choices":[{"not_picked":["Clothesline","Shrug It Off"],"picked":"Iron Wave","floor":1},{"not_picked":["Anger","Havoc"],"picked":"Seeing Red","floor":2},{"not_picked":["Blood for Blood","Wild Strike","Sentinel"],"picked":"SKIP","floor":3},{"not_picked":["Iron Wave","Sentinel"],"picked":"Battle Trance","floor":4},{"not_picked":["Dark Embrace","Sword Boomerang"],"picked":"Metallicize","floor":6},{"not_picked":["Clash","Corruption"],"picked":"Headbutt","floor":7},{"not_picked":["Warcry","Dropkick"],"picked":"True Grit","floor":11},{"not_picked":["Heavy Blade","Cleave"],"picked":"Clothesline","floor":12},{"not_picked":["Body Slam","Corruption"],"picked":"Reaper","floor":14}],"player_experience":410429,"relics_obtained":[{"floor":6,"key":"Mummified Hand"},{"floor":9,"key":"Smiling Mask"}],"event_choices":[{"damage_healed":0,"gold_gain":0,"player_choice":"Lose Max HP","damage_taken":0,"relics_obtained":["Golden Idol"],"max_hp_gain":0,"max_hp_loss":8,"event_name":"Golden Idol","floor":13,"gold_loss":0}],"is_beta":true,"boss_relics":[],"items_purged_floors":[5],"is_endless":false,"potions_floor_spawned":[4,11,12,14],"killed_by":"Slime Boss","ascension_level":15}