{"gold_per_floor":[110,110,70,70,20,46,46,81,107,107,107,119,130,143,143,238,238,256,272,84,84,84,84,101,117,117,117,117,117,134,234,234,234],"floor_reached":33,"playtime":1269,"items_purged":["Strike_R"],"score":354,"play_id":"43ecf6ad-1ec0-4fb5-b9b7-d348463e9998","local_time":"20181226013053","is_ascension_mode":true,"campfire_choices":[{"data":"Shockwave","floor":7.0,"key":"SMITH"},{"floor":11.0,"key":"REST"},{"data":"Flame Barrier","floor":15.0,"key":"SMITH"},{"data":"Rampage","floor":23.0,"key":"SMITH"},{"data":"Exhume","floor":28,"key":"SMITH"},{"data":"Entrench","floor":32,"key":"SMITH"}],"neow_cost":"NONE","seed_source_timestamp":2124458698742,"circlet_count":0,"master_deck":["Strike_R","Strike_R","Defend_R","Defend_R","Defend_R","Defend_R","Bash","Rampage+1","Shockwave+1","Cleave","Flame Barrier+1","Body Slam+1","Sever Soul+1","Exhume+1","Feed+1","Thunderclap+1","Bludgeon+1","Entrench+1"],"special_seed":0,"relics":["Burning Blood","Oddly Smooth Stone","Pear","Juzu Bracelet","Smiling Mask","Molten Egg 2","Cursed Key"],"potions_floor_usage":[30],"damage_taken":[{"damage":10.0,"enemies":"2 Louse","floor":1.0,"turns":2.0},{"damage":43.0,"enemies":"Gremlin Nob","floor":6.0,"turns":6.0},{"damage":27.0,"enemies":"3 Sentries","floor":8.0,"turns":6.0},{"damage":0.0,"enemies":"Jaw Worm","floor":12.0,"turns":4.0},{"damage":0.0,"enemies":"Small Slimes","floor":13.0,"turns":4.0},{"damage":0.0,"enemies":"3 Louse","floor":14.0,"turns":2.0},{"damage":23.0,"enemies":"Hexaghost","floor":16.0,"turns":9.0},{"damage":17.0,"enemies":"Shell Parasite","floor":18.0,"turns":4.0},{"damage":15.0,"enemies":"Spheric Guardian","floor":19.0,"turns":4.0},{"damage":16.0,"enemies":"Colosseum Slavers","floor":21.0,"turns":4.0},{"damage":13.0,"enemies":"Snecko","floor":24.0,"turns":4.0},{"damage":16.0,"enemies":"Snake Plant","floor":25.0,"turns":3.0},{"damage":14,"enemies":"Sentry and Sphere","floor":30,"turns":5},{"damage":70,"enemies":"Champ","floor":33,"turns":10}],"seed_played":"1327108255551410863","potions_obtained":[{"floor":6.0,"key":"EssenceOfSteel"},{"floor":8.0,"key":"Swift Potion"},{"floor":13.0,"key":"FearPotion"},{"floor":19.0,"key":"Dexterity Potion"},{"floor":24.0,"key":"Energy Potion"}],"is_trial":false,"path_per_floor":["M","?","$","?","?","E","R","E","T","?","R","M","M","M","R","B",null,"M","M","$","?","?","R","M","M","T","?","R","?","M","?","R","B"],"character_chosen":"IRONCLAD","items_purchased":["Shockwave","Bludgeon+1"],"campfire_rested":1,"item_purchase_floors":[3,20],"current_hp_per_floor":[76,81,81,74,74,47,47,26,26,8,36,42,48,54,54,37,95,84,79,79,73,52,52,45,35,35,35,35,71,67,67,67,0],"gold":234,"neow_bonus":"RANDOM_COMMON_RELIC","is_prod":false,"is_daily":false,"chose_seed":false,"campfire_upgraded":5,"win_rate":0,"timestamp":1545755453,"path_taken":["M","?","$","?","?","E","R","E","T","?","R","M","M","M","R","BOSS","M","M","$","?","?","R","M","M","T","?","R","?","M","?","R","BOSS"],"build_version":"2018-12-20","purchased_purges":1,"victory":false,"max_hp_per_floor":[80,85,85,85,85,95,95,95,95,95,95,95,95,95,95,95,95,95,99,99,103,108,108,108,108,108,108,108,108,112,112,112,112],"card_choices":[{"not_picked":["Wild Strike","Searing Blow"],"picked":"Rampage","floor":1.0},{"not_picked":["Shrug It Off","Sword Boomerang"],"picked":"Cleave","floor":6.0},{"not_picked":["True Grit","Seeing Red"],"picked":"Flame Barrier","floor":8.0},{"not_picked":["Pummel+1","Clothesline+1"],"picked":"Body Slam+1","floor":12.0},{"not_picked":["Body Slam+1","Clothesline+1"],"picked":"Sever Soul+1","floor":13.0},{"not_picked":["Reckless Charge+1","Body Slam+1"],"picked":"Exhume","floor":14.0},{"not_picked":["Demon Form","Brutality"],"picked":"Feed+1","floor":16.0},{"not_picked":["Twin Strike+1","True Grit","Fire Breathing"],"picked":"SKIP","floor":18.0},{"not_picked":["Power Through","Clothesline+1"],"picked":"Thunderclap+1","floor":19.0},{"not_picked":["Clash+1","Perfected Strike+1","Pommel Strike+1"],"picked":"SKIP","floor":24.0},{"not_picked":["Dark Embrace","Iron Wave+1","Thunderclap+1"],"picked":"SKIP","floor":25.0},{"not_picked":["Perfected Strike+1","Searing Blow+1"],"picked":"Entrench","floor":30}],"player_experience":240373,"relics_obtained":[{"floor":6.0,"key":"Pear"},{"floor":8.0,"key":"Juzu Bracelet"},{"floor":9.0,"key":"Smiling Mask"}],"event_choices":[{"damage_healed":0.0,"max_hp_gain":5.0,"max_hp_loss":0.0,"gold_gain":0.0,"event_name":"Big Fish","player_choice":"Donut","floor":2.0,"gold_loss":0.0,"damage_taken":0.0},{"cards_removed":["Strike_R"],"damage_healed":0.0,"max_hp_gain":0.0,"max_hp_loss":0.0,"gold_gain":0.0,"event_name":"Golden Wing","player_choice":"Card Removal","floor":4.0,"gold_loss":0.0,"damage_taken":7.0},{"cards_removed":["Strike_R"],"damage_healed":0.0,"max_hp_gain":0.0,"max_hp_loss":0.0,"gold_gain":0.0,"event_name":"The Cleric","player_choice":"Card Removal","floor":5.0,"gold_loss":50.0,"damage_taken":0.0},{"damage_healed":0.0,"max_hp_gain":0.0,"max_hp_loss":0.0,"gold_gain":0.0,"event_name":"Scrap Ooze","player_choice":"Success","floor":10.0,"gold_loss":0.0,"damage_taken":18.0,"relics_obtained":["Molten Egg 2"]},{"damage_healed":0.0,"max_hp_gain":0.0,"max_hp_loss":0.0,"gold_gain":0.0,"event_name":"Colosseum","player_choice":"Fight","floor":21.0,"gold_loss":0.0,"damage_taken":0.0},{"damage_healed":0.0,"max_hp_gain":0.0,"max_hp_loss":0.0,"gold_gain":0.0,"event_name":"Colosseum","player_choice":"Fled From Nobs","floor":21.0,"gold_loss":0.0,"damage_taken":0.0},{"damage_healed":0.0,"max_hp_gain":5.0,"max_hp_loss":0.0,"gold_gain":0.0,"event_name":"Forgotten Altar","player_choice":"Shed Blood","floor":22.0,"gold_loss":0.0,"damage_taken":26.0},{"damage_healed":0,"gold_gain":0,"player_choice":"Leave","damage_taken":0,"max_hp_gain":0,"max_hp_loss":0,"event_name":"FaceTrader","floor":27,"gold_loss":0},{"damage_healed":36,"gold_gain":0,"player_choice":"Heal","damage_taken":0,"max_hp_gain":0,"max_hp_loss":0,"event_name":"The Library","floor":29,"gold_loss":0},{"damage_healed":0,"gold_gain":100,"player_choice":"Pray","damage_taken":0,"max_hp_gain":0,"max_hp_loss":0,"event_name":"Golden Shrine","floor":31,"gold_loss":0}],"is_beta":false,"boss_relics":[{"not_picked":["Calling Bell","Astrolabe"],"picked":"Cursed Key"}],"items_purged_floors":[20],"is_endless":false,"potions_floor_spawned":[6,8,13,19,24],"killed_by":"Champ","ascension_level":4}