{"gold_per_floor":[115,131,131,143,38,65,65,75,130,142,8,8,38,55,55,130,130,147,147,166,166,60,60],"floor_reached":23,"playtime":1444,"items_purged":["Strike_G"],"score":392,"play_id":"29ee2ab7-cbc4-4443-9957-89bed4389ef9","local_time":"20190127112413","is_ascension_mode":true,"campfire_choices":[{"data":"Backstab","floor":7,"key":"SMITH"},{"data":"Quick Slash","floor":12,"key":"SMITH"},{"data":"Bouncing Flask","floor":15,"key":"SMITH"}],"neow_cost":"NONE","seed_source_timestamp":1457183454099295,"circlet_count":0,"master_deck":["AscendersBane","Defend_G","Defend_G","Defend_G+1","Defend_G","Defend_G","Strike_G","Survivor","Neutralize","Footwork","Leg Sweep","Quick Slash+1","Backstab+1","Predator","Quick Slash","Footwork","Escape Plan+1","Slice","Well Laid Plans","Bouncing Flask+1","Burst","Dodge and Roll","Catalyst","Backflip"],"relics":["Ring of the Snake","Mummified Hand","Anchor","War Paint","Empty Cage","The Courier"],"potions_floor_usage":[6,16,20,23],"damage_taken":[{"damage":0,"enemies":"2 Louse","floor":1,"turns":5},{"damage":5,"enemies":"Cultist","floor":2,"turns":6},{"damage":4,"enemies":"Jaw Worm","floor":4,"turns":4},{"damage":19,"enemies":"Lagavulin","floor":6,"turns":8},{"damage":0,"enemies":"Large Slime","floor":8,"turns":6},{"damage":0,"enemies":"3 Louse","floor":10,"turns":3},{"damage":1,"enemies":"3 Sentries","floor":13,"turns":12},{"damage":0,"enemies":"2 Fungi Beasts","floor":14,"turns":4},{"damage":8,"enemies":"The Guardian","floor":16,"turns":9},{"damage":0,"enemies":"Chosen","floor":18,"turns":5},{"damage":0,"enemies":"2 Thieves","floor":20,"turns":4},{"damage":61,"enemies":"Slavers","floor":23,"turns":10}],"seed_played":"-1105599071386430307","potions_obtained":[{"floor":8,"key":"Regen Potion"},{"floor":10,"key":"Energy Potion"},{"floor":13,"key":"Fire Potion"},{"floor":18,"key":"SpeedPotion"},{"floor":20,"key":"PowerPotion"}],"is_trial":false,"path_per_floor":["M","M","?","M","$","E","R","M","T","M","$","R","E","M","R","B",null,"M","T","M","?","$","E"],"character_chosen":"THE_SILENT","items_purchased":["SteroidPotion","Quick Slash","Slice","Catalyst","Backflip"],"campfire_rested":0,"item_purchase_floors":[5,5,11,22,22],"current_hp_per_floor":[59,54,54,50,50,31,31,31,31,31,31,31,30,30,30,37,59,59,59,59,59,59,0],"gold":60,"neow_bonus":"THREE_CARDS","is_prod":false,"is_daily":false,"chose_seed":false,"campfire_upgraded":3,"win_rate":0,"timestamp":1548606253,"path_taken":["M","M","?","?","$","E","R","M","T","M","?","R","E","M","R","BOSS","M","?","M","?","$","E"],"build_version":"2019-01-23","purchased_purges":1,"victory":false,"max_hp_per_floor":[66,66,66,66,66,66,66,66,66,66,66,66,66,66,66,66,66,66,66,66,66,66,66],"card_choices":[{"not_picked":["Underhanded Strike","Outmaneuver"],"picked":"Footwork","floor":0},{"not_picked":["Deflect","Deadly Poison"],"picked":"Leg Sweep","floor":1},{"not_picked":["Deflect","Endless Agony"],"picked":"Quick Slash","floor":2},{"not_picked":["Cloak And Dagger","Masterful Stab"],"picked":"Predator","floor":4},{"not_picked":["Poisoned Stab","Setup"],"picked":"Footwork","floor":6},{"not_picked":["Masterful Stab","Bane","Prepared"],"picked":"SKIP","floor":8},{"not_picked":["Quick Slash","Grand Finale"],"picked":"Escape Plan","floor":10},{"not_picked":["Predator","Backflip"],"picked":"Well Laid Plans","floor":13},{"not_picked":["Underhanded Strike","Dagger Throw"],"picked":"Bouncing Flask","floor":14},{"not_picked":["Phantasmal Killer","Die Die Die"],"picked":"Burst","floor":16},{"not_picked":["Poisoned Stab","Heel Hook","Endless Agony"],"picked":"SKIP","floor":18},{"not_picked":["Blur","Acrobatics"],"picked":"Dodge and Roll","floor":20}],"player_experience":624827,"relics_obtained":[{"floor":6,"key":"Mummified Hand"},{"floor":9,"key":"Anchor"},{"floor":13,"key":"War Paint"},{"floor":19,"key":"The Courier"}],"event_choices":[{"damage_healed":0,"gold_gain":0,"cards_transformed":["Strike_G"],"player_choice":"Transformed","damage_taken":0,"max_hp_gain":0,"max_hp_loss":0,"event_name":"Transmorgrifier","floor":3,"gold_loss":0,"cards_obtained":["Backstab"]},{"damage_healed":0,"gold_gain":0,"player_choice":"Ignored","damage_taken":0,"max_hp_gain":0,"max_hp_loss":0,"event_name":"Beggar","floor":21,"gold_loss":0}],"is_beta":false,"boss_relics":[{"not_picked":["Fusion Hammer","Eternal Feather"],"picked":"Empty Cage"}],"items_purged_floors":[11],"is_endless":false,"potions_floor_spawned":[8,10,13,18,20],"killed_by":"Slavers","ascension_level":19}