{"path_per_floor":["M","M","M","M","$","E","M","M","T","M","R","M","M","$","R","B",null,"M","M","?","M","?","R","$","E","T","M","?","$","M","M","R","B",null,"M","?","?","M","M","E","M","R","T","?","$","M","$","M","R"],"character_chosen":"THE_SILENT","items_purchased":["Underhanded Strike","Adrenaline","Toolbox","Dagger Throw"],"gold_per_floor":[11,28,43,63,38,69,82,98,125,139,139,153,163,14,14,119,119,129,149,149,167,257,257,10,41,41,54,54,9,22,41,41,139,139,150,150,150,164,174,202,216,216,216,216,116,127,2,13,13,13],"floor_reached":50,"campfire_rested":4,"playtime":5630,"item_purchase_floors":[5,14,24,29],"current_hp_per_floor":[70,67,67,61,61,66,62,60,60,58,58,58,58,58,58,57,77,61,75,75,75,54,77,77,53,53,48,48,48,40,40,63,16,77,73,73,73,73,65,46,42,65,65,65,65,50,50,34,57,0],"items_purged":["Strike_G","Normality","Injury"],"gold":13,"score":527,"play_id":"ee927718-bcea-4162-a639-3b0bcf9d32da","local_time":"20180602010255","is_prod":false,"is_daily":false,"chose_seed":false,"is_ascension_mode":false,"campfire_upgraded":2,"win_rate":0.0,"timestamp":1527915775,"campfire_choices":[{"data":"Dash","floor":11,"key":"SMITH"},{"data":"All Out Attack","floor":15,"key":"SMITH"},{"floor":23,"key":"REST"},{"floor":32,"key":"REST"},{"floor":42,"key":"REST"},{"floor":49,"key":"REST"}],"path_taken":["M","M","M","M","$","E","M","M","T","M","R","M","M","$","R","BOSS","M","M","?","?","?","R","$","E","T","?","?","$","?","M","R","BOSS","M","?","?","M","M","E","M","R","T","?","$","M","$","M","R","BOSS"],"build_version":"2018-05-31","seed_source_timestamp":106271651060005,"purchased_purges":3,"victory":false,"master_deck":["Defend_G","Defend_G","Defend_G","Defend_G","Defend_G","Strike_G","Strike_G","Strike_G","Strike_G","Survivor","Neutralize","Flying Knee","PiercingWail","Dagger Spray","Dash+1","Underhanded Strike","Glass Knife","Underhanded Strike","Slice","All Out Attack+1","Backstab","Adrenaline","Venomology","Deadly Poison","Prepared","Acrobatics","Madness","Underhanded Strike","Dagger Throw","Crippling Poison+1","Leg Sweep","Die Die Die","Swift Strike","Deflect+1","Deflect","Prepared+1"],"max_hp_per_floor":[70,70,70,70,70,77,77,77,77,77,77,77,77,77,77,77,77,77,77,77,77,77,77,77,77,77,77,77,77,77,77,77,77,77,77,77,77,77,77,77,77,77,77,77,77,77,77,77,77,77],"relics":["Ring of the Snake","Unceasing Top","Strawberry","Potion Belt","Cursed Key","Art of War","Toolbox","Vajra","Ornamental Fan","White Beast Statue","Orichalcum","Centennial Puzzle"],"card_choices":[{"not_picked":["Dagger Throw","Poisoned Stab"],"picked":"Flying Knee","floor":1},{"not_picked":["Flying Knee","Grand Finale"],"picked":"PiercingWail","floor":2},{"not_picked":["Dagger Throw","Acrobatics"],"picked":"Dagger Spray","floor":3},{"not_picked":["Blade Dance","Flying Knee"],"picked":"Dash","floor":4},{"not_picked":["Malaise","Slice"],"picked":"Glass Knife","floor":6},{"not_picked":["Slice","PiercingWail"],"picked":"Underhanded Strike","floor":7},{"not_picked":["PiercingWail","Flying Knee"],"picked":"Slice","floor":8},{"not_picked":["Outmaneuver","Sucker Punch"],"picked":"All Out Attack","floor":10},{"not_picked":["Setup","Bane"],"picked":"Infinite Blades","floor":12},{"not_picked":["Expertise","Backflip"],"picked":"Backstab","floor":13},{"not_picked":["Grand Finale","Bullet Time"],"picked":"Venomology","floor":16},{"not_picked":["Predator","Poisoned Stab"],"picked":"Deadly Poison","floor":18},{"not_picked":["Quick Slash","Flying Knee+1"],"picked":"Prepared","floor":19},{"not_picked":["Quick Slash","Dagger Throw+1"],"picked":"Acrobatics","floor":21},{"not_picked":["Envenom","Backstab"],"picked":"Underhanded Strike","floor":25},{"not_picked":["Dodge and Roll","Dagger Spray","Backflip"],"picked":"SKIP","floor":27},{"not_picked":["Blade Dance","Bouncing Flask"],"picked":"Crippling Poison+1","floor":30},{"not_picked":["Poisoned Stab","Dodge and Roll"],"picked":"Leg Sweep","floor":31},{"not_picked":["Burst","Unload"],"picked":"Die Die Die","floor":33},{"not_picked":["Sucker Punch+1","Heel Hook+1","Skewer"],"picked":"SKIP","floor":35},{"not_picked":["Dramatic Entrance","Transmutation"],"picked":"Swift Strike","floor":37},{"not_picked":["Cloak And Dagger+1","Deadly Poison+1"],"picked":"Deflect+1","floor":38},{"not_picked":["Bane+1","All Out Attack+1"],"picked":"Deflect","floor":39},{"not_picked":["Sucker Punch","Accuracy+1","Tools of the Trade"],"picked":"SKIP","floor":40},{"not_picked":["Malaise","Dagger Spray+1","Crippling Poison+1"],"picked":"SKIP","floor":41},{"not_picked":["Well Laid Plans+1","Reflex","Malaise"],"picked":"SKIP","floor":46},{"not_picked":["Poisoned Stab+1","Predator"],"picked":"Prepared+1","floor":48}],"player_experience":266382,"potions_floor_usage":[6,16,18,19,19,21,25,25,25,25,27,30,30,31,33,38,39,40,40,40,40,40,41,46,48,50,50,50,50,50,50],"damage_taken":[{"damage":0,"enemies":"2 Louse","floor":1,"turns":4},{"damage":3,"enemies":"Small Slimes","floor":2,"turns":3},{"damage":0,"enemies":"Cultist","floor":3,"turns":4},{"damage":6,"enemies":"Red Slaver","floor":4,"turns":7},{"damage":2,"enemies":"3 Sentries","floor":6,"turns":8},{"damage":4,"enemies":"Looter","floor":7,"turns":2},{"damage":2,"enemies":"Exordium Thugs","floor":8,"turns":6},{"damage":2,"enemies":"Red Slaver","floor":10,"turns":4},{"damage":0,"enemies":"2 Fungi Beasts","floor":12,"turns":3},{"damage":0,"enemies":"Looter","floor":13,"turns":2},{"damage":1,"enemies":"Slime Boss","floor":16,"turns":6},{"damage":16,"enemies":"Shell Parasite","floor":18,"turns":5},{"damage":0,"enemies":"Chosen","floor":19,"turns":4},{"damage":0,"enemies":"3 Cultists","floor":21,"turns":4},{"damage":33,"enemies":"Book of Stabbing","floor":25,"turns":6},{"damage":5,"enemies":"Snake Plant","floor":27,"turns":5},{"damage":8,"enemies":"Centurion and Healer","floor":30,"turns":3},{"damage":0,"enemies":"Chosen and Byrds","floor":31,"turns":3},{"damage":47,"enemies":"Collector","floor":33,"turns":10},{"damage":4,"enemies":"3 Shapes","floor":35,"turns":4},{"damage":0,"enemies":"Orb Walker","floor":38,"turns":3},{"damage":8,"enemies":"Maw","floor":39,"turns":8},{"damage":19,"enemies":"Giant Head","floor":40,"turns":7},{"damage":4,"enemies":"Sphere and 2 Shapes","floor":41,"turns":11},{"damage":15,"enemies":"4 Shapes","floor":46,"turns":5},{"damage":16,"enemies":"Maw","floor":48,"turns":9},{"damage":58,"enemies":"Donu and Deca","floor":50,"turns":8}],"relics_obtained":[{"floor":6,"key":"Strawberry"},{"floor":9,"key":"Potion Belt"},{"floor":25,"key":"Vajra"},{"floor":26,"key":"Ornamental Fan"},{"floor":40,"key":"Orichalcum"},{"floor":43,"key":"Centennial Puzzle"}],"event_choices":[{"event_name":"The Mausoleum","player_choice":"Yes","floor":20,"damage_taken":0},{"event_name":"Knowing Skull","player_choice":"GOLD CARD ","floor":22,"damage_taken":0},{"event_name":"Back to Basics","player_choice":"Elegance","floor":28,"damage_taken":0},{"event_name":"Tomb of Lord Red Mask","player_choice":"Ignored","floor":36,"damage_taken":0},{"event_name":"SensoryStone","player_choice":"Memory 1","floor":37,"damage_taken":0}],"boss_relics":[{"not_picked":["Tiny House","Astrolabe"],"picked":"Cursed Key"},{"not_picked":["Philosopher\u0027s Stone","Runic Dome"],"picked":"White Beast Statue"}],"items_purged_floors":[14,45,47],"potions_floor_spawned":[4,7,12,13,16,18,27,31,33,35,38,39,40,41,46,48],"seed_played":"-9212848975676014242","killed_by":"Donu and Deca","ascension_level":0,"potions_obtained":[{"floor":4,"key":"Dexterity Potion"},{"floor":7,"key":"PowerPotion"},{"floor":12,"key":"Energy Potion"},{"floor":13,"key":"Block Potion"},{"floor":16,"key":"Regen Potion"},{"floor":18,"key":"AttackPotion"},{"floor":27,"key":"Dexterity Potion"},{"floor":31,"key":"SpeedPotion"},{"floor":33,"key":"SteroidPotion"},{"floor":35,"key":"Poison Potion"},{"floor":38,"key":"LiquidBronze"},{"floor":39,"key":"GamblersBrew"},{"floor":40,"key":"GhostInAJar"},{"floor":41,"key":"SkillPotion"},{"floor":46,"key":"Ancient Potion"},{"floor":48,"key":"Poison Potion"}],"is_trial":false}