{"gold_per_floor":[119,138,150,35,46,74,74,130,130,165,165,165,183,183,183,183],"floor_reached":16,"playtime":675,"items_purged":[],"score":138,"play_id":"ed0752bf-d36d-4896-8ff4-2f7b62db89e8","local_time":"20180706081700","is_ascension_mode":true,"campfire_choices":[{"floor":7,"key":"REST"},{"floor":12,"key":"REST"},{"floor":15,"key":"REST"}],"neow_cost":"","seed_source_timestamp":213327780921840,"circlet_count":0,"master_deck":["Strike_R","Strike_R","Strike_R","Strike_R","Strike_R","Defend_R","Defend_R","Defend_R","Defend_R","Bash","Rage","Pommel Strike","Carnage","Spot Weakness","Inflame","Uppercut","Warcry","Clothesline","Battle Trance","Shrug It Off"],"special_seed":0,"relics":["Burning Blood","Calipers","Matryoshka","Juzu Bracelet","Question Card","Bag of Marbles","GremlinMask","Blood Vial"],"potions_floor_usage":[2,10,16],"damage_taken":[{"damage":1.0,"enemies":"2 Louse","floor":1.0,"turns":3.0},{"damage":1,"enemies":"Small Slimes","floor":2,"turns":2},{"damage":0,"enemies":"Cultist","floor":3,"turns":3},{"damage":13,"enemies":"2 Fungi Beasts","floor":5,"turns":3},{"damage":39,"enemies":"Lagavulin","floor":6,"turns":6},{"damage":36,"enemies":"Gremlin Nob","floor":8,"turns":4},{"damage":35,"enemies":"3 Sentries","floor":10,"turns":8},{"damage":12,"enemies":"Blue Slaver","floor":13,"turns":3},{"damage":60,"enemies":"The Guardian","floor":16,"turns":9}],"seed_played":"-8157807946598002380","potions_obtained":[{"floor":1.0,"key":"Fire Potion"},{"floor":2,"key":"GamblersBrew"},{"floor":8,"key":"BloodPotion"},{"floor":13,"key":"Weak Potion"}],"is_trial":false,"path_per_floor":["M","M","M","$","M","E","R","?","T","E","?","R","M","?","R"],"character_chosen":"IRONCLAD","items_purchased":["Spot Weakness","Inflame"],"campfire_rested":3,"item_purchase_floors":[4,4],"current_hp_per_floor":[80,80,80,80,73,40,64,34,34,13,13,37,31,28,52,0],"gold":183,"neow_bonus":"","is_prod":false,"is_daily":false,"chose_seed":false,"campfire_upgraded":0,"win_rate":0,"timestamp":1530879420,"path_taken":["M","M","M","$","M","E","R","?","T","E","?","R","M","?","R","BOSS"],"build_version":"2018-07-05","purchased_purges":0,"victory":false,"max_hp_per_floor":[80,80,80,80,80,80,80,80,80,80,80,80,80,80,80,80],"card_choices":[{"not_picked":["Rupture","Intimidate"],"picked":"Rage","floor":1.0},{"not_picked":["Anger","Combust"],"picked":"Pommel Strike","floor":2},{"not_picked":["Perfected Strike","Anger"],"picked":"Carnage","floor":3},{"not_picked":["Clash","Iron Wave"],"picked":"Uppercut","floor":5},{"not_picked":["Sever Soul","Twin Strike"],"picked":"Warcry","floor":6},{"not_picked":["Warcry","Second Wind"],"picked":"Clothesline","floor":8},{"not_picked":["Sword Boomerang","Exhume","Feel No Pain"],"picked":"Battle Trance","floor":10},{"not_picked":["Clash","Pommel Strike","Thunderclap"],"picked":"Shrug It Off","floor":13}],"player_experience":957649,"relics_obtained":[{"floor":6,"key":"Calipers"},{"floor":8,"key":"Matryoshka"},{"floor":9,"key":"Juzu Bracelet"},{"floor":9,"key":"Question Card"},{"floor":10,"key":"Bag of Marbles"}],"event_choices":[{"event_name":"Dead Adventurer","player_choice":"Searched \u00271\u0027 times","floor":8,"damage_taken":0},{"event_name":"FaceTrader","player_choice":"Trade","floor":11,"damage_taken":0},{"event_name":"Scrap Ooze","player_choice":"success","floor":14,"damage_taken":3}],"boss_relics":[],"items_purged_floors":[],"is_endless":false,"potions_floor_spawned":[1,2,8,13],"killed_by":"The Guardian","ascension_level":5}