{"gold_per_floor":[15,15,15,31,51,51,63,75,75,75,75,0,0,20,20,116,116,127,127,227,227,152,152,152,163,163,181,213,233,251,263,263,363,363,376,376,376,730,89,89],"floor_reached":40,"playtime":3083,"items_purged":["Defend_R","Bludgeon+1"],"score":416,"play_id":"72e87cc1-95e9-4fbf-9874-780b324420b2","local_time":"20180812193433","is_ascension_mode":false,"campfire_choices":[{"data":"Bash","floor":6.0,"key":"SMITH"},{"data":"Clash","floor":10.0,"key":"SMITH"},{"data":"Bludgeon","floor":15.0,"key":"SMITH"},{"data":"Dropkick","floor":23.0,"key":"SMITH"},{"floor":32.0,"key":"REST"}],"neow_cost":"NO_GOLD","seed_source_timestamp":0,"circlet_count":0,"master_deck":["Strike_R+1","Bash+1","Clash+1","Dropkick+1","Dropkick+1","Shrug It Off+1"],"special_seed":0,"relics":["Burning Blood","Paper Frog","Orrery","Darkstone Periapt","Mummified Hand","Empty Cage","Turnip","Old Coin","Matryoshka","HandDrill"],"potions_floor_usage":[40,40],"damage_taken":[{"damage":14.0,"enemies":"Small Slimes","floor":1.0,"turns":4.0},{"damage":7.0,"enemies":"2 Louse","floor":4.0,"turns":2.0},{"damage":1.0,"enemies":"Jaw Worm","floor":5.0,"turns":3.0},{"damage":15.0,"enemies":"Exordium Thugs","floor":7.0,"turns":3.0},{"damage":7.0,"enemies":"Blue Slaver","floor":8.0,"turns":2.0},{"damage":0.0,"enemies":"Exordium Wildlife","floor":14.0,"turns":2.0},{"damage":45.0,"enemies":"The Guardian","floor":16.0,"turns":8.0},{"damage":33.0,"enemies":"3 Byrds","floor":18.0,"turns":4.0},{"damage":0.0,"enemies":"Gremlin Leader","floor":24.0,"turns":1.0},{"damage":10.0,"enemies":"Spheric Guardian","floor":25.0,"turns":3.0},{"damage":0.0,"enemies":"Snake Plant","floor":27.0,"turns":2.0},{"damage":9.0,"enemies":"Book of Stabbing","floor":28.0,"turns":2.0},{"damage":10.0,"enemies":"Chosen and Byrds","floor":29.0,"turns":3.0},{"damage":8.0,"enemies":"Snecko","floor":30.0,"turns":3.0},{"damage":11.0,"enemies":"3 Cultists","floor":31.0,"turns":5.0},{"damage":70.0,"enemies":"Champ","floor":33.0,"turns":7.0},{"damage":0,"enemies":"3 Darklings","floor":35,"turns":7},{"damage":0,"floor":36,"turns":3},{"damage":51,"floor":38,"turns":4},{"damage":42,"enemies":"2 Orb Walkers","floor":40,"turns":3}],"seed_played":"-3974560244261759747","potions_obtained":[{"floor":4.0,"key":"Block Potion"},{"floor":7.0,"key":"Energy Potion"},{"floor":8.0,"key":"SkillPotion"},{"floor":18.0,"key":"SmokeBomb"},{"floor":27.0,"key":"Block Potion"},{"floor":28.0,"key":"AttackPotion"},{"floor":30.0,"key":"SpeedPotion"}],"is_trial":false,"path_per_floor":["M","?","?","M","M","R","M","M","T","R","?","$","?","M","R","B",null,"M","?","?","?","?","R","E","M","T","M","E","M","M","M","R","B",null,"M","?","?","?","$"],"character_chosen":"IRONCLAD","items_purchased":["Matryoshka","Regen Potion","HandDrill"],"campfire_rested":1,"item_purchase_floors":[39,39,39],"current_hp_per_floor":[72,56,56,55,60,60,51,50,50,50,50,50,50,56,56,17,80,53,53,53,53,53,53,59,55,55,61,58,54,52,47,71,7,80,80,80,75,30,30,0],"gold":89,"neow_bonus":"REMOVE_TWO","is_prod":false,"is_daily":false,"chose_seed":false,"campfire_upgraded":4,"win_rate":0,"timestamp":1534068273,"path_taken":["M","?","?","?","M","R","M","M","T","R","?","$","?","M","R","BOSS","M","?","?","?","?","R","E","?","T","M","E","?","M","M","R","BOSS","BOSS","M","?","?","?","$","E"],"build_version":"2018-08-09","purchased_purges":2,"victory":false,"max_hp_per_floor":[80,80,80,80,80,80,80,80,80,80,80,80,80,80,80,80,80,80,80,80,80,80,80,80,80,80,80,80,80,80,80,80,80,80,80,80,80,80,80,80],"card_choices":[{"not_picked":["Twin Strike","Pummel","Thunderclap"],"picked":"SKIP","floor":1.0},{"not_picked":["Anger","Heavy Blade","Evolve"],"picked":"SKIP","floor":4.0},{"not_picked":["Wild Strike","Warcry","True Grit"],"picked":"SKIP","floor":5.0},{"not_picked":["Sword Boomerang","Anger"],"picked":"Clash","floor":7.0},{"not_picked":["Whirlwind","Intimidate","Sword Boomerang"],"picked":"SKIP","floor":8.0},{"not_picked":["Headbutt","Cleave","Rupture"],"picked":"SKIP","floor":14.0},{"not_picked":["Shrug It Off","Pommel Strike"],"picked":"Dropkick","floor":17.0},{"not_picked":["Headbutt","Power Through"],"picked":"Dropkick","floor":17.0},{"not_picked":["Flame Barrier","True Grit","Armaments"],"picked":"SKIP","floor":18.0},{"not_picked":["Iron Wave","Hemokinesis+1","Seeing Red"],"picked":"SKIP","floor":25.0},{"not_picked":["Dropkick+1","True Grit","Intimidate+1"],"picked":"SKIP","floor":27.0},{"not_picked":["Sever Soul+1","Wild Strike","Reaper"],"picked":"SKIP","floor":28.0},{"not_picked":["True Grit","Pommel Strike"],"picked":"Shrug It Off+1","floor":29.0},{"not_picked":["Seeing Red+1","Dual Wield","Rage"],"picked":"SKIP","floor":30.0},{"not_picked":["Headbutt","Warcry","Dual Wield"],"picked":"SKIP","floor":31.0},{"not_picked":["Clash","Armaments","True Grit"],"picked":"SKIP","floor":35}],"player_experience":323686,"relics_obtained":[{"floor":9.0,"key":"Paper Frog"},{"floor":26.0,"key":"Darkstone Periapt"},{"floor":28.0,"key":"Mummified Hand"},{"floor":36,"key":"Turnip"},{"floor":38,"key":"Old Coin"}],"event_choices":[{"event_name":"Shining Light","player_choice":"Entered Light","floor":2.0,"damage_taken":0.0},{"event_name":"Transmorgrifier","player_choice":"Transform","floor":3.0,"damage_taken":0.0},{"event_name":"Dead Adventurer","player_choice":"Searched \u00270\u0027 times","floor":11.0,"damage_taken":0.0},{"event_name":"Purifier","player_choice":"One Purge","floor":13.0,"damage_taken":0.0},{"event_name":"Vampires","player_choice":"Ignored","floor":19.0,"damage_taken":0.0},{"event_name":"Golden Shrine","player_choice":"Pray","floor":20.0,"damage_taken":0.0},{"event_name":"Accursed Blacksmith","player_choice":"Forge","floor":21.0,"damage_taken":0.0},{"event_name":"Beggar","player_choice":"Gave Gold","floor":22.0,"damage_taken":0.0},{"event_name":"MindBloom","player_choice":"Fight","floor":36,"damage_taken":0},{"event_name":"SensoryStone","player_choice":"Memory 2","floor":37,"damage_taken":0},{"event_name":"Mysterious Sphere","player_choice":"Fight","floor":38,"damage_taken":0}],"is_beta":false,"boss_relics":[{"not_picked":["Astrolabe","Sozu"],"picked":"Orrery"},{"not_picked":["Black Blood","Cursed Key"],"picked":"Empty Cage"}],"items_purged_floors":[12,39],"is_endless":false,"potions_floor_spawned":[4,7,8,18,27,28,30],"killed_by":"2 Orb Walkers","ascension_level":0}