{"gold_per_floor":[118,118,118,131,131,190,190,200,200,211,223,223,243,261,261,361,361,372,372],"floor_reached":19,"playtime":992,"items_purged":[],"score":196,"play_id":"f5a50c38-8caa-4c76-af98-f492fff89d4a","local_time":"20190110162102","is_ascension_mode":false,"campfire_choices":[{"data":"Caltrops","floor":12,"key":"SMITH"},{"floor":15,"key":"REST"}],"neow_cost":"NONE","seed_source_timestamp":1746371106968294,"circlet_count":0,"master_deck":["Defend_G","Defend_G","Defend_G","Defend_G","Defend_G","Strike_G","Strike_G","Strike_G","Strike_G","Strike_G","Survivor","Neutralize","Sucker Punch","Sucker Punch","Blade Dance","Predator","Caltrops+1","Sucker Punch","Flying Knee","Noxious Fumes","Adrenaline"],"relics":["Ring of the Snake","NeowsBlessing","Tiny Chest","Kunai"],"potions_floor_usage":[16,18,18,19,19],"damage_taken":[{"damage":0,"enemies":"Small Slimes","floor":1,"turns":1},{"damage":0,"enemies":"Cultist","floor":4,"turns":1},{"damage":0,"enemies":"Lagavulin","floor":6,"turns":1},{"damage":8,"enemies":"Jaw Worm","floor":8,"turns":3},{"damage":1,"enemies":"Large Slime","floor":10,"turns":6},{"damage":13,"enemies":"Exordium Thugs","floor":11,"turns":4},{"damage":4,"enemies":"Looter","floor":13,"turns":3},{"damage":20,"enemies":"Lots of Slimes","floor":14,"turns":3},{"damage":12,"enemies":"The Guardian","floor":16,"turns":13},{"damage":10,"enemies":"Shell Parasite","floor":18,"turns":5},{"damage":25,"enemies":"Colosseum Slavers","floor":19,"turns":6},{"damage":35,"enemies":"Colosseum Nobs","floor":19,"turns":3}],"seed_played":"-5309431469733333912","potions_obtained":[{"floor":2,"key":"SpeedPotion"},{"floor":2,"key":"Weak Potion"},{"floor":2,"key":"SteroidPotion"},{"floor":16,"key":"Energy Potion"},{"floor":18,"key":"FearPotion"}],"is_trial":false,"path_per_floor":["M","?","$","M","$","E","?","M","T","M","M","R","M","M","R","B",null,"M","?"],"character_chosen":"THE_SILENT","items_purchased":[],"campfire_rested":1,"item_purchase_floors":[],"current_hp_per_floor":[70,70,70,70,70,70,70,62,62,61,48,48,44,24,45,33,70,60,0],"gold":372,"neow_bonus":"THREE_ENEMY_KILL","is_prod":false,"is_daily":false,"chose_seed":false,"campfire_upgraded":1,"win_rate":0.0,"timestamp":1547166062,"path_taken":["M","?","?","M","$","E","?","?","T","M","M","R","M","M","R","BOSS","M","?"],"build_version":"2019-01-03v4","purchased_purges":0,"victory":false,"max_hp_per_floor":[70,70,70,70,70,70,70,70,70,70,70,70,70,70,70,70,70,70,70],"card_choices":[{"not_picked":["Quick Slash","Dagger Throw"],"picked":"Sucker Punch","floor":1},{"not_picked":["Heel Hook","Backflip"],"picked":"Sucker Punch","floor":4},{"not_picked":["Dash","Infinite Blades"],"picked":"Blade Dance","floor":6},{"not_picked":["Acrobatics","Deadly Poison"],"picked":"Predator","floor":8},{"not_picked":["Outmaneuver","Footwork"],"picked":"Caltrops","floor":10},{"not_picked":["PiercingWail","Outmaneuver"],"picked":"Sucker Punch","floor":11},{"not_picked":["Prepared","Eviscerate"],"picked":"Flying Knee","floor":13},{"not_picked":["Bane","Predator"],"picked":"Noxious Fumes","floor":14},{"not_picked":["Venomology","After Image"],"picked":"Adrenaline","floor":16},{"not_picked":["Quick Slash","Bane","All Out Attack"],"picked":"SKIP","floor":18}],"player_experience":106018,"relics_obtained":[{"floor":6,"key":"Tiny Chest"},{"floor":9,"key":"Kunai"}],"event_choices":[{"damage_healed":0,"gold_gain":0,"player_choice":"Got Potions","damage_taken":0,"max_hp_gain":0,"max_hp_loss":0,"event_name":"Lab","floor":2,"gold_loss":0},{"damage_healed":0,"gold_gain":0,"player_choice":"Leave","damage_taken":0,"max_hp_gain":0,"max_hp_loss":0,"event_name":"The Cleric","floor":7,"gold_loss":0},{"damage_healed":0,"gold_gain":0,"player_choice":"Fight","damage_taken":0,"max_hp_gain":0,"max_hp_loss":0,"event_name":"Colosseum","floor":19,"gold_loss":0},{"damage_healed":0,"gold_gain":0,"player_choice":"Fought Nobs","damage_taken":0,"max_hp_gain":0,"max_hp_loss":0,"event_name":"Colosseum","floor":19,"gold_loss":0}],"is_beta":false,"boss_relics":[{"not_picked":["Astrolabe","Philosopher\u0027s Stone","Velvet Choker"]}],"items_purged_floors":[],"is_endless":false,"potions_floor_spawned":[6,8,16,18],"killed_by":"Colosseum Nobs","ascension_level":0}