{"gold_per_floor":[111,122,7,20,20,50,50,60,60,78,98,98,98,21,21,95,95,109,59,69,69,83,116,116],"floor_reached":24,"playtime":1358,"items_purged":["Strike_B"],"score":436,"play_id":"f68eda10-7ad5-414e-b005-b2f5086658d3","local_time":"20190208142542","is_ascension_mode":true,"campfire_choices":[{"floor":7,"key":"REST"},{"floor":12,"key":"REST"},{"data":"Zap","floor":15,"key":"SMITH"}],"neow_cost":"NONE","seed_source_timestamp":431957581569501,"circlet_count":0,"master_deck":["AscendersBane","Strike_B","Strike_B","Defend_B","Defend_B","Defend_B","Defend_B","Zap+1","Dualcast","FTL","Ball Lightning","Reinforced Body+1","Capacitor","Tempest","Auto Shields","Hologram","Cold Snap","Coolheaded","Sweeping Beam","Electrodynamics","Hologram","Thunder Strike"],"relics":["Cracked Core","NeowsBlessing","Blood Vial","Lantern","Sozu","Singing Bowl"],"potions_floor_usage":[6,16,23],"damage_taken":[{"damage":0,"enemies":"Jaw Worm","floor":1,"turns":1},{"damage":0,"enemies":"Cultist","floor":2,"turns":1},{"damage":0,"enemies":"2 Louse","floor":4,"turns":1},{"damage":52,"enemies":"Lagavulin","floor":6,"turns":7},{"damage":10,"enemies":"Looter","floor":8,"turns":3},{"damage":20,"enemies":"Exordium Wildlife","floor":10,"turns":4},{"damage":4,"enemies":"Large Slime","floor":11,"turns":6},{"damage":9,"enemies":"The Guardian","floor":16,"turns":13},{"damage":33,"enemies":"2 Thieves","floor":18,"turns":3},{"damage":11,"enemies":"Shell Parasite","floor":20,"turns":8},{"damage":0,"enemies":"3 Cultists","floor":22,"turns":3},{"damage":28,"enemies":"Slavers","floor":23,"turns":4},{"damage":6,"enemies":"Cultist and Chosen","floor":24,"turns":2}],"seed_played":"5910573878448876033","potions_obtained":[{"floor":4,"key":"Regen Potion"},{"floor":8,"key":"PowerPotion"},{"floor":11,"key":"SpeedPotion"}],"is_trial":false,"path_per_floor":["M","M","$","M","?","E","R","M","T","M","M","R","?","$","R","B",null,"M","?","M","$","M","E","M"],"character_chosen":"DEFECT","items_purchased":["Reinforced Body","Coolheaded","Sweeping Beam"],"campfire_rested":2,"item_purchase_floors":[3,14,14],"current_hp_per_floor":[64,64,64,64,64,27,48,40,40,22,20,41,64,64,64,57,68,37,37,28,28,30,4,0],"gold":116,"neow_bonus":"THREE_ENEMY_KILL","is_prod":false,"is_daily":false,"chose_seed":false,"campfire_upgraded":1,"win_rate":0,"timestamp":1549653942,"path_taken":["M","M","$","M","?","E","R","M","T","?","M","R","?","$","R","BOSS","M","?","M","$","M","E","?"],"build_version":"2019-01-23","purchased_purges":1,"victory":false,"max_hp_per_floor":[71,71,71,71,71,71,71,71,71,71,71,71,71,71,71,71,71,71,71,71,71,71,71,71],"card_choices":[{"not_picked":["Rebound","Chaos"],"picked":"FTL","floor":1},{"not_picked":["Steam","Turbo"],"picked":"Ball Lightning","floor":2},{"not_picked":["Streamline","Turbo"],"picked":"Capacitor","floor":4},{"not_picked":["Beam Cell","Compile Driver"],"picked":"Tempest","floor":6},{"not_picked":["Stack","Fusion"],"picked":"Auto Shields","floor":8},{"not_picked":["Undo","Meteor Strike"],"picked":"Hologram","floor":10},{"not_picked":["Streamline","Darkness"],"picked":"Cold Snap","floor":11},{"not_picked":["Creative AI","Buffer"],"picked":"Electrodynamics","floor":16},{"not_picked":["Aggregate","Fusion","Gash"],"picked":"SKIP","floor":18},{"not_picked":["Turbo","FTL"],"picked":"Hologram","floor":20},{"not_picked":["Aggregate","Streamline+1","Heatsinks"],"picked":"SKIP","floor":22},{"not_picked":["Scrape+1","Fusion+1"],"picked":"Thunder Strike","floor":23}],"player_experience":2355318,"relics_obtained":[{"floor":6,"key":"Blood Vial"},{"floor":9,"key":"Lantern"},{"floor":23,"key":"Singing Bowl"}],"event_choices":[{"cards_removed":["Strike_B"],"damage_healed":0,"gold_gain":0,"player_choice":"Purged","damage_taken":0,"max_hp_gain":0,"max_hp_loss":0,"event_name":"Purifier","floor":5,"gold_loss":0},{"damage_healed":23,"gold_gain":0,"player_choice":"Banana","damage_taken":0,"max_hp_gain":0,"max_hp_loss":0,"event_name":"Big Fish","floor":13,"gold_loss":0},{"damage_healed":0,"gold_gain":0,"player_choice":"Upgrade","damage_taken":0,"max_hp_gain":0,"max_hp_loss":0,"event_name":"Designer","floor":19,"gold_loss":50,"cards_upgraded":["Reinforced Body"]}],"is_beta":false,"boss_relics":[{"not_picked":["Lizard Tail","Inserter"],"picked":"Sozu"}],"items_purged_floors":[3],"is_endless":false,"potions_floor_spawned":[4,8,11],"killed_by":"Cultist and Chosen","ascension_level":20}