{"gold_per_floor":[218,228,193,193,243,243,271,271,271,284,297,312,330,344,344,421,421,435,435,12,12,12,12,12,23,101,120,120,138,9,9,9,82,82,92,92,17,0,12,12,31,31],"floor_reached":42,"playtime":2486,"items_purged":["Strike_B+1"],"score":780,"play_id":"be5fe410-5496-4f60-8eee-700c44f062c9","local_time":"20190130181807","is_ascension_mode":true,"campfire_choices":[{"floor":6,"key":"REST"},{"floor":8,"key":"REST"},{"floor":15,"key":"REST"},{"floor":23,"key":"REST"},{"floor":32,"key":"REST"},{"floor":40,"key":"REST"}],"neow_cost":"NONE","seed_source_timestamp":537673563069883,"circlet_count":0,"master_deck":["AscendersBane","Strike_B+1","Defend_B+1","Defend_B+1","Defend_B+1","Defend_B+1","Zap","Dualcast","Conserve Battery","Coolheaded","Glacier","Ball Lightning","Self Repair","Consume","Heatsinks","Hologram","Electrodynamics","Glacier","Capacitor","Steam","Machine Learning","Self Repair","Coolheaded+1","Redo","Coolheaded","Conserve Battery","Seek","Static Discharge","Storm","Barrage","Blizzard"],"relics":["Cracked Core","Boot","Pen Nib","StoneCalendar","Velvet Choker","Incense Burner","Ornamental Fan","Eternal Feather","Red Mask"],"potions_floor_usage":[10,12,28,33,42],"damage_taken":[{"damage":11,"enemies":"2 Louse","floor":1,"turns":2},{"damage":22,"enemies":"Small Slimes","floor":2,"turns":4},{"damage":42,"enemies":"Lagavulin","floor":7,"turns":8},{"damage":0,"enemies":"Cultist","floor":10,"turns":4},{"damage":5,"enemies":"Lots of Slimes","floor":11,"turns":5},{"damage":15,"enemies":"Exordium Wildlife","floor":12,"turns":6},{"damage":11,"enemies":"Large Slime","floor":13,"turns":6},{"damage":6,"enemies":"Blue Slaver","floor":14,"turns":5},{"damage":26,"enemies":"Slime Boss","floor":16,"turns":9},{"damage":39,"enemies":"Shell Parasite","floor":18,"turns":7},{"damage":3,"enemies":"2 Thieves","floor":25,"turns":5},{"damage":38,"enemies":"Shelled Parasite and Fungi","floor":27,"turns":7},{"damage":0,"enemies":"3 Cultists","floor":28,"turns":2},{"damage":20,"enemies":"Snake Plant","floor":29,"turns":7},{"damage":25,"enemies":"Collector","floor":33,"turns":19},{"damage":41,"enemies":"3 Darklings","floor":35,"turns":6},{"damage":24,"enemies":"Orb Walker","floor":39,"turns":6},{"damage":12,"enemies":"4 Shapes","floor":41,"turns":5},{"damage":64,"enemies":"Giant Head","floor":42,"turns":10}],"seed_played":"176619955037157392","potions_obtained":[{"floor":7,"key":"Regen Potion"},{"floor":11,"key":"EntropicBrew"},{"floor":13,"key":"SmokeBomb"},{"floor":27,"key":"Dexterity Potion"},{"floor":39,"key":"FocusPotion"}],"is_trial":false,"path_per_floor":["M","M","?","?","?","R","E","R","T","M","M","M","M","M","R","B",null,"M","?","$","?","?","R","$","M","T","M","M","M","$","?","R","B",null,"M","?","$","?","M","R","M","E"],"character_chosen":"DEFECT","items_purchased":["Incense Burner","Capacitor","Steam","Conserve Battery","Storm"],"campfire_rested":6,"item_purchase_floors":[20,20,20,30,37],"current_hp_per_floor":[53,31,48,37,37,58,16,37,37,46,41,33,29,30,51,32,61,29,29,29,29,29,50,50,61,61,37,37,31,31,45,66,55,67,40,40,40,40,30,69,57,0],"gold":31,"neow_bonus":"HUNDRED_GOLD","is_prod":false,"is_daily":false,"chose_seed":false,"campfire_upgraded":0,"win_rate":0,"timestamp":1548890287,"path_taken":["M","M","?","?","?","R","E","R","T","M","?","M","?","M","R","BOSS","M","?","$","?","?","R","?","M","T","M","M","?","$","?","R","BOSS","M","?","$","?","M","R","M","E"],"build_version":"2019-01-23","purchased_purges":1,"victory":false,"max_hp_per_floor":[71,71,71,71,71,71,71,71,71,71,71,71,71,71,71,71,71,71,71,71,71,71,71,71,71,71,71,71,71,71,71,71,71,71,71,71,71,71,71,71,71,71],"card_choices":[{"not_picked":["Stack","Streamline"],"picked":"Conserve Battery","floor":1},{"not_picked":["Stack","Go for the Eyes"],"picked":"Coolheaded","floor":2},{"not_picked":["Skim","Beam Cell"],"picked":"Glacier","floor":7},{"not_picked":["Redo","Sunder"],"picked":"Ball Lightning","floor":10},{"not_picked":["Sweeping Beam","Hologram"],"picked":"Self Repair","floor":11},{"not_picked":["Redo","Hello World"],"picked":"Consume","floor":12},{"not_picked":["Hello World","Go for the Eyes"],"picked":"Heatsinks","floor":13},{"not_picked":["Rebound","Redo"],"picked":"Hologram","floor":14},{"not_picked":["Buffer","Rainbow"],"picked":"Electrodynamics","floor":16},{"not_picked":["Hologram","Reinforced Body+1"],"picked":"Glacier","floor":18},{"not_picked":["Compile Driver","Ball Lightning"],"picked":"Coolheaded+1","floor":25},{"not_picked":["Stack","Hologram"],"picked":"Redo","floor":27},{"not_picked":["Core Surge","Leap"],"picked":"Coolheaded","floor":29},{"not_picked":["Multi-Cast","Biased Cognition"],"picked":"Seek","floor":33},{"not_picked":["Streamline","Go for the Eyes"],"picked":"Static Discharge","floor":35},{"not_picked":["Leap","Undo"],"picked":"Barrage","floor":39},{"not_picked":["Static Discharge","Ball Lightning"],"picked":"Blizzard","floor":41}],"player_experience":2241610,"relics_obtained":[{"floor":7,"key":"Pen Nib"},{"floor":9,"key":"StoneCalendar"},{"floor":26,"key":"Ornamental Fan"}],"event_choices":[{"damage_healed":17,"gold_gain":0,"player_choice":"Healed","damage_taken":0,"max_hp_gain":0,"max_hp_loss":0,"event_name":"The Cleric","floor":3,"gold_loss":35},{"damage_healed":0,"gold_gain":0,"player_choice":"Success","damage_taken":11,"relics_obtained":["Boot"],"max_hp_gain":0,"max_hp_loss":0,"event_name":"Scrap Ooze","floor":4,"gold_loss":0},{"damage_healed":0,"gold_gain":50,"player_choice":"Pray","damage_taken":0,"max_hp_gain":0,"max_hp_loss":0,"event_name":"Golden Shrine","floor":5,"gold_loss":0},{"damage_healed":0,"gold_gain":0,"player_choice":"Simplicity","damage_taken":0,"max_hp_gain":0,"max_hp_loss":0,"event_name":"Back to Basics","floor":19,"gold_loss":0,"cards_upgraded":["Strike_B","Strike_B","Strike_B","Strike_B","Defend_B","Defend_B","Defend_B","Defend_B"]},{"damage_healed":0,"gold_gain":0,"player_choice":"Ignored","damage_taken":0,"max_hp_gain":0,"max_hp_loss":0,"event_name":"Ghosts","floor":21,"gold_loss":0},{"damage_healed":0,"gold_gain":0,"cards_transformed":["Strike_B","Strike_B"],"player_choice":"Became Test Subject","damage_taken":0,"max_hp_gain":0,"max_hp_loss":0,"event_name":"Drug Dealer","floor":22,"gold_loss":0,"cards_obtained":["Machine Learning","Self Repair"]},{"damage_healed":14,"gold_gain":0,"player_choice":"Heal","damage_taken":0,"max_hp_gain":0,"max_hp_loss":0,"event_name":"The Library","floor":31,"gold_loss":0},{"damage_healed":0,"gold_gain":0,"player_choice":"Ignored","damage_taken":0,"max_hp_gain":0,"max_hp_loss":0,"event_name":"Mysterious Sphere","floor":36,"gold_loss":0},{"damage_healed":0,"gold_gain":0,"player_choice":"Paid","damage_taken":0,"relics_obtained":["Red Mask"],"max_hp_gain":0,"max_hp_loss":0,"event_name":"Tomb of Lord Red Mask","floor":38,"gold_loss":17}],"is_beta":false,"boss_relics":[{"not_picked":["White Beast Statue","Lizard Tail"],"picked":"Velvet Choker"},{"not_picked":["Fusion Hammer","Orrery"],"picked":"Eternal Feather"}],"items_purged_floors":[30],"is_endless":false,"potions_floor_spawned":[7,11,13,27,28,39],"killed_by":"Giant Head","ascension_level":19}