{"gold_per_floor":[116,116,130,130,144,144,144,171,171,190,200,214,214,59,59,158,158,176,56,56,56,6,21,21,78,102,115,24,44,44,57,57,160,160,176,176,176,176,187,220,170,170,245,245],"floor_reached":44,"playtime":3940,"items_purged":["Strike_G","Strike_G","Underhanded Strike+1","Flechettes+1","Defend_G"],"score":479,"play_id":"5e01dc7c-93e4-4cf1-b103-f05877421cd1","local_time":"20190206082729","is_ascension_mode":true,"campfire_choices":[{"data":"Backstab","floor":6,"key":"SMITH"},{"floor":13,"key":"RECALL"},{"data":"Well Laid Plans","floor":15,"key":"SMITH"},{"data":"Calculated Gamble","floor":24,"key":"SMITH"},{"data":"After Image","floor":30,"key":"SMITH"},{"data":"Backstab","floor":32,"key":"SMITH"}],"neow_cost":"NONE","seed_source_timestamp":2444747015127304,"circlet_count":0,"master_deck":["Defend_G","Defend_G","Defend_G","Survivor","Neutralize+1","Dagger Spray+1","Backstab+1","Infinite Blades","Infinite Blades","Caltrops","Caltrops","Well Laid Plans+1","Backstab+1","After Image+1","After Image+1","Infinite Blades","Calculated Gamble+1","Cloak And Dagger+1","Footwork","Die Die Die","Injury","Calculated Gamble+1","Normality"],"relics":["Ring of the Snake","Sundial","Smiling Mask","Astrolabe","Meat on the Bone","Paper Crane","Tiny Chest","Cursed Key","Pantograph","Strawberry","Molten Egg 2"],"potions_floor_usage":[8,25,31,40,44],"damage_taken":[{"damage":0,"enemies":"Cultist","floor":1,"turns":4},{"damage":0,"enemies":"2 Louse","floor":3,"turns":3},{"damage":0,"enemies":"Jaw Worm","floor":5,"turns":2},{"damage":1,"enemies":"3 Sentries","floor":8,"turns":6},{"damage":0,"enemies":"Exordium Thugs","floor":10,"turns":3},{"damage":0,"enemies":"Large Slime","floor":11,"turns":5},{"damage":1,"enemies":"3 Louse","floor":12,"turns":3},{"damage":32,"enemies":"Hexaghost","floor":16,"turns":9},{"damage":0,"enemies":"Shell Parasite","floor":18,"turns":5},{"damage":0,"enemies":"3 Byrds","floor":23,"turns":4},{"damage":7,"enemies":"Gremlin Leader","floor":25,"turns":9},{"damage":1,"enemies":"Cultist and Chosen","floor":27,"turns":6},{"damage":10,"enemies":"Centurion and Healer","floor":29,"turns":7},{"damage":3,"enemies":"Shelled Parasite and Fungi","floor":31,"turns":6},{"damage":25,"enemies":"Collector","floor":33,"turns":15},{"damage":0,"enemies":"3 Shapes","floor":35,"turns":4},{"damage":10,"enemies":"Orb Walker","floor":39,"turns":4},{"damage":24,"enemies":"Reptomancer","floor":40,"turns":7},{"damage":55,"enemies":"Giant Head","floor":44,"turns":9}],"seed_played":"-439348011526540486","potions_obtained":[{"floor":1,"key":"SpeedPotion"},{"floor":2,"key":"Ancient Potion"},{"floor":2,"key":"AttackPotion"},{"floor":8,"key":"SteroidPotion"},{"floor":18,"key":"Energy Potion"},{"floor":33,"key":"Strength Potion"},{"floor":39,"key":"EssenceOfSteel"}],"is_trial":false,"path_per_floor":["M","?","M","?","M","R","?","E","T","M","M","M","R","$","R","B",null,"M","$","?","?","$","M","R","E","T","M","$","M","R","M","R","B",null,"M","?","T","?","M","E","$","?","T","E"],"character_chosen":"THE_SILENT","items_purchased":["Well Laid Plans","Backstab","Infinite Blades","Footwork"],"campfire_rested":0,"item_purchase_floors":[14,14,19,28],"current_hp_per_floor":[70,70,70,63,63,63,63,62,62,62,62,61,61,61,61,29,70,70,70,70,70,70,70,70,63,63,62,62,52,52,49,49,36,70,70,70,70,70,60,43,43,43,43,0],"gold":245,"neow_bonus":"UPGRADE_CARD","is_prod":false,"is_daily":false,"chose_seed":false,"campfire_upgraded":5,"win_rate":0,"timestamp":1549463249,"path_taken":["M","?","?","?","M","R","?","E","T","M","?","M","R","$","R","BOSS","M","$","?","?","$","M","R","E","T","M","$","M","R","?","R","BOSS","M","?","?","?","?","E","$","?","T","E"],"build_version":"2019-01-23","purchased_purges":5,"victory":false,"max_hp_per_floor":[70,70,70,70,70,70,70,70,70,70,70,70,70,70,70,70,70,70,70,70,70,70,70,70,70,70,70,70,70,70,70,70,70,70,70,70,70,70,70,77,77,77,77,77],"card_choices":[{"not_picked":["Quick Slash","Distraction"],"picked":"Dagger Spray","floor":1},{"not_picked":["Infinite Blades","Expertise"],"picked":"Backstab","floor":3},{"not_picked":["PiercingWail","Dagger Spray","Eviscerate"],"picked":"SKIP","floor":5},{"not_picked":["All Out Attack","Bouncing Flask"],"picked":"Infinite Blades","floor":8},{"not_picked":["Dagger Throw","Blade Dance"],"picked":"Infinite Blades","floor":10},{"not_picked":["Bane","PiercingWail"],"picked":"Caltrops","floor":11},{"not_picked":["Bane","Predator"],"picked":"Caltrops","floor":12},{"not_picked":["A Thousand Cuts","Burst"],"picked":"After Image","floor":16},{"not_picked":["Poisoned Stab+1","Reflex","Deflect"],"picked":"SKIP","floor":18},{"not_picked":["Prepared","Predator"],"picked":"Calculated Gamble","floor":23},{"not_picked":["Dagger Throw","Underhanded Strike","Night Terror"],"picked":"SKIP","floor":25},{"not_picked":["Escape Plan+1","Deadly Poison"],"picked":"Cloak And Dagger+1","floor":27},{"not_picked":["Well Laid Plans","Bouncing Flask+1","Bane+1"],"picked":"SKIP","floor":29},{"not_picked":["Bouncing Flask+1","Bane+1"],"picked":"Well Laid Plans","floor":29},{"not_picked":["Choke","Bouncing Flask","Bane+1"],"picked":"SKIP","floor":31},{"not_picked":["Storm of Steel","Corpse Explosion"],"picked":"Die Die Die","floor":33},{"not_picked":["Slice","Predator+1","Cloak And Dagger"],"picked":"SKIP","floor":35},{"not_picked":["Dagger Throw+1","Infinite Blades"],"picked":"Calculated Gamble+1","floor":39},{"not_picked":["Footwork","Heel Hook+1","Dagger Throw+1"],"picked":"SKIP","floor":40}],"player_experience":40946,"relics_obtained":[{"floor":8,"key":"Sundial"},{"floor":9,"key":"Smiling Mask"},{"floor":25,"key":"Tiny Chest"},{"floor":37,"key":"Pantograph"},{"floor":40,"key":"Strawberry"},{"floor":43,"key":"Molten Egg 2"}],"event_choices":[{"damage_healed":0,"gold_gain":0,"player_choice":"Got Potions","damage_taken":0,"max_hp_gain":0,"max_hp_loss":0,"event_name":"Lab","floor":2,"gold_loss":0},{"cards_removed":["Defend_G"],"damage_healed":0,"gold_gain":0,"player_choice":"Card Removal","damage_taken":7,"max_hp_gain":0,"max_hp_loss":0,"event_name":"Golden Wing","floor":4,"gold_loss":0},{"damage_healed":0,"gold_gain":0,"player_choice":"Forge","damage_taken":0,"max_hp_gain":0,"max_hp_loss":0,"event_name":"Accursed Blacksmith","floor":7,"gold_loss":0,"cards_upgraded":["Dagger Spray"]},{"damage_healed":0,"gold_gain":0,"player_choice":"Opened","damage_taken":0,"relics_obtained":["Meat on the Bone"],"max_hp_gain":0,"max_hp_loss":0,"event_name":"The Mausoleum","floor":20,"gold_loss":0},{"damage_healed":0,"gold_gain":0,"player_choice":"Gave Potion","damage_taken":0,"relics_obtained":["Paper Crane"],"max_hp_gain":0,"max_hp_loss":0,"event_name":"WeMeetAgain","floor":21,"gold_loss":0},{"damage_healed":0,"gold_gain":0,"player_choice":"Ignored","damage_taken":0,"max_hp_gain":0,"max_hp_loss":0,"event_name":"Tomb of Lord Red Mask","floor":36,"gold_loss":0},{"damage_healed":0,"gold_gain":0,"player_choice":"Ignored","damage_taken":0,"max_hp_gain":0,"max_hp_loss":0,"event_name":"SecretPortal","floor":38,"gold_loss":0},{"cards_removed":["Well Laid Plans"],"damage_healed":0,"gold_gain":0,"player_choice":"Removed Power","damage_taken":0,"max_hp_gain":0,"max_hp_loss":0,"event_name":"Falling","floor":42,"gold_loss":0}],"is_beta":true,"boss_relics":[{"not_picked":["Empty Cage","Snecko Eye"],"picked":"Astrolabe"},{"not_picked":["HoveringKite","Tiny House"],"picked":"Cursed Key"}],"items_purged_floors":[14,19,22,28,41],"is_endless":false,"potions_floor_spawned":[1,8,10,11,18,33,39],"killed_by":"Giant Head","ascension_level":1}