{"gold_per_floor":[14,29,29,45,45,45,66,91,116,116,151,151,16,16,16,115,115,128,128,78,78,78,78,93,107,107,22,22,35,35,49,49,144,144,167,167,183,23,43,62,62,78,103,103,103],"floor_reached":45,"playtime":2401,"items_purged":["Strike_G","Strike_G"],"score":789,"play_id":"15143a1a-9e12-4b42-aa19-f55c528628f0","local_time":"20190208125644","is_ascension_mode":true,"campfire_choices":[{"data":"Mind Blast","floor":6.0,"key":"SMITH"},{"data":"Neutralize","floor":10.0,"key":"SMITH"},{"floor":12.0,"key":"REST"},{"floor":15.0,"key":"REST"},{"data":"Footwork","floor":23.0,"key":"SMITH"},{"data":"Calculated Gamble","floor":30.0,"key":"SMITH"},{"data":"Noxious Fumes","floor":32.0,"key":"SMITH"},{"data":"Footwork","floor":41,"key":"SMITH"},{"data":"Panacea","floor":44,"key":"SMITH"}],"neow_cost":"NO_GOLD","seed_source_timestamp":150112868661961,"circlet_count":0,"master_deck":["AscendersBane","Defend_G","Defend_G","Defend_G","Defend_G","Defend_G","Strike_G+1","Survivor","Neutralize+1","Mind Blast+1","Panacea+1","Bouncing Flask","Cloak And Dagger","Infinite Blades+1","Noxious Fumes+1","Corpse Explosion","Footwork+1","Backflip","Glass Knife","Calculated Gamble+1","Footwork+1","Blur+1","Cloak And Dagger+1","Escape Plan","Tools of the Trade","Noxious Fumes","Bullet Time","Crippling Poison","Deflect"],"special_seed":0,"relics":["Ring of the Snake","Mummified Hand","Coffee Dripper","Runic Pyramid","GremlinMask","Blood Vial","Bag of Preparation","Smiling Mask","Dream Catcher","Omamori","Golden Idol"],"potions_floor_usage":[45,45],"damage_taken":[{"damage":3.0,"enemies":"2 Louse","floor":1.0,"turns":4.0},{"damage":0.0,"enemies":"Small Slimes","floor":2.0,"turns":4.0},{"damage":6.0,"enemies":"Jaw Worm","floor":4.0,"turns":5.0},{"damage":11.0,"enemies":"Red Slaver","floor":7.0,"turns":5.0},{"damage":4.0,"enemies":"Looter","floor":8.0,"turns":4.0},{"damage":16.0,"enemies":"3 Sentries","floor":11.0,"turns":9.0},{"damage":4.0,"enemies":"Hexaghost","floor":16.0,"turns":9.0},{"damage":15.0,"enemies":"3 Byrds","floor":18.0,"turns":3.0},{"damage":1.0,"enemies":"Chosen","floor":24.0,"turns":5.0},{"damage":3.0,"enemies":"Snecko","floor":25.0,"turns":5.0},{"damage":14.0,"enemies":"Shelled Parasite and Fungi","floor":29.0,"turns":7.0},{"damage":2.0,"enemies":"Snake Plant","floor":31.0,"turns":5.0},{"damage":8.0,"enemies":"Automaton","floor":33.0,"turns":10.0},{"damage":21.0,"enemies":"3 Shapes","floor":35.0,"turns":5.0},{"damage":0.0,"enemies":"Orb Walker","floor":37.0,"turns":4.0},{"damage":3.0,"enemies":"4 Shapes","floor":39.0,"turns":2.0},{"damage":12,"enemies":"Sphere and 2 Shapes","floor":40,"turns":5},{"damage":15,"enemies":"Jaw Worm Horde","floor":42,"turns":3},{"damage":11,"enemies":"Giant Head","floor":45,"turns":8}],"seed_played":"6720234053357539885","potions_obtained":[{"floor":4.0,"key":"SkillPotion"},{"floor":7.0,"key":"Poison Potion"},{"floor":8.0,"key":"GamblersBrew"},{"floor":11.0,"key":"Block Potion"},{"floor":24.0,"key":"Strength Potion"},{"floor":31.0,"key":"Ancient Potion"},{"floor":33.0,"key":"FearPotion"},{"floor":35.0,"key":"Poison Potion"},{"floor":42,"key":"Fire Potion"}],"is_trial":false,"path_per_floor":["M","M","?","M","?","R","M","M","T","R","E","R","$","?","R","B",null,"M","?","$","?","?","R","M","M","T","?","?","M","R","M","R","B",null,"M","?","M","$","M","M","R","M","T","R","E"],"character_chosen":"THE_SILENT","items_purchased":["Footwork","Blood Vial"],"campfire_rested":2,"item_purchase_floors":[13,38],"current_hp_per_floor":[56,56,56,50,32,32,21,17,17,17,1,19,19,19,37,33,53,38,38,38,38,38,38,37,34,34,34,34,20,20,18,18,10,48,27,27,27,27,26,16,16,3,3,3,0],"gold":103,"neow_bonus":"RANDOM_COLORLESS_2","is_prod":false,"is_daily":false,"chose_seed":false,"campfire_upgraded":7,"win_rate":0,"timestamp":1549627004,"path_taken":["M","M","?","M","?","R","M","M","T","R","E","R","$","?","R","BOSS","M","?","$","?","?","R","M","?","T","?","?","M","R","?","R","BOSS","M","?","?","$","M","M","R","M","T","R","E"],"build_version":"2019-01-23","purchased_purges":2,"victory":false,"max_hp_per_floor":[66,66,60,60,60,60,60,60,60,60,60,60,60,60,60,60,60,60,60,60,60,60,60,60,60,60,60,60,60,60,60,60,60,60,60,60,60,60,60,60,60,60,60,60,60],"card_choices":[{"not_picked":["Dodge and Roll","Backflip"],"picked":"Bouncing Flask","floor":1.0},{"not_picked":["Underhanded Strike","Deflect"],"picked":"Cloak And Dagger","floor":2.0},{"not_picked":["Calculated Gamble","Deadly Poison"],"picked":"Infinite Blades","floor":4.0},{"not_picked":["Dodge and Roll","Tactician","Expertise"],"picked":"SKIP","floor":7.0},{"not_picked":["Masterful Stab","Acrobatics","Reflex"],"picked":"SKIP","floor":8.0},{"not_picked":["Dagger Spray","Calculated Gamble"],"picked":"Noxious Fumes","floor":11.0},{"not_picked":["Bane","Blur"],"picked":"Corpse Explosion","floor":12.0},{"not_picked":["Dagger Spray","Underhanded Strike"],"picked":"Backflip","floor":15.0},{"not_picked":["Wraith Form v2","Tools of the Trade"],"picked":"Glass Knife","floor":16.0},{"not_picked":["Deadly Poison","Prepared"],"picked":"Calculated Gamble","floor":18.0},{"not_picked":["Backflip","Poisoned Stab"],"picked":"Footwork","floor":24.0},{"not_picked":["Reflex","Slice"],"picked":"Blur+1","floor":25.0},{"not_picked":["Sucker Punch+1","Dodge and Roll"],"picked":"Cloak And Dagger+1","floor":29.0},{"not_picked":["Dagger Spray","Blade Dance"],"picked":"Escape Plan","floor":31.0},{"not_picked":["Glass Knife","Wraith Form v2"],"picked":"Tools of the Trade","floor":33.0},{"not_picked":["Dodge and Roll","Acrobatics"],"picked":"Noxious Fumes","floor":35.0},{"not_picked":["Backflip","Bouncing Flask"],"picked":"Crippling Poison","floor":37.0},{"not_picked":["Underhanded Strike+1","Backflip","PiercingWail"],"picked":"SKIP","floor":39.0},{"not_picked":["Slice","Blade Dance"],"picked":"Deflect","floor":40},{"not_picked":["Concentrate+1","Deadly Poison+1","PiercingWail"],"picked":"SKIP","floor":42}],"player_experience":1374012,"relics_obtained":[{"floor":9.0,"key":"Smiling Mask"},{"floor":11.0,"key":"Dream Catcher"},{"floor":26.0,"key":"Mummified Hand"},{"floor":43,"key":"Omamori"}],"event_choices":[{"damage_healed":0.0,"max_hp_gain":0.0,"max_hp_loss":6.0,"gold_gain":0.0,"event_name":"Golden Idol","player_choice":"Lose Max HP","floor":3.0,"gold_loss":0.0,"damage_taken":0.0,"relics_obtained":["Golden Idol"]},{"damage_healed":0.0,"max_hp_gain":0.0,"max_hp_loss":0.0,"gold_gain":0.0,"event_name":"Shining Light","player_choice":"Entered Light","floor":5.0,"gold_loss":0.0,"damage_taken":18.0,"cards_upgraded":["Infinite Blades","Strike_G"]},{"damage_healed":0.0,"max_hp_gain":0.0,"max_hp_loss":0.0,"gold_gain":0.0,"event_name":"Dead Adventurer","player_choice":"Searched \u00271\u0027 times","floor":14.0,"gold_loss":0.0,"damage_taken":0.0},{"damage_healed":0.0,"max_hp_gain":0.0,"max_hp_loss":0.0,"gold_gain":0.0,"event_name":"Beggar","player_choice":"Ignored","floor":19.0,"gold_loss":0.0,"damage_taken":0.0},{"damage_healed":0.0,"max_hp_gain":0.0,"max_hp_loss":0.0,"gold_gain":0.0,"event_name":"Vampires","player_choice":"Ignored","floor":21.0,"gold_loss":0.0,"damage_taken":0.0},{"cards_removed":["Strike_G"],"damage_healed":0.0,"max_hp_gain":0.0,"max_hp_loss":0.0,"gold_gain":0.0,"event_name":"Purifier","player_choice":"Purged","floor":22.0,"gold_loss":0.0,"damage_taken":0.0},{"damage_healed":0.0,"max_hp_gain":0.0,"max_hp_loss":0.0,"gold_gain":0.0,"event_name":"Addict","player_choice":"Obtained Relic","floor":27.0,"gold_loss":85.0,"damage_taken":0.0,"relics_obtained":["Bag of Preparation"]},{"damage_healed":0.0,"max_hp_gain":0.0,"max_hp_loss":0.0,"gold_gain":0.0,"event_name":"FaceTrader","player_choice":"Trade","floor":28.0,"gold_loss":0.0,"damage_taken":0.0,"relics_obtained":["GremlinMask"]},{"damage_healed":0.0,"max_hp_gain":0.0,"max_hp_loss":0.0,"gold_gain":0.0,"cards_transformed":["Strike_G"],"event_name":"Transmorgrifier","player_choice":"Transformed","floor":36.0,"gold_loss":0.0,"damage_taken":0.0,"cards_obtained":["Bullet Time"]}],"is_beta":false,"boss_relics":[{"not_picked":["White Beast Statue","Cursed Key"],"picked":"Runic Pyramid"},{"not_picked":["Black Star","Sozu"],"picked":"Coffee Dripper"}],"items_purged_floors":[13,20],"is_endless":false,"potions_floor_spawned":[4,7,8,11,24,31,33,35,42],"killed_by":"Giant Head","ascension_level":18}