{"gold_per_floor":[116,47,47,122,136,166,166,178,248,267,3,38,50,94,106,222,234,265,44,44,61,61,61,86,86,110,25,37,37,37,47,47,47],"floor_reached":33,"playtime":1284,"items_purged":[],"score":337,"play_id":"9916b512-8ec9-4485-af7c-14f4646a9fc4","local_time":"20181017234819","is_ascension_mode":true,"campfire_choices":[{"data":"Uppercut","floor":7,"key":"SMITH"},{"data":"Carnage","floor":13,"key":"SMITH"},{"data":"Rampage","floor":15,"key":"SMITH"},{"data":"Barricade","floor":23,"key":"SMITH"},{"floor":25,"key":"REST"},{"floor":30,"key":"REST"},{"floor":32,"key":"REST"}],"neow_cost":"NONE","seed_source_timestamp":254281273124459,"circlet_count":0,"master_deck":["Strike_R","Strike_R","Strike_R","Strike_R","Strike_R","Defend_R","Defend_R","Defend_R","Defend_R","Bash","Perfected Strike","Uppercut+1","Intimidate","Ghostly Armor","Carnage+1","Pommel Strike","Shrug It Off","Iron Wave","Rampage+1","Barricade+1","Spot Weakness","Inflame","Exhume","Entrench","Rage","Whirlwind","Injury","True Grit+1"],"relics":["Burning Blood","NeowsBlessing","Bag of Preparation","Question Card","Bottled Flame","MawBank","Art of War","Cursed Key","ClockworkSouvenir","Centennial Puzzle","Potion Belt","Smiling Mask"],"potions_floor_usage":[12,14,16,21,22,24,31],"damage_taken":[{"damage":0,"enemies":"Cultist","floor":1,"turns":1},{"damage":0,"enemies":"Jaw Worm","floor":5,"turns":1},{"damage":0,"enemies":"Lagavulin","floor":6,"turns":1},{"damage":0,"enemies":"2 Louse","floor":8,"turns":2},{"damage":1,"enemies":"Blue Slaver","floor":10,"turns":3},{"damage":20,"enemies":"Gremlin Nob","floor":12,"turns":4},{"damage":9,"enemies":"3 Sentries","floor":14,"turns":5},{"damage":35,"enemies":"Slime Boss","floor":16,"turns":8},{"damage":29,"enemies":"2 Thieves","floor":18,"turns":4},{"damage":0,"enemies":"3 Byrds","floor":21,"turns":2},{"damage":5,"enemies":"Colosseum Slavers","floor":22,"turns":4},{"damage":55,"enemies":"Gremlin Leader","floor":24,"turns":8},{"damage":32,"enemies":"Centurion and Healer","floor":28,"turns":7},{"damage":7,"enemies":"Snecko","floor":31,"turns":5},{"damage":64,"enemies":"Collector","floor":33,"turns":8}],"seed_played":"-7256580340211458261","potions_obtained":[{"floor":6,"key":"Poison Potion"},{"floor":10,"key":"LiquidBronze"},{"floor":12,"key":"Explosive Potion"},{"floor":14,"key":"LiquidBronze"},{"floor":18,"key":"SkillPotion"},{"floor":21,"key":"PowerPotion"},{"floor":28,"key":"EssenceOfSteel"}],"is_trial":false,"path_per_floor":["M","$","?","?","M","E","R","M","T","M","$","E","R","E","R","B",null,"M","$","?","M","?","R","E","R","T","?","M","$","R","M","R"],"character_chosen":"IRONCLAD","items_purchased":["Uppercut","Shrug It Off","Bottled Flame","ClockworkSouvenir","Inflame"],"campfire_rested":3,"item_purchase_floors":[2,11,11,19,19],"current_hp_per_floor":[80,80,80,69,75,80,80,80,80,80,80,66,66,63,63,34,80,57,57,57,63,64,64,15,39,39,39,13,13,37,36,60,0],"gold":47,"neow_bonus":"THREE_ENEMY_KILL","is_prod":false,"is_daily":false,"chose_seed":false,"campfire_upgraded":4,"win_rate":0,"timestamp":1539838099,"path_taken":["M","$","?","?","M","E","R","M","T","M","$","E","R","E","R","BOSS","M","$","?","M","?","R","E","R","T","?","?","?","R","M","R","BOSS"],"build_version":"2018-10-17v2","purchased_purges":0,"victory":false,"max_hp_per_floor":[80,80,80,80,80,80,80,80,80,80,80,80,80,80,80,80,80,80,80,80,80,80,80,80,80,80,80,80,80,80,80,80,80],"card_choices":[{"not_picked":["Havoc","Flex"],"picked":"Perfected Strike","floor":1},{"not_picked":["Perfected Strike","Dropkick"],"picked":"Intimidate","floor":5},{"not_picked":["Warcry","Blood for Blood"],"picked":"Ghostly Armor","floor":6},{"not_picked":["Havoc","Power Through"],"picked":"Carnage","floor":8},{"not_picked":["Armaments","Havoc","Seeing Red"],"picked":"Pommel Strike","floor":10},{"not_picked":["Intimidate","True Grit","Ghostly Armor"],"picked":"Iron Wave","floor":12},{"not_picked":["Body Slam","Brutality","Clash"],"picked":"Rampage","floor":14},{"not_picked":["Fiend Fire","Bludgeon","Reaper"],"picked":"Barricade","floor":16},{"not_picked":["Heavy Blade","Headbutt","Feel No Pain"],"picked":"Spot Weakness","floor":18},{"not_picked":["Twin Strike","Pommel Strike","Anger+1"],"picked":"Rage","floor":21},{"not_picked":["Body Slam","Sword Boomerang+1","Clothesline+1"],"picked":"Whirlwind","floor":24},{"not_picked":["Whirlwind","Juggernaut","Cleave+1","Spot Weakness"],"picked":"SKIP","floor":28},{"not_picked":["Clash","Clothesline","Blood for Blood"],"picked":"True Grit+1","floor":31}],"player_experience":425236,"relics_obtained":[{"floor":6,"key":"Bag of Preparation"},{"floor":9,"key":"Question Card"},{"floor":12,"key":"MawBank"},{"floor":14,"key":"Art of War"},{"floor":24,"key":"Centennial Puzzle"},{"floor":26,"key":"Potion Belt"}],"event_choices":[{"damage_healed":0,"gold_gain":0,"player_choice":"Full Heal","damage_taken":0,"max_hp_gain":0,"max_hp_loss":0,"event_name":"Wheel of Change","floor":3,"gold_loss":0},{"damage_healed":0,"gold_gain":75,"player_choice":"Gather Gold","damage_taken":11,"max_hp_gain":0,"max_hp_loss":0,"event_name":"World of Goop","floor":4,"gold_loss":0},{"damage_healed":0,"gold_gain":0,"player_choice":"2 cards matched","damage_taken":0,"max_hp_gain":0,"max_hp_loss":0,"event_name":"Match and Keep!","floor":20,"gold_loss":0,"cards_obtained":["Exhume","Entrench"]},{"damage_healed":0,"gold_gain":0,"player_choice":"Fight","damage_taken":0,"max_hp_gain":0,"max_hp_loss":0,"event_name":"Colosseum","floor":22,"gold_loss":0},{"damage_healed":0,"gold_gain":0,"player_choice":"Fled From Nobs","damage_taken":0,"max_hp_gain":0,"max_hp_loss":0,"event_name":"Colosseum","floor":22,"gold_loss":0},{"damage_healed":0,"gold_gain":0,"player_choice":"Obtained Relic","damage_taken":0,"relics_obtained":["Smiling Mask"],"max_hp_gain":0,"max_hp_loss":0,"event_name":"Addict","floor":27,"gold_loss":85}],"is_beta":true,"boss_relics":[{"not_picked":["Astrolabe","Runic Pyramid"],"picked":"Cursed Key"}],"items_purged_floors":[],"is_endless":false,"potions_floor_spawned":[6,10,12,14,18,21,28],"killed_by":"Collector","ascension_level":2}