{"path_per_floor":["M","$","?","?","M","R","?","M","T","R","M","?","R","M","R"],"character_chosen":"DEFECT","items_purchased":["Redo"],"gold_per_floor":[110,10,10,85,103,103,161,172,172,172,182,357,357,374,374,374],"floor_reached":16,"campfire_rested":4,"playtime":959,"item_purchase_floors":[2],"current_hp_per_floor":[64,64,50,39,34,54,19,19,19,39,38,38,58,33,53,0],"items_purged":["Strike_B"],"gold":374,"score":90,"play_id":"23d51339-633d-43ab-be69-a00502feab15","local_time":"20180603185658","is_prod":false,"is_daily":false,"chose_seed":false,"is_ascension_mode":false,"campfire_upgraded":0,"win_rate":0,"timestamp":1528066618,"campfire_choices":[{"floor":6,"key":"REST"},{"floor":10,"key":"REST"},{"floor":13,"key":"REST"},{"floor":15,"key":"REST"}],"path_taken":["M","$","?","?","M","R","?","M","T","R","?","?","R","M","R","BOSS"],"build_version":"2018-05-31","seed_source_timestamp":261764847402946,"purchased_purges":1,"victory":false,"master_deck":["Strike_B","Strike_B+1","Strike_B+1","Defend_B","Defend_B","Defend_B","Defend_B","Zap","Dualcast","Buffer","Lockon","Redo","Undo","Cold Snap","Capacitor","Fusion","Doubt","Barrage"],"max_hp_per_floor":[68,68,68,68,68,68,68,68,68,68,68,68,68,68,68,68],"relics":["Cracked Core","Bottled Lightning","Meat on the Bone"],"card_choices":[{"not_picked":["Reboot","Hyperbeam"],"picked":"Buffer","floor":0},{"not_picked":["Redo","Gash"],"picked":"Lockon","floor":1},{"not_picked":["Streamline","Beam Cell"],"picked":"Undo","floor":5},{"not_picked":["Conserve Battery","Tempest"],"picked":"Cold Snap","floor":7},{"not_picked":["Heatsinks","Stack"],"picked":"Capacitor","floor":8},{"not_picked":["Streamline","Redo"],"picked":"Fusion","floor":11},{"not_picked":["Gash","Hologram"],"picked":"Barrage","floor":14}],"player_experience":299112,"potions_floor_usage":[8,16],"damage_taken":[{"damage":4,"enemies":"Small Slimes","floor":1,"turns":4},{"damage":5,"enemies":"2 Louse","floor":5,"turns":2},{"damage":35,"enemies":"Lagavulin Event","floor":7,"turns":7},{"damage":0,"enemies":"Jaw Worm","floor":8,"turns":4},{"damage":1,"enemies":"Exordium Wildlife","floor":11,"turns":4},{"damage":37,"enemies":"Gremlin Gang","floor":14,"turns":5},{"damage":53,"enemies":"Hexaghost","floor":16,"turns":10}],"relics_obtained":[{"floor":7,"key":"Bottled Lightning"},{"floor":9,"key":"Meat on the Bone"}],"event_choices":[{"event_name":"Shining Light","player_choice":"Entered Light","floor":3,"damage_taken":0},{"event_name":"World of Goop","player_choice":"Gather Gold","floor":4,"damage_taken":0},{"event_name":"Dead Adventurer","player_choice":"Searched \u00272\u0027 times","floor":7,"damage_taken":0},{"event_name":"Liars Game","player_choice":"agreed","floor":12,"damage_taken":0}],"boss_relics":[],"items_purged_floors":[2],"potions_floor_spawned":[1,8,14],"seed_played":"6321416231805062063","killed_by":"Hexaghost","ascension_level":0,"potions_obtained":[{"floor":1,"key":"Ancient Potion"},{"floor":8,"key":"Energy Potion"},{"floor":14,"key":"Poison Potion"}],"is_trial":false}