{"gold_per_floor":[18,18,18,18,36,36,59,59,84,84,104,104,128,172,172,303,303,323,29,36,36,36,36,36,55,106,106,141,141,155,491,491,614,614,627,627,537,553,230,264,283,322,322,363,120,120,134,154,154,154],"floor_reached":51,"playtime":3407,"items_purged":[],"score":1280,"play_id":"36cd617a-2ecb-4be8-a812-001438d13433","local_time":"20181216170206","is_ascension_mode":true,"campfire_choices":[{"data":"Leg Sweep","floor":6.0,"key":"SMITH"},{"data":"Noxious Fumes","floor":8.0,"key":"SMITH"},{"data":"Blur","floor":10.0,"key":"SMITH"},{"data":"Phantasmal Killer","floor":12.0,"key":"SMITH"},{"data":"Dash","floor":15.0,"key":"SMITH"},{"data":"Malaise","floor":23,"key":"SMITH"},{"data":"Backstab","floor":27,"key":"SMITH"},{"data":"Acrobatics","floor":29,"key":"SMITH"},{"data":"Survivor","floor":32,"key":"SMITH"},{"floor":46,"key":"REST"},{"floor":49,"key":"REST"}],"neow_cost":"NO_GOLD","seed_source_timestamp":0,"circlet_count":0,"master_deck":["Survivor+1","Neutralize+1","Leg Sweep+1","Blur+1","Noxious Fumes+1","Phantasmal Killer+1","Dash+1","Malaise+1","Backstab+1","Acrobatics+1","Malaise","Endless Agony","Catalyst","Concentrate+1","Grand Finale","Cloak And Dagger","Malaise","Prepared","Deep Breath","Mayhem","Finesse","Noxious Fumes","Choke","Reflex+1","Parasite","Noxious Fumes"],"special_seed":0,"relics":["Ring of the Snake","Mummified Hand","Golden Idol","Happy Flower","Matryoshka","Busted Crown","Torii","Dream Catcher","Ninja Scroll","Anchor","Pear","Old Coin","Pandora\u0027s Box","Shuriken","Ancient Tea Set","Bottled Flame","Blood Vial","Kunai","Pen Nib","Paper Crane"],"potions_floor_usage":[33,33,38,47,50],"damage_taken":[{"damage":1.0,"enemies":"Small Slimes","floor":1.0,"turns":4.0},{"damage":0.0,"enemies":"2 Louse","floor":5.0,"turns":4.0},{"damage":10.0,"enemies":"Cultist","floor":7.0,"turns":8.0},{"damage":0.0,"enemies":"Exordium Thugs","floor":11.0,"turns":6.0},{"damage":4.0,"enemies":"Blue Slaver","floor":13.0,"turns":4.0},{"damage":9.0,"enemies":"3 Sentries","floor":14.0,"turns":7.0},{"damage":0.0,"enemies":"Hexaghost","floor":16.0,"turns":12.0},{"damage":0,"enemies":"Spheric Guardian","floor":18,"turns":8},{"damage":1,"enemies":"2 Thieves","floor":20,"turns":5},{"damage":1,"enemies":"Centurion and Healer","floor":25,"turns":9},{"damage":1,"enemies":"Slavers","floor":28,"turns":7},{"damage":1,"enemies":"Snake Plant","floor":30,"turns":6},{"damage":1,"enemies":"Gremlin Leader","floor":31,"turns":9},{"damage":58,"enemies":"Collector","floor":33,"turns":16},{"damage":0,"enemies":"3 Darklings","floor":35,"turns":6},{"damage":10,"enemies":"3 Shapes","floor":38,"turns":6},{"damage":0,"enemies":"Reptomancer","floor":40,"turns":5},{"damage":27,"enemies":"Transient","floor":41,"turns":5},{"damage":0,"enemies":"Nemesis","floor":42,"turns":11},{"damage":15,"enemies":"Reptomancer","floor":44,"turns":8},{"damage":0,"enemies":"Writhing Mass","floor":47,"turns":9},{"damage":0,"enemies":"Maw","floor":48,"turns":6},{"damage":25,"enemies":"Donu and Deca","floor":50,"turns":10}],"seed_played":"-1502388807697511279","potions_obtained":[{"floor":1.0,"key":"Weak Potion"},{"floor":5.0,"key":"SteroidPotion"},{"floor":14.0,"key":"EssenceOfSteel"},{"floor":16,"key":"SpeedPotion"},{"floor":30,"key":"FairyPotion"},{"floor":31,"key":"Regen Potion"},{"floor":33,"key":"Block Potion"},{"floor":35,"key":"Strength Potion"},{"floor":38,"key":"EntropicBrew"},{"floor":42,"key":"GhostInAJar"},{"floor":48,"key":"Explosive Potion"}],"is_trial":false,"path_per_floor":["M","?","?","?","M","R","M","R","T","R","M","R","M","E","R","B","B",null,"M","$","M","$","?","R","?","M","T","R","E","R","M","E","R","B",null,"M","?","?","M","$","E","M","E","T","E","$","R","M","M","R","B",null],"character_chosen":"THE_SILENT","items_purchased":["Torii","Shuriken","Noxious Fumes","Paper Crane"],"campfire_rested":2,"item_purchase_floors":[19,39,39,45],"current_hp_per_floor":[62,59,59,59,59,59,49,49,49,49,49,49,45,36,36,36,58,58,58,57,57,57,57,57,56,56,56,65,65,64,63,63,20,61,61,51,51,41,41,41,14,14,14,1,1,23,25,27,49,26],"gold":154,"neow_bonus":"REMOVE_TWO","is_prod":false,"is_daily":false,"chose_seed":false,"campfire_upgraded":9,"win_rate":0,"timestamp":1544976126,"path_taken":["M","?","?","?","M","R","M","R","T","R","?","R","M","E","R","BOSS","BOSS","M","$","M","$","?","R","?","?","T","R","E","R","M","E","R","BOSS","M","?","?","M","$","E","M","E","T","E","$","R","?","M","R","BOSS"],"build_version":"2018-12-13","purchased_purges":0,"victory":true,"max_hp_per_floor":[70,70,65,65,65,65,65,65,65,65,65,65,65,65,65,65,65,65,65,65,65,65,65,65,65,65,65,75,75,75,75,75,75,75,75,75,75,75,75,75,75,75,75,75,75,75,75,75,75,75],"card_choices":[{"not_picked":["Flechettes","PiercingWail"],"picked":"Leg Sweep","floor":1.0},{"not_picked":["Deadly Poison","Distraction"],"picked":"Blur","floor":5.0},{"not_picked":["Finisher","Deflect"],"picked":"Noxious Fumes","floor":7.0},{"not_picked":["Sucker Punch","Deadly Poison"],"picked":"Phantasmal Killer","floor":11.0},{"not_picked":["Prepared","Backflip"],"picked":"Dash","floor":13.0},{"not_picked":["Deflect","Setup","Flying Knee"],"picked":"SKIP","floor":14.0},{"not_picked":["Die Die Die","Envenom"],"picked":"Malaise","floor":16},{"not_picked":["Accuracy"],"picked":"SKIP","floor":18},{"not_picked":[],"picked":"Backstab","floor":20},{"not_picked":["Deflect"],"picked":"SKIP","floor":25},{"not_picked":[],"picked":"Acrobatics","floor":28},{"not_picked":["Finisher"],"picked":"SKIP","floor":30},{"not_picked":["Acrobatics"],"picked":"SKIP","floor":31},{"not_picked":[],"picked":"Malaise","floor":33},{"not_picked":["Concentrate+1"],"picked":"SKIP","floor":35},{"not_picked":[],"picked":"Deep Breath","floor":36},{"not_picked":[],"picked":"Mayhem","floor":36},{"not_picked":[],"picked":"Finesse","floor":36},{"not_picked":["Accuracy+1"],"picked":"SKIP","floor":38},{"not_picked":["All Out Attack+1"],"picked":"SKIP","floor":40},{"not_picked":["Dagger Spray+1"],"picked":"SKIP","floor":41},{"not_picked":["Slice"],"picked":"SKIP","floor":42},{"not_picked":[],"picked":"Choke","floor":44},{"not_picked":[],"picked":"Reflex+1","floor":46},{"not_picked":["Endless Agony+1"],"picked":"SKIP","floor":47},{"not_picked":[],"picked":"Noxious Fumes","floor":48}],"player_experience":1144135,"relics_obtained":[{"floor":9.0,"key":"Happy Flower"},{"floor":14.0,"key":"Matryoshka"},{"floor":24,"key":"Dream Catcher"},{"floor":26,"key":"Ninja Scroll"},{"floor":26,"key":"Anchor"},{"floor":28,"key":"Pear"},{"floor":31,"key":"Old Coin"},{"floor":40,"key":"Ancient Tea Set"},{"floor":42,"key":"Bottled Flame"},{"floor":43,"key":"Blood Vial"},{"floor":43,"key":"Kunai"},{"floor":44,"key":"Pen Nib"}],"event_choices":[{"damage_healed":0.0,"max_hp_gain":0.0,"max_hp_loss":0.0,"gold_gain":0.0,"event_name":"Scrap Ooze","player_choice":"Success","floor":2.0,"gold_loss":0.0,"damage_taken":3.0,"relics_obtained":["Mummified Hand"]},{"damage_healed":0.0,"max_hp_gain":0.0,"max_hp_loss":5.0,"gold_gain":0.0,"event_name":"Golden Idol","player_choice":"Lose Max HP","floor":3.0,"gold_loss":0.0,"damage_taken":0.0,"relics_obtained":["Golden Idol"]},{"damage_healed":0.0,"max_hp_gain":0.0,"max_hp_loss":0.0,"gold_gain":0.0,"event_name":"Accursed Blacksmith","player_choice":"Forge","floor":4.0,"gold_loss":0.0,"damage_taken":0.0,"cards_upgraded":["Neutralize"]},{"damage_healed":0,"gold_gain":0,"player_choice":"Ignored","damage_taken":0,"max_hp_gain":0,"max_hp_loss":0,"event_name":"Ghosts","floor":22,"gold_loss":0},{"damage_healed":0,"gold_gain":0,"player_choice":"Relic","damage_taken":0,"max_hp_gain":0,"max_hp_loss":0,"event_name":"Wheel of Change","floor":24,"gold_loss":0},{"damage_healed":0,"gold_gain":0,"player_choice":"Memory 3","damage_taken":10,"max_hp_gain":0,"max_hp_loss":0,"event_name":"SensoryStone","floor":36,"gold_loss":0},{"cards_removed":["Wraith Form v2"],"damage_healed":0,"gold_gain":0,"player_choice":"Upgrade and Remove","damage_taken":0,"max_hp_gain":0,"max_hp_loss":0,"event_name":"Designer","floor":37,"gold_loss":90,"cards_upgraded":["Concentrate"]}],"is_beta":false,"boss_relics":[{"not_picked":["Coffee Dripper","Runic Dome"],"picked":"Busted Crown"},{"not_picked":["HoveringKite","WristBlade"],"picked":"Pandora\u0027s Box"}],"items_purged_floors":[],"is_endless":false,"potions_floor_spawned":[1,5,14,16,18,30,31,33,35,38,42,44,48],"ascension_level":9}