{"gold_per_floor":[117,117,129,30,42,42,55,55,78,88,88,98,71,81,81,180,180,190,209,209,38,58,58,74,90,90,90,103,103],"floor_reached":29,"playtime":2521,"items_purged":["Strike_B","Strike_B"],"score":221,"play_id":"5b2a21f4-458a-4539-ad67-c677b7aa03f3","local_time":"20190126221714","is_ascension_mode":false,"campfire_choices":[{"data":"Chill","floor":6,"key":"SMITH"},{"data":"Glacier","floor":8,"key":"SMITH"},{"data":"White Noise","floor":11,"key":"SMITH"},{"data":"Conserve Battery","floor":15,"key":"SMITH"},{"floor":23,"key":"REST"}],"neow_cost":"TEN_PERCENT_HP_LOSS","seed_source_timestamp":8089041784947,"circlet_count":0,"master_deck":["Defend_B","Defend_B","Defend_B","Defend_B","Zap","Dualcast","Glacier+1","Cold Snap","Chill+1","White Noise+1","Cold Snap","Conserve Battery+1","Creative AI","Chill","Hologram+1","Chaos"],"relics":["Cracked Core"],"potions_floor_usage":[7,16,22,29,29],"damage_taken":[{"damage":1,"enemies":"Jaw Worm","floor":1,"turns":4},{"damage":0,"enemies":"Cultist","floor":3,"turns":5},{"damage":0,"enemies":"Small Slimes","floor":5,"turns":5},{"damage":0,"enemies":"Exordium Wildlife","floor":7,"turns":9},{"damage":0,"enemies":"Lots of Slimes","floor":10,"turns":1},{"damage":0,"enemies":"3 Louse","floor":12,"turns":5},{"damage":2,"enemies":"Large Slime","floor":14,"turns":9},{"damage":47,"enemies":"Slime Boss","floor":16,"turns":25},{"damage":30,"enemies":"3 Byrds","floor":18,"turns":11},{"damage":10,"enemies":"Chosen","floor":19,"turns":8},{"damage":19,"enemies":"3 Cultists","floor":22,"turns":7},{"damage":0,"enemies":"Snecko","floor":24,"turns":13},{"damage":9,"enemies":"Centurion and Healer","floor":25,"turns":13},{"damage":5,"enemies":"Snake Plant","floor":28,"turns":10},{"damage":24,"enemies":"3 Cultists","floor":29,"turns":7}],"seed_played":"4099125000763076932","potions_obtained":[{"floor":3,"key":"Explosive Potion"},{"floor":5,"key":"Strength Potion"},{"floor":14,"key":"Weak Potion"},{"floor":19,"key":"AttackPotion"},{"floor":24,"key":"LiquidBronze"},{"floor":25,"key":"SkillPotion"}],"is_trial":false,"path_per_floor":["M","?","M","$","M","R","M","R","T","M","R","M","$","M","R","B",null,"M","M","?","$","M","R","M","M","T","T","M","M"],"character_chosen":"DEFECT","items_purchased":["Cold Snap","Conserve Battery","Chill"],"campfire_rested":1,"item_purchase_floors":[4,13,21],"current_hp_per_floor":[67,72,72,72,72,72,72,72,72,72,72,72,72,70,70,23,73,43,33,33,33,14,35,35,26,26,26,21,0],"gold":103,"neow_bonus":"REMOVE_TWO","is_prod":false,"is_daily":false,"chose_seed":false,"campfire_upgraded":4,"win_rate":0,"timestamp":1548503234,"path_taken":["M","?","M","$","M","R","M","R","T","M","R","M","$","M","R","BOSS","M","M","?","$","M","R","M","M","T","?","?","M"],"build_version":"2019-01-23","purchased_purges":2,"victory":false,"max_hp_per_floor":[68,73,73,73,73,73,73,73,73,73,73,73,73,73,73,73,73,73,73,73,73,73,73,73,73,73,73,73,73],"card_choices":[{"not_picked":["Cold Snap","Tempest"],"picked":"Glacier","floor":1},{"not_picked":["Go for the Eyes","Beam Cell","Reprogram"],"picked":"SKIP","floor":3},{"not_picked":["Hologram","Heatsinks"],"picked":"Chill","floor":5},{"not_picked":["Darkness","Coolheaded"],"picked":"White Noise","floor":7},{"not_picked":["Sweeping Beam","Gash","Compile Driver"],"picked":"SKIP","floor":10},{"not_picked":["Steam","Seek"],"picked":"Cold Snap","floor":12},{"not_picked":["Beam Cell","Scrape","Redo"],"picked":"SKIP","floor":14},{"not_picked":["Hyperbeam","Seek"],"picked":"Creative AI","floor":16},{"not_picked":["Heatsinks+1","Genetic Algorithm","Fusion"],"picked":"SKIP","floor":18},{"not_picked":["Go for the Eyes","Gash","Reprogram"],"picked":"SKIP","floor":19},{"not_picked":["Go for the Eyes","Steam+1"],"picked":"Hologram+1","floor":22},{"not_picked":["Stack","Barrage"],"picked":"Chaos","floor":24},{"not_picked":["Rebound","Conserve Battery","Lockon+1"],"picked":"SKIP","floor":25},{"not_picked":["Auto Shields","Static Discharge","Melter+1"],"picked":"SKIP","floor":28}],"player_experience":526691,"relics_obtained":[],"event_choices":[{"damage_healed":0,"gold_gain":0,"player_choice":"Donut","damage_taken":0,"max_hp_gain":5,"max_hp_loss":0,"event_name":"Big Fish","floor":2,"gold_loss":0},{"damage_healed":0,"gold_gain":0,"player_choice":"Ignored","damage_taken":0,"max_hp_gain":0,"max_hp_loss":0,"event_name":"Cursed Tome","floor":20,"gold_loss":0}],"is_beta":false,"boss_relics":[{"not_picked":["Empty Cage","Fusion Hammer","Nuclear Battery"]}],"items_purged_floors":[4,21],"is_endless":false,"potions_floor_spawned":[3,5,14,19,24,25],"killed_by":"3 Cultists","ascension_level":0}