{"gold_per_floor":[111,126,139,139,157,157,173,208,208,235,248,248,263,17,17,112,112,128,128,28,38,48,48,76,76,99,114,127,127,147,147,147,244,244,263,363,16,16,34,34],"floor_reached":40,"playtime":2088,"items_purged":["Strike_R","Pain"],"score":420,"play_id":"81f8fee1-2b5b-4ff5-bce4-a120110cf17b","local_time":"20190105233038","is_ascension_mode":false,"campfire_choices":[{"data":"Bash","floor":6,"key":"SMITH"},{"floor":15,"key":"REST"},{"floor":23,"key":"REST"},{"data":"Limit Break","floor":25,"key":"SMITH"},{"floor":29,"key":"REST"},{"floor":32,"key":"REST"}],"neow_cost":"PERCENT_DAMAGE","seed_source_timestamp":145054835394078,"circlet_count":0,"master_deck":["Strike_R","Defend_R","Defend_R","Defend_R","Defend_R","Bash+1","True Grit","Cleave","Pommel Strike","Shrug It Off","Battle Trance","Limit Break+1","Spot Weakness","Headbutt","Whirlwind","Mayhem","Juggernaut","Thunderclap","Intimidate","Feel No Pain","Burning Pact","Shrug It Off","Ghostly Armor","Reaper","Fire Breathing+1","Rampage","Fiend Fire"],"relics":["Black Blood","Charon\u0027s Ashes","Gremlin Horn","Kunai","Philosopher\u0027s Stone","WarpedTongs","Orichalcum","Prayer Wheel","Incense Burner"],"potions_floor_usage":[8,8,21,22,22,27,27],"damage_taken":[{"damage":7,"enemies":"2 Louse","floor":1,"turns":3},{"damage":4,"enemies":"Cultist","floor":2,"turns":4},{"damage":7,"enemies":"Small Slimes","floor":3,"turns":3},{"damage":6,"enemies":"2 Fungi Beasts","floor":5,"turns":3},{"damage":18,"enemies":"Exordium Thugs","floor":7,"turns":3},{"damage":10,"enemies":"Lagavulin","floor":8,"turns":6},{"damage":29,"enemies":"Gremlin Nob","floor":10,"turns":5},{"damage":1,"enemies":"Gremlin Gang","floor":11,"turns":2},{"damage":12,"enemies":"2 Fungi Beasts","floor":13,"turns":2},{"damage":17,"enemies":"The Guardian","floor":16,"turns":8},{"damage":13,"enemies":"Spheric Guardian","floor":18,"turns":5},{"damage":20,"enemies":"3 Byrds","floor":21,"turns":3},{"damage":33,"enemies":"Cultist and Chosen","floor":22,"turns":5},{"damage":14,"enemies":"Gremlin Leader","floor":24,"turns":4},{"damage":11,"enemies":"Chosen and Byrds","floor":27,"turns":4},{"damage":31,"enemies":"Shelled Parasite and Fungi","floor":28,"turns":4},{"damage":25,"enemies":"3 Cultists","floor":30,"turns":5},{"damage":66,"enemies":"Collector","floor":33,"turns":8},{"damage":33,"enemies":"Orb Walker","floor":35,"turns":6},{"damage":15,"enemies":"Mind Bloom Boss Battle","floor":36,"turns":6},{"damage":29,"enemies":"3 Shapes","floor":39,"turns":4},{"damage":74,"enemies":"Nemesis","floor":40,"turns":6}],"seed_played":"7134147637791483568","potions_obtained":[{"floor":2,"key":"FearPotion"},{"floor":7,"key":"PowerPotion"},{"floor":11,"key":"GamblersBrew"},{"floor":13,"key":"AttackPotion"},{"floor":18,"key":"Weak Potion"},{"floor":21,"key":"LiquidBronze"},{"floor":22,"key":"Fruit Juice"},{"floor":36,"key":"SpeedPotion"}],"is_trial":false,"path_per_floor":["M","M","M","?","M","R","M","E","T","E","M","?","M","$","R","B",null,"M","?","$","M","M","R","E","R","T","M","M","R","M","?","R","B",null,"M","?","$","?","M","E"],"character_chosen":"IRONCLAD","items_purchased":["Mayhem","Rampage","Incense Burner"],"campfire_rested":4,"item_purchase_floors":[14,37,37],"current_hp_per_floor":[55,57,56,56,56,56,44,40,40,17,22,15,9,9,33,22,80,73,73,73,59,37,62,54,54,54,49,24,49,30,58,83,23,85,62,57,57,57,50,0],"gold":34,"neow_bonus":"REMOVE_TWO","is_prod":false,"is_daily":false,"chose_seed":false,"campfire_upgraded":2,"win_rate":0,"timestamp":1546749038,"path_taken":["M","M","M","?","M","R","M","E","T","E","M","?","M","$","R","BOSS","M","?","$","M","M","R","E","R","T","?","M","R","M","?","R","BOSS","M","?","$","?","M","E"],"build_version":"2019-01-03v4","purchased_purges":2,"victory":false,"max_hp_per_floor":[80,80,80,80,80,80,80,80,80,80,80,80,80,80,80,80,80,80,80,80,80,85,85,85,85,85,85,85,85,85,85,85,85,85,85,85,85,85,85,85],"card_choices":[{"not_picked":["Flex","Havoc"],"picked":"True Grit","floor":1},{"not_picked":["Clash","Hemokinesis"],"picked":"Cleave","floor":2},{"not_picked":["Bloodletting","Wild Strike"],"picked":"Pommel Strike","floor":3},{"not_picked":["Pommel Strike","Sentinel"],"picked":"Shrug It Off","floor":5},{"not_picked":["Headbutt","Iron Wave"],"picked":"Battle Trance","floor":7},{"not_picked":["Inflame","Flex"],"picked":"Limit Break","floor":8},{"not_picked":["Iron Wave","Second Wind"],"picked":"Spot Weakness","floor":10},{"not_picked":["Clothesline","True Grit"],"picked":"Headbutt","floor":11},{"not_picked":["Searing Blow","Battle Trance"],"picked":"Whirlwind","floor":13},{"not_picked":["Brutality","Berserk"],"picked":"Juggernaut","floor":16},{"not_picked":["Flex","Pommel Strike"],"picked":"Thunderclap","floor":18},{"not_picked":["Havoc","Flex","Clash+1"],"picked":"SKIP","floor":21},{"not_picked":["Heavy Blade","Clothesline"],"picked":"Intimidate","floor":22},{"not_picked":["Iron Wave","Dark Embrace"],"picked":"Feel No Pain","floor":24},{"not_picked":["Flex","Headbutt"],"picked":"Burning Pact","floor":27},{"not_picked":["Twin Strike","Searing Blow"],"picked":"Shrug It Off","floor":28},{"not_picked":["True Grit","Anger"],"picked":"Ghostly Armor","floor":30},{"not_picked":["Brutality","Limit Break"],"picked":"Reaper","floor":33},{"not_picked":["Thunderclap","Flex"],"picked":"Fire Breathing+1","floor":35},{"not_picked":["Clash","Flex+1"],"picked":"Fiend Fire","floor":39},{"not_picked":["Body Slam+1","Flex","Warcry+1"],"picked":"SKIP","floor":39}],"player_experience":2021332,"relics_obtained":[{"floor":8,"key":"Charon\u0027s Ashes"},{"floor":9,"key":"Gremlin Horn"},{"floor":10,"key":"Kunai"},{"floor":24,"key":"Orichalcum"},{"floor":36,"key":"Prayer Wheel"}],"event_choices":[{"damage_healed":0,"gold_gain":0,"player_choice":"Ignored","damage_taken":0,"max_hp_gain":0,"max_hp_loss":0,"event_name":"Shining Light","floor":4,"gold_loss":0},{"cards_removed":["Strike_R"],"damage_healed":0,"gold_gain":0,"player_choice":"Card Removal","damage_taken":7,"max_hp_gain":0,"max_hp_loss":0,"event_name":"Golden Wing","floor":12,"gold_loss":0},{"damage_healed":0,"gold_gain":0,"player_choice":"Rummage","damage_taken":0,"relics_obtained":["WarpedTongs"],"max_hp_gain":0,"max_hp_loss":0,"event_name":"Accursed Blacksmith","floor":19,"gold_loss":0,"cards_obtained":["Pain"]},{"damage_healed":28,"gold_gain":0,"player_choice":"Heal","damage_taken":0,"max_hp_gain":0,"max_hp_loss":0,"event_name":"The Library","floor":31,"gold_loss":0},{"damage_healed":0,"gold_gain":0,"player_choice":"Fight","damage_taken":0,"max_hp_gain":0,"max_hp_loss":0,"event_name":"MindBloom","floor":36,"gold_loss":0},{"damage_healed":0,"gold_gain":0,"player_choice":"0 cards matched","damage_taken":0,"max_hp_gain":0,"max_hp_loss":0,"event_name":"Match and Keep!","floor":38,"gold_loss":0,"cards_obtained":[]}],"is_beta":false,"boss_relics":[{"not_picked":["White Beast Statue","Velvet Choker"],"picked":"Philosopher\u0027s Stone"},{"not_picked":["Coffee Dripper","Pandora\u0027s Box"],"picked":"Black Blood"}],"items_purged_floors":[14,20],"is_endless":false,"potions_floor_spawned":[2,7,11,13,18,21,22,36],"killed_by":"Nemesis","ascension_level":0}