{"gold_per_floor":[110,110,35,35,46,74,94,110,136,136,136,155,155,174,174,279,279,294,309,309,309,159,159,259,291,291,291,318,13,23,23,23,126,126,137,137,137,11,35,69,69,82,82,97,113,129,157,174,174,174],"floor_reached":51,"playtime":1678,"items_purged":["Strike_G"],"score":725,"play_id":"c0f703de-25e0-4f02-bef3-33a3a1d43f6b","local_time":"20180723174907","is_ascension_mode":false,"campfire_choices":[{"floor":13,"key":"REST"},{"data":"Choke","floor":15,"key":"SMITH"},{"data":"Adrenaline","floor":23,"key":"SMITH"},{"floor":27,"key":"DIG"},{"floor":32,"key":"DIG"},{"floor":41,"key":"REST"},{"floor":49,"key":"DIG"}],"neow_cost":"NONE","seed_source_timestamp":345114952091021,"circlet_count":0,"master_deck":["Defend_G","Defend_G","Defend_G+1","Defend_G","Strike_G","Strike_G","Strike_G+1","Survivor","Neutralize+1","Blade Dance+1","Flechettes","Crippling Poison","Quick Slash","Adrenaline+1","Blade Dance","Choke+1","Envenom","Flying Knee+1","Outmaneuver","Cloak And Dagger","PiercingWail","Envenom","Poisoned Stab+1","Terror","Cloak And Dagger","Accuracy+1","Crippling Poison","Outmaneuver+1","Riddle With Holes+1","Acrobatics+1"],"relics":["Ring of the Snake","Regal Pillow","Ancient Tea Set","Bag of Preparation","Vajra","Sozu","Blood Vial","Juzu Bracelet","Shovel","Gremlin Horn","Strawberry","Centennial Puzzle","Lantern","Bag of Marbles","Bird Faced Urn","Black Star","Pen Nib","Meat on the Bone","Question Card","Frozen Egg 2","Bottled Flame","Smiling Mask","Paper Crane"],"potions_floor_usage":[6,12,14],"damage_taken":[{"damage":2,"enemies":"Small Slimes","floor":1,"turns":4},{"damage":3,"enemies":"2 Louse","floor":5,"turns":2},{"damage":35,"enemies":"3 Sentries","floor":6,"turns":8},{"damage":0,"enemies":"Cultist","floor":7,"turns":3},{"damage":4,"enemies":"2 Fungi Beasts","floor":8,"turns":2},{"damage":0,"enemies":"3 Louse","floor":12,"turns":2},{"damage":0,"enemies":"Large Slime","floor":14,"turns":2},{"damage":24,"enemies":"Slime Boss","floor":16,"turns":7},{"damage":1,"enemies":"3 Byrds","floor":18,"turns":3},{"damage":1,"enemies":"Chosen","floor":19,"turns":3},{"damage":16,"enemies":"Slavers","floor":25,"turns":5},{"damage":0,"enemies":"Snecko","floor":30,"turns":3},{"damage":47,"enemies":"Collector","floor":33,"turns":7},{"damage":0,"enemies":"3 Shapes","floor":35,"turns":2},{"damage":57,"enemies":"Giant Head","floor":40,"turns":7},{"damage":3,"enemies":"Flame Bruiser 1 Orb","floor":42,"turns":3},{"damage":14,"enemies":"Maw","floor":44,"turns":5},{"damage":6,"enemies":"4 Shapes","floor":45,"turns":3},{"damage":16,"enemies":"Sphere and 2 Shapes","floor":46,"turns":4},{"damage":20,"enemies":"Nemesis","floor":47,"turns":5},{"damage":15,"enemies":"Transient","floor":48,"turns":5},{"damage":57,"enemies":"Donu and Deca","floor":50,"turns":10}],"seed_played":"5844172640307512454","potions_obtained":[{"floor":5,"key":"Regen Potion"},{"floor":6,"key":"LiquidBronze"},{"floor":12,"key":"Explosive Potion"}],"is_trial":false,"path_per_floor":["M","?","$","?","M","E","M","M","T","?","?","M","R","M","R","B",null,"M","M","?","?","$","R","?","E","T","R","T","$","M","$","R","B",null,"M","?","?","$","T","E","R","M","T","M","M","M","E","M","R","B"],"character_chosen":"THE_SILENT","items_purchased":["Juzu Bracelet","Lantern","Bag of Marbles","Terror","Cloak And Dagger"],"campfire_rested":2,"item_purchase_floors":[22,29,29,38,38],"current_hp_per_floor":[68,68,68,68,65,45,45,41,41,34,20,20,56,56,56,32,70,69,68,68,68,68,68,68,54,54,61,61,61,63,63,63,20,77,77,77,77,77,77,20,58,61,61,55,55,47,47,50,50,13],"gold":174,"neow_bonus":"RANDOM_COMMON_RELIC","is_prod":false,"is_daily":false,"chose_seed":false,"campfire_upgraded":2,"win_rate":0,"timestamp":1532333947,"path_taken":["M","?","$","?","M","E","M","M","T","?","?","?","R","M","R","BOSS","M","M","?","?","$","R","?","E","T","R","?","$","M","$","R","BOSS","M","?","?","$","?","E","R","M","T","M","M","M","E","M","R","BOSS"],"build_version":"2018-07-19v2","purchased_purges":1,"victory":true,"max_hp_per_floor":[70,70,70,70,70,70,70,70,70,70,70,70,70,70,70,70,70,70,70,70,70,70,70,70,70,70,77,77,77,77,77,77,77,77,77,77,77,77,77,77,77,77,77,77,77,77,77,77,77,77],"card_choices":[{"not_picked":["Dagger Spray","Riddle With Holes"],"picked":"Blade Dance","floor":1},{"not_picked":["PiercingWail","Outmaneuver"],"picked":"Flechettes","floor":5},{"not_picked":["Dagger Throw","Predator"],"picked":"Crippling Poison","floor":6},{"not_picked":["PiercingWail","Masterful Stab"],"picked":"Quick Slash","floor":7},{"not_picked":["Poisoned Stab","Well Laid Plans"],"picked":"Adrenaline","floor":8},{"not_picked":["Riddle With Holes","Underhanded Strike"],"picked":"Blade Dance","floor":12},{"not_picked":["Flying Knee","Dodge and Roll"],"picked":"Choke","floor":14},{"not_picked":["Unload","Malaise"],"picked":"Envenom","floor":16},{"not_picked":["Prepared","Dagger Throw+1"],"picked":"Flying Knee+1","floor":18},{"not_picked":["Dagger Throw","Dodge and Roll"],"picked":"Outmaneuver","floor":19},{"not_picked":["Catalyst","Deadly Poison+1"],"picked":"Cloak And Dagger","floor":25},{"not_picked":["Malaise","Dagger Spray"],"picked":"PiercingWail","floor":30},{"not_picked":["Phantasmal Killer","Night Terror"],"picked":"Envenom","floor":33},{"not_picked":["Underhanded Strike+1","Concentrate"],"picked":"Poisoned Stab+1","floor":35},{"not_picked":["Flying Knee+1","Quick Slash+1"],"picked":"Accuracy+1","floor":40},{"not_picked":["Masterful Stab","Deadly Poison","Dodge and Roll"],"picked":"Crippling Poison","floor":42},{"not_picked":["Caltrops+1","Quick Slash","Predator+1"],"picked":"Outmaneuver+1","floor":44},{"not_picked":["Backflip+1","Distraction","Bouncing Flask"],"picked":"Riddle With Holes+1","floor":45},{"not_picked":["Quick Slash","Backflip","Dagger Spray","Dagger Throw"],"picked":"SKIP","floor":46},{"not_picked":["Unload","Dagger Spray+1","PiercingWail+1"],"picked":"Acrobatics+1","floor":47},{"not_picked":["Slice","Underhanded Strike","Prepared","Dagger Throw+1"],"picked":"SKIP","floor":48}],"player_experience":241473,"relics_obtained":[{"floor":6,"key":"Ancient Tea Set"},{"floor":9,"key":"Bag of Preparation"},{"floor":25,"key":"Shovel"},{"floor":26,"key":"Gremlin Horn"},{"floor":27,"key":"Strawberry"},{"floor":28,"key":"Centennial Puzzle"},{"floor":32,"key":"Bird Faced Urn"},{"floor":39,"key":"Pen Nib"},{"floor":40,"key":"Meat on the Bone"},{"floor":40,"key":"Question Card"},{"floor":43,"key":"Frozen Egg 2"},{"floor":47,"key":"Bottled Flame"},{"floor":47,"key":"Smiling Mask"},{"floor":49,"key":"Paper Crane"}],"event_choices":[{"event_name":"Living Wall","player_choice":"Grow","floor":2,"damage_taken":0},{"event_name":"Upgrade Shrine","player_choice":"Upgraded","floor":4,"damage_taken":0},{"event_name":"Scrap Ooze","player_choice":"success","floor":10,"damage_taken":7},{"event_name":"Shining Light","player_choice":"Entered Light","floor":11,"damage_taken":0},{"event_name":"The Mausoleum","player_choice":"Yes","floor":20,"damage_taken":0},{"event_name":"Back to Basics","player_choice":"Elegance","floor":21,"damage_taken":0},{"event_name":"Golden Shrine","player_choice":"Pray","floor":24,"damage_taken":0},{"event_name":"Falling","player_choice":"Removed Skill","floor":36,"damage_taken":0},{"event_name":"Mysterious Sphere","player_choice":"Ignore","floor":37,"damage_taken":0}],"is_beta":false,"boss_relics":[{"not_picked":["Velvet Choker","Pandora\u0027s Box"],"picked":"Sozu"},{"not_picked":["Calling Bell","Runic Pyramid"],"picked":"Black Star"}],"items_purged_floors":[3],"is_endless":false,"potions_floor_spawned":[5,6,12,18,25,40,42],"ascension_level":0}