{"gold_per_floor":[118,136,61,72,85,118,131,160,183,203,63,63],"floor_reached":12,"playtime":814,"items_purged":["Defend_R","Strike_R"],"score":110,"play_id":"c8066da9-3b09-4529-8dd0-7ec0c804d0bf","local_time":"20180628155522","is_ascension_mode":true,"campfire_choices":[],"neow_cost":"","seed_source_timestamp":153490712218135,"circlet_count":0,"master_deck":["Strike_R","Strike_R","Strike_R","Strike_R","Defend_R","Defend_R","Defend_R","Bash","Metallicize","Metallicize","Demon Form","Intimidate","Whirlwind","Disarm","Metallicize","Burning Pact","Feel No Pain"],"relics":["Burning Blood","Pen Nib","Ginger","Boot"],"potions_floor_usage":[6,8],"damage_taken":[{"damage":10,"enemies":"Cultist","floor":1,"turns":5},{"damage":15,"enemies":"2 Louse","floor":2,"turns":3},{"damage":9,"enemies":"Small Slimes","floor":4,"turns":3},{"damage":14,"enemies":"Red Slaver","floor":5,"turns":5},{"damage":11,"enemies":"3 Sentries","floor":6,"turns":8},{"damage":11,"enemies":"Exordium Wildlife","floor":7,"turns":5},{"damage":18,"enemies":"Lagavulin","floor":8,"turns":8},{"damage":13,"enemies":"Large Slime","floor":10,"turns":8},{"damage":38,"enemies":"Gremlin Nob","floor":12,"turns":5}],"seed_played":"4900269411598162723","potions_obtained":[{"floor":2,"key":"AttackPotion"},{"floor":6,"key":"Weak Potion"}],"is_trial":false,"path_per_floor":["M","M","$","M","M","E","M","E","T","M","$"],"character_chosen":"IRONCLAD","items_purchased":["Feel No Pain"],"campfire_rested":0,"item_purchase_floors":[11],"current_hp_per_floor":[76,67,67,64,56,51,46,34,34,27,27,0],"gold":63,"neow_bonus":"","is_prod":false,"is_daily":false,"chose_seed":false,"campfire_upgraded":0,"win_rate":0,"timestamp":1530219322,"path_taken":["M","M","$","M","M","E","?","E","T","M","$","E"],"build_version":"2018-06-27","purchased_purges":2,"victory":false,"max_hp_per_floor":[80,80,80,80,80,80,80,80,80,80,80,80],"card_choices":[{"not_picked":["Cleave","Sword Boomerang"],"picked":"Metallicize","floor":1},{"not_picked":["Thunderclap","Warcry"],"picked":"Metallicize","floor":2},{"not_picked":["Clothesline","Anger"],"picked":"Demon Form","floor":4},{"not_picked":["Combust","Heavy Blade"],"picked":"Intimidate","floor":5},{"not_picked":["Entrench","Clash"],"picked":"Whirlwind","floor":6},{"not_picked":["Flex","Twin Strike"],"picked":"Disarm","floor":7},{"not_picked":["Uppercut","Wild Strike"],"picked":"Metallicize","floor":8},{"not_picked":["Iron Wave","Spot Weakness"],"picked":"Burning Pact","floor":10}],"player_experience":162697,"relics_obtained":[{"floor":6,"key":"Pen Nib"},{"floor":8,"key":"Ginger"},{"floor":9,"key":"Boot"}],"event_choices":[],"boss_relics":[],"items_purged_floors":[3,11],"is_endless":false,"potions_floor_spawned":[2,6],"killed_by":"Gremlin Nob","ascension_level":4}