{"gold_per_floor":[111,131,131,147,163,163,194,194,194,213,233,233,253,278,278,373,373,387,387,397,397,322,322],"floor_reached":23,"playtime":2158,"items_purged":["Strike_B"],"score":213,"play_id":"fb7df76e-3c52-49cb-a3c6-fcb912787430","local_time":"20190209122504","is_ascension_mode":true,"campfire_choices":[{"data":"Hologram","floor":6,"key":"SMITH"},{"data":"Hologram","floor":8,"key":"SMITH"},{"data":"Zap","floor":12,"key":"SMITH"},{"floor":15,"key":"REST"}],"neow_cost":"NONE","seed_source_timestamp":943561973082303,"circlet_count":0,"master_deck":["Strike_B","Strike_B","Strike_B","Defend_B","Defend_B+1","Defend_B","Defend_B","Zap+1","Dualcast+1","Hologram+1","Hologram+1","Sweeping Beam","Rebound","Coolheaded","Sweeping Beam","Leap","Thunder Strike","Conserve Battery","Loop","Leap","Chaos","Cold Snap","Writhe","Coolheaded+1"],"relics":["Cracked Core","Strawberry","War Paint","Letter Opener","Orrery","PreservedInsect"],"potions_floor_usage":[7,7,14,14],"damage_taken":[{"damage":0,"enemies":"Small Slimes","floor":1,"turns":4},{"damage":0,"enemies":"Cultist","floor":2,"turns":3},{"damage":1,"enemies":"2 Louse","floor":4,"turns":4},{"damage":9,"enemies":"2 Fungi Beasts","floor":5,"turns":3},{"damage":6,"enemies":"Lagavulin","floor":7,"turns":5},{"damage":21,"enemies":"Gremlin Gang","floor":10,"turns":5},{"damage":8,"enemies":"3 Louse","floor":11,"turns":3},{"damage":0,"enemies":"Lots of Slimes","floor":13,"turns":1},{"damage":24,"enemies":"Gremlin Nob","floor":14,"turns":5},{"damage":13,"enemies":"The Guardian","floor":16,"turns":16},{"damage":4,"enemies":"Shell Parasite","floor":18,"turns":7},{"damage":23,"enemies":"3 Byrds","floor":20,"turns":4},{"damage":57,"enemies":"Book of Stabbing","floor":23,"turns":8}],"seed_played":"-430520739180345496","potions_obtained":[{"floor":2,"key":"SkillPotion"},{"floor":4,"key":"PowerPotion"},{"floor":11,"key":"Weak Potion"},{"floor":13,"key":"Regen Potion"},{"floor":20,"key":"Ancient Potion"}],"is_trial":false,"path_per_floor":["M","M","?","M","M","R","E","R","T","M","M","R","M","E","R","B",null,"M","?","M","?","$","E"],"character_chosen":"DEFECT","items_purchased":[],"campfire_rested":1,"item_purchase_floors":[],"current_hp_per_floor":[75,75,75,74,65,65,66,66,66,45,37,37,37,18,42,29,82,78,78,55,55,55,0],"gold":322,"neow_bonus":"RANDOM_COLORLESS","is_prod":false,"is_daily":false,"chose_seed":false,"campfire_upgraded":3,"win_rate":0,"timestamp":1549743904,"path_taken":["M","M","?","M","?","R","E","R","T","M","M","R","M","E","R","BOSS","M","?","M","?","$","E"],"build_version":"2019-01-23","purchased_purges":1,"victory":false,"max_hp_per_floor":[75,75,75,75,75,75,82,82,82,82,82,82,82,82,82,82,82,82,82,82,82,82,82],"card_choices":[{"not_picked":["Reprogram","Sunder"],"picked":"Hologram","floor":1},{"not_picked":["Redo","BootSequence"],"picked":"Hologram","floor":2},{"not_picked":["Biased Cognition","Ball Lightning"],"picked":"Sweeping Beam","floor":4},{"not_picked":["Ball Lightning","Gash"],"picked":"Rebound","floor":5},{"not_picked":["Undo","Tempest"],"picked":"Coolheaded","floor":7},{"not_picked":["Steam","Hologram"],"picked":"Sweeping Beam","floor":10},{"not_picked":["Go for the Eyes","BootSequence","Hyperbeam"],"picked":"SKIP","floor":11},{"not_picked":["Go for the Eyes","BootSequence","Hyperbeam"],"picked":"SKIP","floor":11},{"not_picked":["Ball Lightning","Turbo"],"picked":"Leap","floor":13},{"not_picked":["Lockon","Streamline","Sweeping Beam"],"picked":"SKIP","floor":14},{"not_picked":["Hyperbeam","Multi-Cast"],"picked":"Thunder Strike","floor":16},{"not_picked":["Beam Cell","Gash"],"picked":"Conserve Battery","floor":17},{"not_picked":["Streamline","Stack"],"picked":"Loop","floor":17},{"not_picked":["Heatsinks","Stack"],"picked":"Leap","floor":17},{"not_picked":["Barrage","Undo"],"picked":"Chaos","floor":17},{"not_picked":["Reprogram","Creative AI"],"picked":"Cold Snap","floor":17},{"not_picked":["Sunder+1","Leap","Doom and Gloom"],"picked":"SKIP","floor":18},{"not_picked":["Recycle","Double Energy+1"],"picked":"Coolheaded+1","floor":20}],"player_experience":197517,"relics_obtained":[{"floor":7,"key":"Strawberry"},{"floor":9,"key":"War Paint"},{"floor":14,"key":"Letter Opener"}],"event_choices":[{"cards_removed":["Blind"],"damage_healed":0,"gold_gain":0,"player_choice":"Purged","damage_taken":0,"max_hp_gain":0,"max_hp_loss":0,"event_name":"Purifier","floor":3,"gold_loss":0},{"damage_healed":0,"gold_gain":0,"player_choice":"Opened","damage_taken":0,"relics_obtained":["PreservedInsect"],"max_hp_gain":0,"max_hp_loss":0,"event_name":"The Mausoleum","floor":19,"gold_loss":0,"cards_obtained":["Writhe"]},{"damage_healed":0,"gold_gain":0,"player_choice":"Ignored","damage_taken":0,"max_hp_gain":0,"max_hp_loss":0,"event_name":"Ghosts","floor":21,"gold_loss":0}],"is_beta":false,"boss_relics":[{"not_picked":["FrozenCore","Pandora\u0027s Box"],"picked":"Orrery"}],"items_purged_floors":[22],"is_endless":false,"potions_floor_spawned":[2,4,11,13,20],"killed_by":"Book of Stabbing","ascension_level":1}