{"gold_per_floor":[113,125,125,141,157,190,190,190],"floor_reached":8,"playtime":351,"items_purged":[],"score":70,"play_id":"9ccf89c1-431c-4290-8d78-10566c094124","local_time":"20190213201700","is_ascension_mode":true,"campfire_choices":[{"data":"Poisoned Stab","floor":7,"key":"SMITH"}],"neow_cost":"NONE","seed_source_timestamp":2791788057816553,"circlet_count":0,"master_deck":["Defend_G","Defend_G","Defend_G","Defend_G","Defend_G","Strike_G","Strike_G","Strike_G","Strike_G","Strike_G","Survivor","Neutralize","Dagger Spray","Poisoned Stab+1","Well Laid Plans","Deadly Poison"],"relics":["Ring of the Snake","NeowsBlessing","Juzu Bracelet","Pantograph"],"potions_floor_usage":[6],"damage_taken":[{"damage":0,"enemies":"2 Louse","floor":1,"turns":1},{"damage":0,"enemies":"Cultist","floor":2,"turns":1},{"damage":0,"enemies":"Small Slimes","floor":4,"turns":1},{"damage":17,"enemies":"3 Louse","floor":5,"turns":3},{"damage":20,"enemies":"Lagavulin","floor":6,"turns":7},{"damage":35,"enemies":"Gremlin Nob","floor":8,"turns":3}],"seed_played":"-6012362718050992917","potions_obtained":[{"floor":5,"key":"PowerPotion"},{"floor":6,"key":"Strength Potion"}],"is_trial":false,"path_per_floor":["M","M","?","M","M","E","R","E"],"character_chosen":"THE_SILENT","items_purchased":[],"campfire_rested":0,"item_purchase_floors":[],"current_hp_per_floor":[70,70,63,63,46,26,26,0],"gold":190,"neow_bonus":"THREE_ENEMY_KILL","is_prod":false,"is_daily":false,"chose_seed":false,"campfire_upgraded":1,"win_rate":0,"timestamp":1550060220,"path_taken":["M","M","?","M","M","E","R","E"],"build_version":"2019-01-23","purchased_purges":0,"victory":false,"max_hp_per_floor":[70,70,70,70,70,70,70,70],"card_choices":[{"not_picked":["Backflip","Dodge and Roll"],"picked":"Dagger Spray","floor":1},{"not_picked":["Underhanded Strike","Quick Slash"],"picked":"Poisoned Stab","floor":2},{"not_picked":["Dagger Throw","Dodge and Roll"],"picked":"Well Laid Plans","floor":4},{"not_picked":["Quick Slash","Slice"],"picked":"Deadly Poison","floor":5},{"not_picked":["Blade Dance","Prepared","Storm of Steel"],"picked":"SKIP","floor":6}],"player_experience":120304,"relics_obtained":[{"floor":6,"key":"Pantograph"}],"event_choices":[{"damage_healed":0,"gold_gain":0,"player_choice":"Success","damage_taken":7,"relics_obtained":["Juzu Bracelet"],"max_hp_gain":0,"max_hp_loss":0,"event_name":"Scrap Ooze","floor":3,"gold_loss":0}],"is_beta":false,"boss_relics":[],"items_purged_floors":[],"is_endless":false,"potions_floor_spawned":[5,6],"killed_by":"Gremlin Nob","ascension_level":4}