{"gold_per_floor":[117,135,148,148,162,191,191,191,243,260,260,1,1,1,1,1],"floor_reached":16,"playtime":587,"items_purged":[],"score":165,"play_id":"50d83a21-7fdf-428d-a480-11fdcc96465e","local_time":"20180806112444","is_ascension_mode":true,"campfire_choices":[{"floor":7,"key":"REST"},{"floor":15,"key":"REST"}],"neow_cost":"NONE","seed_source_timestamp":1014669683863149,"circlet_count":0,"master_deck":["Strike_B","Strike_B","Strike_B","Strike_B","Defend_B","Defend_B","Defend_B","Defend_B","Zap","Dualcast","AscendersBane","Streamline","Defragment","Coolheaded","Streamline","Go for the Eyes","Turbo","Injury","Coolheaded","Parasite"],"relics":["Runic Pyramid","Question Card","Art of War","CultistMask","Anchor","Golden Idol","OrangePellets"],"potions_floor_usage":[5,16],"damage_taken":[{"damage":8,"enemies":"Small Slimes","floor":1,"turns":3},{"damage":9,"enemies":"Jaw Worm","floor":2,"turns":3},{"damage":6,"enemies":"Cultist","floor":3,"turns":3},{"damage":0,"enemies":"Large Slime","floor":5,"turns":6},{"damage":37,"enemies":"Lagavulin","floor":6,"turns":6},{"damage":15,"enemies":"Exordium Thugs","floor":10,"turns":4},{"damage":52,"enemies":"Hexaghost","floor":16,"turns":10}],"seed_played":"6548929768638696596","potions_obtained":[{"floor":2,"key":"Block Potion"},{"floor":6,"key":"SpeedPotion"},{"floor":10,"key":"LiquidBronze"}],"is_trial":false,"path_per_floor":["M","M","M","?","M","E","R","?","T","M","?","$","$","?","R"],"character_chosen":"DEFECT","items_purchased":["OrangePellets","Coolheaded"],"campfire_rested":2,"item_purchase_floors":[12,12],"current_hp_per_floor":[60,51,45,42,42,5,27,27,27,12,12,12,12,30,52,0],"gold":1,"neow_bonus":"BOSS_RELIC","is_prod":false,"is_daily":false,"chose_seed":false,"campfire_upgraded":0,"win_rate":0,"timestamp":1533569084,"path_taken":["M","M","M","?","M","E","R","?","T","M","?","?","$","?","R","BOSS"],"build_version":"2018-08-02","purchased_purges":0,"victory":false,"max_hp_per_floor":[75,75,75,75,75,75,75,75,75,75,75,75,75,75,75,75],"card_choices":[{"not_picked":["Conserve Battery","FTL"],"picked":"Streamline","floor":1},{"not_picked":["Tempest","Self Repair"],"picked":"Defragment","floor":2},{"not_picked":["Go for the Eyes","Streamline"],"picked":"Coolheaded","floor":3},{"not_picked":["Stack","Barrage","FTL"],"picked":"Streamline","floor":5},{"not_picked":["Seek","Storm","Chaos"],"picked":"Go for the Eyes","floor":6},{"not_picked":["Streamline","Chaos","Rebound"],"picked":"Turbo","floor":10}],"player_experience":1449639,"relics_obtained":[{"floor":6,"key":"Art of War"},{"floor":9,"key":"Anchor"}],"event_choices":[{"event_name":"Scrap Ooze","player_choice":"success","floor":4,"damage_taken":3},{"event_name":"FaceTrader","player_choice":"Trade","floor":8,"damage_taken":0},{"event_name":"Golden Idol","player_choice":"Take Wound","floor":11,"damage_taken":0},{"event_name":"Mushrooms","player_choice":"Healed and dodged fight","floor":14,"damage_taken":0}],"is_beta":false,"boss_relics":[],"items_purged_floors":[],"is_endless":false,"potions_floor_spawned":[2,6,10],"killed_by":"Hexaghost","ascension_level":13}