{"path_per_floor":["M","M","$","M","M","M","R","M","T","?","R","M","E","M","R","B",null,"M","$","M","?","?","R","M","M","T","?","?","?","$","M","R","B",null,"M","?","?","M","M","R","?","R","T","E","$","R","$","?","R","B"],"character_chosen":"IRONCLAD","items_purchased":["Iron Wave","Armaments","Metallicize+1","Dexterity Potion","Incense Burner","LiquidBronze","Flame Barrier"],"gold_per_floor":[111,129,5,24,38,56,56,67,67,67,67,84,118,132,132,228,228,241,18,37,37,37,37,52,64,64,64,91,91,42,54,54,149,149,168,168,168,187,201,201,423,423,423,452,155,155,4,4,4,4],"floor_reached":51,"campfire_rested":7,"playtime":5217,"item_purchase_floors":[],"current_hp_per_floor":[80,80,80,80,66,57,80,78,78,71,71,75,80,77,77,21,80,75,75,80,80,65,85,85,85,85,69,69,69,69,74,85,77,85,85,85,74,68,70,85,85,85,85,85,85,85,85,85,85,85],"items_purged":["Strike_R","Strike_R"],"gold":4,"score":902,"play_id":"34391609-c4ec-4218-83ed-750f75ccb9cc","local_time":"20180621171848","is_prod":false,"is_daily":false,"chose_seed":false,"is_ascension_mode":false,"campfire_upgraded":2,"win_rate":0,"timestamp":1529615928,"campfire_choices":[{"floor":7.0,"key":"REST"},{"data":"Iron Wave","floor":11.0,"key":"SMITH"},{"data":"True Grit","floor":15.0,"key":"SMITH"},{"floor":23,"key":"REST"},{"floor":32,"key":"REST"},{"floor":40,"key":"REST"},{"floor":42,"key":"REST"},{"floor":46,"key":"REST"},{"floor":49,"key":"REST"}],"path_taken":["M","?","$","M","M","M","R","M","T","?","R","M","E","M","R","BOSS","M","$","M","?","?","R","M","M","T","?","?","?","$","M","R","BOSS","M","?","?","M","?","R","?","R","T","E","$","R","$","?","R","BOSS"],"build_version":"2018-06-14v2","seed_source_timestamp":0,"purchased_purges":2,"victory":true,"master_deck":["Defend_R","Defend_R","Defend_R","Defend_R","Bash","Warcry","Headbutt","Iron Wave+1","Metallicize","Ghostly Armor","Flame Barrier","True Grit+1","Juggernaut+1","Armaments","Metallicize+1","Ghostly Armor","Entrench+1","Flame Barrier+1","Barricade+1","Madness","Madness","Entrench+1","Flame Barrier"],"max_hp_per_floor":[80,80,80,80,80,80,80,80,80,80,80,80,80,80,80,80,80,80,80,80,80,85,85,85,85,85,85,85,85,85,85,85,85,85,85,85,85,85,85,85,85,85,85,85,85,85,85,85,85,85],"special_seed":0,"relics":["Burning Blood","Frozen Egg 2","Dream Catcher","Fusion Hammer","Blood Vial","Nilry\u0027s Codex","Red Mask","White Beast Statue","Gremlin Horn","Question Card","Incense Burner","Sundial"],"card_choices":[{"not_picked":["Clash","Clothesline"],"picked":"Warcry","floor":1.0},{"not_picked":["Pommel Strike","Warcry"],"picked":"Headbutt","floor":2.0},{"not_picked":["Pommel Strike","Hemokinesis"],"picked":"Metallicize","floor":4.0},{"not_picked":["Clash","Second Wind","Rupture"],"picked":"SKIP","floor":5.0},{"not_picked":["Combust","Seeing Red","Flex"],"picked":"SKIP","floor":6.0},{"not_picked":["Perfected Strike","Rage","Rupture"],"picked":"SKIP","floor":8.0},{"not_picked":["Pommel Strike","Headbutt"],"picked":"Ghostly Armor","floor":12.0},{"not_picked":["Rage","True Grit"],"picked":"Flame Barrier","floor":13.0},{"not_picked":["Hemokinesis","Whirlwind"],"picked":"True Grit","floor":14.0},{"not_picked":["Offering","Reaper"],"picked":"Juggernaut+1","floor":16.0},{"not_picked":["Clothesline","Pummel","Warcry+1"],"picked":"SKIP","floor":18},{"not_picked":["Perfected Strike","Cleave+1","Armaments+1"],"picked":"SKIP","floor":20},{"not_picked":["Heavy Blade","Shockwave"],"picked":"Ghostly Armor","floor":23},{"not_picked":["True Grit","Thunderclap","Warcry"],"picked":"SKIP","floor":24},{"not_picked":["Pommel Strike","Sever Soul","Intimidate"],"picked":"SKIP","floor":25},{"not_picked":["Armaments+1","Body Slam"],"picked":"Feed","floor":28},{"not_picked":["Clothesline+1","Thunderclap"],"picked":"Entrench+1","floor":31},{"not_picked":["Cleave","Dual Wield"],"picked":"Flame Barrier+1","floor":32},{"not_picked":["Feed","Double Tap"],"picked":"Barricade+1","floor":33},{"not_picked":["Clothesline","Headbutt+1","Flame Barrier+1"],"picked":"SKIP","floor":35},{"not_picked":["Inflame+1","Disarm","Flex+1"],"picked":"SKIP","floor":38},{"not_picked":["Havoc+1","Twin Strike+1"],"picked":"Entrench+1","floor":39},{"not_picked":["Infernal Blade","Fire Breathing+1","Sword Boomerang+1"],"picked":"SKIP","floor":44}],"player_experience":673956,"potions_floor_usage":[33,33,33,39,50,50,50],"damage_taken":[{"damage":6.0,"enemies":"Cultist","floor":1.0,"turns":3.0},{"damage":6.0,"enemies":"Jaw Worm","floor":2.0,"turns":4.0},{"damage":0.0,"enemies":"2 Louse","floor":4.0,"turns":2.0},{"damage":20.0,"enemies":"Exordium Thugs","floor":5.0,"turns":5.0},{"damage":15.0,"enemies":"Lots of Slimes","floor":6.0,"turns":6.0},{"damage":8.0,"enemies":"2 Fungi Beasts","floor":8.0,"turns":4.0},{"damage":2.0,"enemies":"Large Slime","floor":12.0,"turns":6.0},{"damage":1.0,"enemies":"3 Sentries","floor":13.0,"turns":12.0},{"damage":9.0,"enemies":"Exordium Wildlife","floor":14.0,"turns":8.0},{"damage":62.0,"enemies":"Slime Boss","floor":16.0,"turns":20.0},{"damage":11,"enemies":"Spheric Guardian","floor":18,"turns":5},{"damage":0,"enemies":"3 Byrds","floor":20,"turns":3},{"damage":6,"enemies":"Sentry and Sphere","floor":24,"turns":7},{"damage":0,"enemies":"Snecko","floor":25,"turns":6},{"damage":8,"floor":28,"turns":5},{"damage":3,"enemies":"Centurion and Healer","floor":31,"turns":21},{"damage":14,"enemies":"Champ","floor":33,"turns":16},{"damage":0,"enemies":"3 Shapes","floor":35,"turns":10},{"damage":14,"enemies":"3 Darklings","floor":38,"turns":9},{"damage":6,"enemies":"4 Shapes","floor":39,"turns":5},{"damage":5,"enemies":"Giant Head","floor":44,"turns":11},{"damage":0,"floor":48,"turns":13},{"damage":6,"enemies":"Time Eater","floor":50,"turns":15}],"relics_obtained":[{"floor":9.0,"key":"Frozen Egg 2"},{"floor":13.0,"key":"Dream Catcher"},{"floor":26,"key":"Blood Vial"},{"floor":27,"key":"Nilry\u0027s Codex"},{"floor":28,"key":"Red Mask"},{"floor":43,"key":"Gremlin Horn"},{"floor":44,"key":"Question Card"},{"floor":48,"key":"Sundial"}],"event_choices":[{"event_name":"Golden Wing","player_choice":"Card Removal","floor":10.0,"damage_taken":0.0},{"event_name":"Drug Dealer","player_choice":"Ignored","floor":21,"damage_taken":0},{"event_name":"Forgotten Altar","player_choice":"Shed Blood","floor":22,"damage_taken":0},{"event_name":"Cursed Tome","player_choice":"Obtained Book","floor":27,"damage_taken":0},{"event_name":"Masked Bandits","player_choice":"Fought over 64 gold","floor":28,"damage_taken":0},{"event_name":"Wheel of Change","player_choice":"Card Removal","floor":29,"damage_taken":0},{"event_name":"Falling","player_choice":"Removed Attack","floor":36,"damage_taken":0},{"event_name":"Winding Halls","player_choice":"Embrace Madness","floor":37,"damage_taken":0},{"event_name":"Tomb of Lord Red Mask","player_choice":"Wore Mask","floor":41,"damage_taken":0},{"event_name":"MindBloom","player_choice":"Fight","floor":48,"damage_taken":0}],"boss_relics":[{"not_picked":["Runic Dome","Ectoplasm"],"picked":"Fusion Hammer"},{"not_picked":["Astrolabe","Pandora\u0027s Box"],"picked":"White Beast Statue"}],"items_purged_floors":[],"is_endless":false,"potions_floor_spawned":[4,8,12,13,25,31,33,35,38,39,44,48],"seed_played":"-5010761844621582404","ascension_level":0,"potions_obtained":[{"floor":4.0,"key":"AttackPotion"},{"floor":8.0,"key":"FearPotion"},{"floor":12.0,"key":"Weak Potion"},{"floor":13.0,"key":"Ancient Potion"},{"floor":25,"key":"AttackPotion"},{"floor":31,"key":"Energy Potion"},{"floor":33,"key":"FearPotion"},{"floor":35,"key":"SpeedPotion"},{"floor":38,"key":"AttackPotion"},{"floor":39,"key":"SpeedPotion"},{"floor":44,"key":"LiquidBronze"},{"floor":48,"key":"PowerPotion"}],"is_trial":false}