{"gold_per_floor":[112,362,6,23,34,34,61,61,61,61,136,151,181,193,193,292,292,304,28,28,28,44,73,73,104,104,123,123],"floor_reached":28,"playtime":1861,"items_purged":["Regret"],"score":349,"play_id":"b651df55-6aba-4bf9-80d6-207af9c7fe61","local_time":"20180714011107","is_ascension_mode":true,"campfire_choices":[{"floor":6,"key":"REST"},{"data":"Apotheosis","floor":8,"key":"SMITH"},{"floor":10,"key":"REST"},{"floor":15,"key":"REST"},{"floor":24,"key":"REST"}],"neow_cost":"FIFTY_PERCENT_DAMAGE","seed_source_timestamp":183178903063052,"circlet_count":0,"master_deck":["Survivor","Neutralize","Bullet Time","Terror","Apotheosis+1","Footwork","Dodge and Roll","Bouncing Flask","Burst","Choke","Envenom","Dagger Spray","Night Terror","Bouncing Flask","Poisoned Stab","Backflip","Leg Sweep","Flying Knee","Infinite Blades","Predator","Concentrate","Deadly Poison","Dagger Spray","Bouncing Flask","Slice","PiercingWail","Backstab","Grand Finale","Flying Knee","Noxious Fumes","PiercingWail+1"],"relics":["Ring of the Snake","Bottled Lightning","Mummified Hand","The Courier","Pandora\u0027s Box","Kunai","Dream Catcher","Gambling Chip","Mercury Hourglass"],"potions_floor_usage":[13,18,28,28,28],"damage_taken":[{"damage":7,"enemies":"2 Louse","floor":1,"turns":3},{"damage":0,"enemies":"Cultist","floor":4,"turns":4},{"damage":4,"enemies":"Small Slimes","floor":5,"turns":5},{"damage":10,"enemies":"Gremlin Nob","floor":7,"turns":6},{"damage":6,"enemies":"Blue Slaver","floor":12,"turns":4},{"damage":0,"enemies":"Lagavulin","floor":13,"turns":6},{"damage":1,"enemies":"Large Slime","floor":14,"turns":4},{"damage":12,"enemies":"Slime Boss","floor":16,"turns":8},{"damage":20,"enemies":"3 Byrds","floor":18,"turns":3},{"damage":3,"enemies":"Chosen","floor":22,"turns":3},{"damage":39,"enemies":"Slavers","floor":23,"turns":5},{"damage":5,"enemies":"Gremlin Leader","floor":25,"turns":6},{"damage":17,"enemies":"Centurion and Healer","floor":27,"turns":5},{"damage":23,"enemies":"Cultist and Chosen","floor":28,"turns":4}],"seed_played":"-4633251251880879780","potions_obtained":[{"floor":7,"key":"Fire Potion"},{"floor":12,"key":"GhostInAJar"},{"floor":13,"key":"Ancient Potion"},{"floor":16,"key":"Poison Potion"},{"floor":18,"key":"FearPotion"},{"floor":22,"key":"Poison Potion"}],"is_trial":false,"path_per_floor":["M","?","$","M","M","R","E","R","T","R","?","M","E","M","R","B",null,"M","$","?","?","M","E","R","E","T","M"],"character_chosen":"THE_SILENT","items_purchased":["Apotheosis","Footwork","Kunai","Bouncing Flask","Slice"],"campfire_rested":4,"item_purchase_floors":[3,3,19,19,19],"current_hp_per_floor":[28,28,28,28,24,45,35,35,35,56,45,39,39,38,59,47,70,50,50,50,50,47,8,29,24,24,7,0],"gold":123,"neow_bonus":"THREE_RARE_CARDS","is_prod":false,"is_daily":false,"chose_seed":false,"campfire_upgraded":1,"win_rate":0,"timestamp":1531496467,"path_taken":["M","?","?","M","M","R","E","R","T","R","?","M","E","M","R","BOSS","M","?","?","?","M","E","R","E","T","M","M"],"build_version":"2018-07-12","purchased_purges":1,"victory":false,"max_hp_per_floor":[70,70,70,70,70,70,70,70,70,70,70,70,70,70,70,70,70,70,70,70,70,70,70,70,70,70,70,70],"card_choices":[{"not_picked":["Unload","Tactician"],"picked":"Bullet Time","floor":0},{"not_picked":["Sucker Punch","Outmaneuver"],"picked":"Terror","floor":1},{"not_picked":["Flying Knee","Backstab"],"picked":"Dodge and Roll","floor":4},{"not_picked":["Slice","Backflip"],"picked":"Bouncing Flask","floor":5},{"not_picked":["Backflip","All Out Attack"],"picked":"Burst","floor":7},{"not_picked":["Bane","Flechettes"],"picked":"Choke","floor":12},{"not_picked":["Deflect","Cloak And Dagger"],"picked":"Envenom","floor":13},{"not_picked":["Slice","Bane"],"picked":"Dagger Spray","floor":14},{"not_picked":["Phantasmal Killer","Grand Finale"],"picked":"Night Terror","floor":16},{"not_picked":["Poisoned Stab+1","Bane"],"picked":"Dagger Spray","floor":18},{"not_picked":["Cloak And Dagger","Prepared"],"picked":"Backstab","floor":22},{"not_picked":["Flying Knee+1","Cloak And Dagger"],"picked":"Grand Finale","floor":23},{"not_picked":["Quick Slash+1","Dagger Throw+1"],"picked":"Flying Knee","floor":24},{"not_picked":["Predator","Slice+1"],"picked":"Noxious Fumes","floor":25},{"not_picked":["Outmaneuver","Deflect+1"],"picked":"PiercingWail+1","floor":27}],"player_experience":120506,"relics_obtained":[{"floor":7,"key":"Bottled Lightning"},{"floor":9,"key":"Mummified Hand"},{"floor":13,"key":"The Courier"},{"floor":23,"key":"Dream Catcher"},{"floor":25,"key":"Gambling Chip"},{"floor":26,"key":"Mercury Hourglass"}],"event_choices":[{"event_name":"Golden Shrine","player_choice":"Desecrate","floor":2,"damage_taken":0},{"event_name":"World of Goop","player_choice":"Gather Gold","floor":11,"damage_taken":0},{"event_name":"Drug Dealer","player_choice":"Ignored","floor":20,"damage_taken":0},{"event_name":"Transmorgrifier","player_choice":"Transform","floor":21,"damage_taken":0}],"boss_relics":[{"not_picked":["Busted Crown","Cursed Key"],"picked":"Pandora\u0027s Box"}],"items_purged_floors":[3],"is_endless":false,"potions_floor_spawned":[7,12,13,16,18,22],"killed_by":"Cultist and Chosen","ascension_level":4}