{"gold_per_floor":[116,116,116,65,65,98,17,17,17,29,57,57,71,89,89,163,163,178,178,178,178,45,45,60,73,98,20,20,54,54,69,69,142,142,160,160,47,47],"floor_reached":38,"playtime":1472,"items_purged":["Strike_B+1","Strike_B+1"],"score":761,"play_id":"47f2b526-9f5b-4d51-8854-5b770926c45d","local_time":"20181217130933","is_ascension_mode":true,"campfire_choices":[{"floor":15,"key":"REST"},{"floor":23,"key":"RECALL"},{"data":"Defragment","floor":28,"key":"SMITH"},{"floor":30,"key":"REST"},{"floor":32,"key":"REST"}],"neow_cost":"NONE","seed_source_timestamp":126981460740342,"circlet_count":0,"master_deck":["AscendersBane","Strike_B+1","Defend_B+1","Defend_B+1","Defend_B+1","Defend_B+1","Zap+1","Dualcast","Sunder+1","Go for the Eyes","Compile Driver","Capacitor","Ball Lightning","Streamline","Melter","Core Surge","Redo","Conserve Battery","Loop","Hologram+1","Defragment+1","Steam","Rebound","Core Surge","Auto Shields"],"relics":["Cracked Core","NeowsBlessing","Incense Burner","Symbiotic Virus","Gremlin Horn","Eternal Feather","The Courier","Sozu"],"potions_floor_usage":[16,18,20,29,31,35],"damage_taken":[{"damage":0,"enemies":"Small Slimes","floor":1,"turns":1},{"damage":0,"enemies":"3 Sentries","floor":6,"turns":1},{"damage":0,"enemies":"2 Louse","floor":10,"turns":1},{"damage":30,"enemies":"Lagavulin","floor":11,"turns":5},{"damage":0,"enemies":"Cultist","floor":13,"turns":2},{"damage":9,"enemies":"Exordium Thugs","floor":14,"turns":2},{"damage":19,"enemies":"Hexaghost","floor":16,"turns":9},{"damage":28,"enemies":"2 Thieves","floor":18,"turns":3},{"damage":0,"enemies":"Colosseum Slavers","floor":20,"turns":1},{"damage":2,"enemies":"Chosen","floor":24,"turns":4},{"damage":3,"enemies":"Snecko","floor":25,"turns":4},{"damage":41,"enemies":"Book of Stabbing","floor":29,"turns":6},{"damage":11,"enemies":"Sentry and Sphere","floor":31,"turns":3},{"damage":57,"enemies":"Automaton","floor":33,"turns":10},{"damage":43,"enemies":"3 Darklings","floor":35,"turns":5},{"damage":16,"enemies":"Orb Walker","floor":38,"turns":3}],"seed_played":"-7583827409327385312","potions_obtained":[{"floor":13,"key":"SmokeBomb"},{"floor":14,"key":"Regen Potion"},{"floor":16,"key":"AttackPotion"},{"floor":18,"key":"Dexterity Potion"},{"floor":29,"key":"AttackPotion"},{"floor":31,"key":"SteroidPotion"},{"floor":33,"key":"Block Potion"}],"is_trial":false,"path_per_floor":["M","$","?","$","?","E","$","?","T","M","E","?","M","M","R","B",null,"M","?","?","?","$","R","M","M","T","$","R","E","R","M","R","B",null,"M","?","$","M"],"character_chosen":"DEFECT","items_purchased":["Go for the Eyes","Capacitor","Conserve Battery","Defragment","Auto Shields"],"campfire_rested":3,"item_purchase_floors":[4,7,22,27,37],"current_hp_per_floor":[64,64,57,57,57,57,57,57,57,57,27,27,27,18,39,35,62,34,34,34,34,34,43,41,38,38,38,50,9,42,31,64,7,55,12,12,12,0],"gold":47,"neow_bonus":"THREE_ENEMY_KILL","is_prod":false,"is_daily":false,"chose_seed":false,"campfire_upgraded":1,"win_rate":0,"timestamp":1545070173,"path_taken":["M","$","?","$","?","E","$","?","T","M","E","?","?","M","R","BOSS","M","?","?","?","?","R","?","M","T","$","R","E","R","?","R","BOSS","M","?","$","?"],"build_version":"2018-12-13","purchased_purges":2,"victory":false,"max_hp_per_floor":[71,71,71,71,71,71,71,71,71,71,71,71,71,71,71,71,71,71,71,71,71,71,71,71,71,71,71,71,71,71,71,71,71,71,71,71,71,71],"card_choices":[{"not_picked":["Turbo","Steam"],"picked":"Sunder","floor":1},{"not_picked":["Hologram","Go for the Eyes"],"picked":"Compile Driver","floor":6},{"not_picked":["Auto Shields","Rebound"],"picked":"Ball Lightning","floor":10},{"not_picked":["Gash","Barrage"],"picked":"Streamline","floor":11},{"not_picked":["Redo","Ball Lightning"],"picked":"Melter","floor":13},{"not_picked":["Scrape","Reprogram","Streamline"],"picked":"SKIP","floor":14},{"not_picked":["Buffer","Rainbow"],"picked":"Core Surge","floor":16},{"not_picked":["Scrape","Tempest"],"picked":"Redo","floor":18},{"not_picked":["Gash","Leap"],"picked":"Loop","floor":24},{"not_picked":["Lockon","Storm"],"picked":"Hologram+1","floor":25},{"not_picked":["Scrape","Meteor Strike"],"picked":"Steam","floor":29},{"not_picked":["Doom and Gloom","Skim"],"picked":"Rebound","floor":31},{"not_picked":["Fission","Biased Cognition"],"picked":"Core Surge","floor":33},{"not_picked":["Redo","Reprogram","Streamline"],"picked":"SKIP","floor":35}],"player_experience":1911738,"relics_obtained":[{"floor":6,"key":"Incense Burner"},{"floor":9,"key":"Symbiotic Virus"},{"floor":11,"key":"Gremlin Horn"},{"floor":29,"key":"The Courier"}],"event_choices":[{"cards_removed":["Strike_B"],"damage_healed":0,"gold_gain":0,"player_choice":"Card Removal","damage_taken":7,"max_hp_gain":0,"max_hp_loss":0,"event_name":"Golden Wing","floor":3,"gold_loss":0},{"damage_healed":0,"gold_gain":0,"player_choice":"Grow","damage_taken":0,"max_hp_gain":0,"max_hp_loss":0,"event_name":"Living Wall","floor":5,"gold_loss":0,"cards_upgraded":["Sunder"]},{"damage_healed":0,"gold_gain":0,"player_choice":"Leave","damage_taken":0,"max_hp_gain":0,"max_hp_loss":0,"event_name":"The Cleric","floor":8,"gold_loss":0},{"damage_healed":0,"gold_gain":0,"player_choice":"Upgraded","damage_taken":0,"max_hp_gain":0,"max_hp_loss":0,"event_name":"Upgrade Shrine","floor":12,"gold_loss":0,"cards_upgraded":["Zap"]},{"damage_healed":0,"gold_gain":0,"player_choice":"Simplicity","damage_taken":0,"max_hp_gain":0,"max_hp_loss":0,"event_name":"Back to Basics","floor":19,"gold_loss":0,"cards_upgraded":["Strike_B","Strike_B","Strike_B","Defend_B","Defend_B","Defend_B","Defend_B"]},{"damage_healed":0,"gold_gain":0,"player_choice":"Fight","damage_taken":0,"max_hp_gain":0,"max_hp_loss":0,"event_name":"Colosseum","floor":20,"gold_loss":0},{"damage_healed":0,"gold_gain":0,"player_choice":"Fled From Nobs","damage_taken":0,"max_hp_gain":0,"max_hp_loss":0,"event_name":"Colosseum","floor":20,"gold_loss":0},{"damage_healed":0,"gold_gain":0,"player_choice":"Ignored","damage_taken":0,"max_hp_gain":0,"max_hp_loss":0,"event_name":"Ghosts","floor":21,"gold_loss":0},{"damage_healed":0,"gold_gain":0,"player_choice":"Ignored","damage_taken":0,"max_hp_gain":0,"max_hp_loss":0,"event_name":"SecretPortal","floor":36,"gold_loss":0}],"is_beta":false,"boss_relics":[{"not_picked":["Ectoplasm","Tiny House"],"picked":"Eternal Feather"},{"not_picked":["Inserter","Runic Dome"],"picked":"Sozu"}],"items_purged_floors":[22,37],"is_endless":false,"potions_floor_spawned":[13,14,16,18,29,31,33],"killed_by":"Orb Walker","ascension_level":16}