{"gold_per_floor":[110,10,30,30,30,30,46,46,46,46,74,94,114,139,139,213,213,228,244,294,294,305,305,305],"floor_reached":24,"playtime":1039,"items_purged":["Strike_B"],"score":391,"play_id":"4cc71ba3-7a3d-4e1f-8baa-4d4b1f99defb","local_time":"20190104082556","is_ascension_mode":true,"campfire_choices":[{"floor":6,"key":"REST"},{"data":"Zap","floor":8,"key":"SMITH"},{"floor":10,"key":"REST"},{"floor":15,"key":"REST"},{"floor":23,"key":"REST"}],"neow_cost":"PERCENT_DAMAGE","seed_source_timestamp":5438781135165,"circlet_count":0,"master_deck":["AscendersBane","Strike_B","Strike_B","Defend_B","Defend_B","Defend_B","Defend_B","Zap+1","Dualcast","Ball Lightning","Leap","Rip and Tear","Reinforced Body","Conserve Battery","Glacier","Sweeping Beam","Echo Form","Cold Snap+1"],"relics":["Cracked Core","Pocketwatch","Symbiotic Virus","Blue Candle","Strawberry","Inserter","NlothsMask"],"potions_floor_usage":[11,11],"damage_taken":[{"damage":2,"enemies":"Jaw Worm","floor":1,"turns":3},{"damage":4,"enemies":"Small Slimes","floor":3,"turns":4},{"damage":0,"enemies":"Cultist","floor":7,"turns":2},{"damage":11,"enemies":"Lagavulin","floor":11,"turns":4},{"damage":0,"enemies":"2 Fungi Beasts","floor":12,"turns":3},{"damage":6,"enemies":"Looter","floor":13,"turns":3},{"damage":24,"enemies":"Gremlin Nob","floor":14,"turns":4},{"damage":15,"enemies":"Slime Boss","floor":16,"turns":10},{"damage":27,"enemies":"Shell Parasite","floor":18,"turns":4},{"damage":18,"enemies":"Spheric Guardian","floor":19,"turns":4},{"damage":15,"enemies":"3 Cultists","floor":22,"turns":6},{"damage":37,"enemies":"Centurion and Healer","floor":24,"turns":5}],"seed_played":"7647565079843900806","potions_obtained":[{"floor":3,"key":"Dexterity Potion"},{"floor":7,"key":"Poison Potion"},{"floor":12,"key":"Swift Potion"},{"floor":18,"key":"Dexterity Potion"}],"is_trial":false,"path_per_floor":["M","$","M","$","?","R","M","R","T","R","E","M","M","E","R","B",null,"M","M","?","?","M","R","M"],"character_chosen":"DEFECT","items_purchased":["Leap"],"campfire_rested":4,"item_purchase_floors":[2],"current_hp_per_floor":[44,44,40,40,33,54,54,54,54,71,60,60,54,37,60,45,70,43,25,25,25,10,33,0],"gold":305,"neow_bonus":"ONE_RARE_RELIC","is_prod":false,"is_daily":false,"chose_seed":false,"campfire_upgraded":1,"win_rate":0,"timestamp":1546608356,"path_taken":["M","$","M","$","?","R","M","R","T","R","E","M","M","E","R","BOSS","M","M","?","?","M","R","M"],"build_version":"2019-01-03v3","purchased_purges":1,"victory":false,"max_hp_per_floor":[71,71,71,71,71,71,71,71,71,71,71,71,71,78,78,78,78,78,78,78,78,78,78,78],"card_choices":[{"not_picked":["Go for the Eyes","Redo"],"picked":"Ball Lightning","floor":1},{"not_picked":["Skim","Doom and Gloom"],"picked":"Rip and Tear","floor":3},{"not_picked":["Stack","Leap"],"picked":"Reinforced Body","floor":7},{"not_picked":["Reinforced Body","Steam"],"picked":"Conserve Battery","floor":11},{"not_picked":["Compile Driver","Rebound","Go for the Eyes"],"picked":"SKIP","floor":12},{"not_picked":["Double Energy","Rip and Tear"],"picked":"Glacier","floor":13},{"not_picked":["Beam Cell","Ball Lightning"],"picked":"Sweeping Beam","floor":14},{"not_picked":["Fission","All For One"],"picked":"Echo Form","floor":16},{"not_picked":["BootSequence","Darkness"],"picked":"Cold Snap+1","floor":18},{"not_picked":["Leap","Ball Lightning","Blizzard"],"picked":"SKIP","floor":19},{"not_picked":["Cold Snap","Sweeping Beam","Go for the Eyes"],"picked":"SKIP","floor":22}],"player_experience":1998465,"relics_obtained":[{"floor":9,"key":"Symbiotic Virus"},{"floor":11,"key":"Blue Candle"},{"floor":14,"key":"Strawberry"}],"event_choices":[{"cards_removed":["Strike_B"],"damage_healed":0,"gold_gain":0,"player_choice":"Card Removal","damage_taken":7,"max_hp_gain":0,"max_hp_loss":0,"event_name":"Golden Wing","floor":5,"gold_loss":0},{"damage_healed":0,"gold_gain":50,"player_choice":"Stole From Cult","damage_taken":0,"max_hp_gain":0,"max_hp_loss":0,"event_name":"Nest","floor":20,"gold_loss":0},{"damage_healed":0,"gold_gain":0,"player_choice":"Trade","damage_taken":0,"relics_obtained":["NlothsMask"],"max_hp_gain":0,"max_hp_loss":0,"event_name":"FaceTrader","floor":21,"gold_loss":0}],"is_beta":false,"boss_relics":[{"not_picked":["FrozenCore","Busted Crown"],"picked":"Inserter"}],"items_purged_floors":[2],"is_endless":false,"potions_floor_spawned":[3,7,12,18],"killed_by":"Centurion and Healer","ascension_level":18}