{"gold_per_floor":[115,115,128,303,324,324,343,11,11,11,11,31,44,17,17,17],"floor_reached":16,"playtime":342,"items_purged":[],"score":92,"play_id":"05a6d0da-f6f3-4a75-9f91-8079d7ba438d","local_time":"20180728002006","is_ascension_mode":false,"campfire_choices":[{"floor":6,"key":"REST"},{"data":"Blade Dance","floor":10,"key":"SMITH"},{"floor":15,"key":"REST"}],"neow_cost":"","seed_source_timestamp":42800693964026,"circlet_count":0,"master_deck":["Defend_G","Defend_G","Defend_G","Defend_G","Defend_G","Strike_G","Strike_G","Strike_G","Strike_G","Strike_G","Survivor","Neutralize","All Out Attack","Blade Dance","Doubt","Flying Knee","Bane","Blade Dance+1","Regret","Choke","Bouncing Flask","Slice"],"relics":["Ring of the Snake","Golden Idol","Bottled Lightning","Frozen Egg 2","Sundial"],"potions_floor_usage":[7,16,16],"damage_taken":[{"damage":8,"enemies":"Jaw Worm","floor":1,"turns":3},{"damage":15,"enemies":"Small Slimes","floor":3,"turns":3},{"damage":9,"enemies":"2 Louse","floor":5,"turns":3},{"damage":0,"enemies":"Large Slime","floor":7,"turns":5},{"damage":9,"enemies":"Exordium Wildlife","floor":12,"turns":3},{"damage":6,"enemies":"Exordium Thugs","floor":13,"turns":3},{"damage":42,"enemies":"Slime Boss","floor":16,"turns":11}],"seed_played":"-3536921106180320934","potions_obtained":[{"floor":1,"key":"LiquidBronze"},{"floor":5,"key":"PowerPotion"},{"floor":7,"key":"Energy Potion"}],"is_trial":false,"path_per_floor":["M","?","M","?","M","R","M","$","T","R","?","M","M","$","R"],"character_chosen":"THE_SILENT","items_purchased":["Blade Dance","Bottled Lightning","Slice"],"campfire_rested":2,"item_purchase_floors":[8,8,14],"current_hp_per_floor":[62,45,30,30,21,42,42,42,42,42,42,33,27,27,48,6],"gold":17,"neow_bonus":"","is_prod":false,"is_daily":false,"chose_seed":false,"campfire_upgraded":1,"win_rate":0,"timestamp":1532703006,"path_taken":["M","?","M","?","M","R","M","$","T","R","?","?","M","$","R","BOSS"],"build_version":"2018-07-26","purchased_purges":0,"victory":false,"max_hp_per_floor":[70,70,70,70,70,70,70,70,70,70,70,70,70,70,70,70],"card_choices":[{"not_picked":["Escape Plan","Flechettes"],"picked":"All Out Attack","floor":1},{"not_picked":["Choke","Flechettes"],"picked":"Blade Dance","floor":3},{"not_picked":["Bane","Calculated Gamble"],"picked":"Flying Knee","floor":5},{"not_picked":["Expertise","Slice"],"picked":"Bane","floor":7},{"not_picked":["Deadly Poison","Backflip"],"picked":"Choke","floor":12},{"not_picked":["Eviscerate","Masterful Stab"],"picked":"Bouncing Flask","floor":13}],"player_experience":275265,"relics_obtained":[{"floor":9,"key":"Frozen Egg 2"}],"event_choices":[{"event_name":"Golden Idol","player_choice":"Take Damage","floor":2,"damage_taken":0},{"event_name":"Liars Game","player_choice":"agreed","floor":4,"damage_taken":0},{"event_name":"Big Fish","player_choice":"Box","floor":11,"damage_taken":0}],"is_beta":false,"boss_relics":[],"items_purged_floors":[],"is_endless":false,"potions_floor_spawned":[1,5,7],"killed_by":"Slime Boss","ascension_level":0}