{"gold_per_floor":[118,128,54,54,73,73,93,93,143,156,168,168,6,81,81,158,158,174,190,190,201,217,217,243,243,267,286,133,183,183],"floor_reached":30,"playtime":1309,"items_purged":["Strike_B"],"score":472,"play_id":"76b4047f-c97d-4242-a227-8f1b87a1624c","local_time":"20190207190946","is_ascension_mode":true,"campfire_choices":[{"data":"Sweeping Beam","floor":6,"key":"SMITH"},{"data":"Sweeping Beam","floor":8,"key":"SMITH"},{"floor":12,"key":"REST"},{"data":"Glacier","floor":15,"key":"SMITH"},{"floor":23,"key":"REST"},{"floor":25,"key":"REST"}],"neow_cost":"NONE","seed_source_timestamp":362656121319824,"circlet_count":0,"master_deck":["AscendersBane","Defend_B","Defend_B","Defend_B","Defend_B","Zap+1","Dualcast","Sweeping Beam+1","Sweeping Beam+1","Capacitor","Go for the Eyes","Cold Snap","Hologram","Melter","Glacier+1","Electrodynamics","Double Energy+1","Sweeping Beam+1","Rainbow+1","Static Discharge","Leap","Glacier+1","Defragment","Capacitor+1","Undo+1","Leap","Coolheaded","Finesse"],"relics":["Runic Dome","Blood Vial","Astrolabe","Orichalcum","Omamori"],"potions_floor_usage":[16,27,30],"damage_taken":[{"damage":0,"enemies":"2 Louse","floor":1,"turns":2},{"damage":1,"enemies":"Cultist","floor":2,"turns":4},{"damage":4,"enemies":"Small Slimes","floor":5,"turns":3},{"damage":9,"enemies":"Looter","floor":7,"turns":3},{"damage":13,"enemies":"Gremlin Gang","floor":10,"turns":3},{"damage":0,"enemies":"Lots of Slimes","floor":11,"turns":2},{"damage":39,"enemies":"The Guardian","floor":16,"turns":11},{"damage":0,"enemies":"Spheric Guardian","floor":18,"turns":4},{"damage":32,"enemies":"Shell Parasite","floor":19,"turns":4},{"damage":1,"enemies":"Sentry and Sphere","floor":21,"turns":4},{"damage":6,"enemies":"Snake Plant","floor":22,"turns":6},{"damage":38,"enemies":"Gremlin Leader","floor":24,"turns":7},{"damage":19,"enemies":"3 Cultists","floor":27,"turns":4},{"damage":19,"enemies":"Book of Stabbing","floor":30,"turns":6}],"seed_played":"-896653112453374957","potions_obtained":[{"floor":2,"key":"SpeedPotion"},{"floor":11,"key":"FearPotion"},{"floor":19,"key":"SteroidPotion"},{"floor":27,"key":"FocusPotion"}],"is_trial":false,"path_per_floor":["M","M","$","?","M","R","M","R","T","M","M","R","$","?","R","B",null,"M","M","?","M","M","R","E","R","T","M","$","?","E"],"character_chosen":"DEFECT","items_purchased":["Capacitor","Glacier","Coolheaded","Finesse"],"campfire_rested":3,"item_purchase_floors":[3,13,28,28],"current_hp_per_floor":[64,63,63,63,59,59,50,50,50,39,41,62,62,51,51,14,57,59,29,29,30,26,47,11,32,32,15,15,15,0],"gold":183,"neow_bonus":"BOSS_RELIC","is_prod":false,"is_daily":false,"chose_seed":false,"campfire_upgraded":3,"win_rate":0,"timestamp":1549584586,"path_taken":["M","M","$","?","?","R","M","R","T","M","M","R","$","?","R","BOSS","M","M","?","?","?","R","E","R","T","M","$","?","E"],"build_version":"2019-01-23","purchased_purges":1,"victory":false,"max_hp_per_floor":[71,71,71,71,71,71,71,71,71,71,71,71,71,71,71,71,71,71,71,71,71,71,71,71,71,71,71,71,71,71],"card_choices":[{"not_picked":["Undo","Rebound"],"picked":"Sweeping Beam","floor":1},{"not_picked":["Go for the Eyes","Redo"],"picked":"Sweeping Beam","floor":2},{"not_picked":["Sweeping Beam","Rebound"],"picked":"Go for the Eyes","floor":5},{"not_picked":["Genetic Algorithm","Compile Driver"],"picked":"Cold Snap","floor":7},{"not_picked":["Compile Driver","Go for the Eyes"],"picked":"Hologram","floor":10},{"not_picked":["Recycle","Turbo"],"picked":"Melter","floor":11},{"not_picked":["Machine Learning","Biased Cognition"],"picked":"Electrodynamics","floor":16},{"not_picked":["Skim","Steam Power"],"picked":"Static Discharge","floor":18},{"not_picked":["Capacitor","Steam"],"picked":"Leap","floor":19},{"not_picked":["Double Energy+1","Scrape"],"picked":"Defragment","floor":21},{"not_picked":["Go for the Eyes","Doom and Gloom"],"picked":"Capacitor+1","floor":22},{"not_picked":["Rebound","Ball Lightning"],"picked":"Undo+1","floor":24},{"not_picked":["Sweeping Beam","Biased Cognition"],"picked":"Leap","floor":27}],"player_experience":2339926,"relics_obtained":[{"floor":9,"key":"Blood Vial"},{"floor":24,"key":"Orichalcum"},{"floor":26,"key":"Omamori"}],"event_choices":[{"damage_healed":0,"gold_gain":0,"player_choice":"Upgraded","damage_taken":0,"max_hp_gain":0,"max_hp_loss":0,"event_name":"Upgrade Shrine","floor":4,"gold_loss":0,"cards_upgraded":["Zap"]},{"damage_healed":0,"gold_gain":75,"player_choice":"Gather Gold","damage_taken":11,"max_hp_gain":0,"max_hp_loss":0,"event_name":"World of Goop","floor":14,"gold_loss":0},{"damage_healed":0,"gold_gain":0,"player_choice":"Copied","damage_taken":0,"max_hp_gain":0,"max_hp_loss":0,"event_name":"Duplicator","floor":20,"gold_loss":0,"cards_obtained":["Glacier"]},{"damage_healed":0,"gold_gain":50,"player_choice":"Stole From Cult","damage_taken":0,"max_hp_gain":0,"max_hp_loss":0,"event_name":"Nest","floor":29,"gold_loss":0}],"is_beta":false,"boss_relics":[{"not_picked":["Coffee Dripper","Black Star"],"picked":"Astrolabe"}],"items_purged_floors":[13],"is_endless":false,"potions_floor_spawned":[2,11,19,27],"killed_by":"Book of Stabbing","ascension_level":19}