{"gold_per_floor":[116,132,132,132,143,178,194,221,221,232,8,8,21,74,74,145,145,162,62,81,91,91,91,91],"floor_reached":24,"playtime":1281,"items_purged":[],"score":416,"play_id":"13e99a59-aa40-4d78-8de7-8847a2044a1f","local_time":"20190211084129","is_ascension_mode":true,"campfire_choices":[{"floor":12,"key":"REST"},{"floor":15,"key":"REST"},{"floor":23,"key":"REST"}],"neow_cost":"NONE","seed_source_timestamp":670555936200218,"circlet_count":0,"master_deck":["AscendersBane","Zap","Thunder Strike","White Noise","Beam Cell","Defragment","Hologram","Fission","BootSequence","Coolheaded","Glacier","Ball Lightning","Go for the Eyes","Core Surge","Sweeping Beam","Ball Lightning","Creative AI","Melter+1","Coolheaded","Heatsinks","Conserve Battery+1","Reinforced Body+1","J.A.X."],"relics":["Pandora\u0027s Box","Bag of Marbles","Pantograph","Ginger","ClockworkSouvenir","Inserter"],"potions_floor_usage":[8,16],"damage_taken":[{"damage":8,"enemies":"Small Slimes","floor":1,"turns":2},{"damage":0,"enemies":"Cultist","floor":2,"turns":4},{"damage":2,"enemies":"Jaw Worm","floor":5,"turns":4},{"damage":17,"enemies":"Lagavulin","floor":6,"turns":7},{"damage":3,"enemies":"3 Louse","floor":7,"turns":4},{"damage":19,"enemies":"Gremlin Nob","floor":8,"turns":5},{"damage":14,"enemies":"2 Fungi Beasts","floor":10,"turns":5},{"damage":7,"enemies":"Exordium Thugs","floor":13,"turns":3},{"damage":32,"enemies":"Slime Boss","floor":16,"turns":8},{"damage":14,"enemies":"Spheric Guardian","floor":18,"turns":8},{"damage":32,"enemies":"Chosen","floor":20,"turns":8},{"damage":8,"enemies":"Snecko","floor":21,"turns":7},{"damage":33,"enemies":"Snake Plant","floor":24,"turns":3}],"seed_played":"-3448094235805198232","potions_obtained":[{"floor":1,"key":"FocusPotion"},{"floor":6,"key":"Dexterity Potion"},{"floor":10,"key":"GamblersBrew"},{"floor":21,"key":"SneckoOil"}],"is_trial":false,"path_per_floor":["M","M","?","?","M","E","M","E","T","M","$","R","M","?","R","B",null,"M","$","M","M","?","R","M"],"character_chosen":"DEFECT","items_purchased":["ClockworkSouvenir","Coolheaded","Heatsinks"],"campfire_rested":3,"item_purchase_floors":[11,19,19],"current_hp_per_floor":[56,56,56,56,54,37,34,15,15,1,1,22,15,15,36,29,61,47,47,15,7,7,28,0],"gold":91,"neow_bonus":"BOSS_RELIC","is_prod":false,"is_daily":false,"chose_seed":false,"campfire_upgraded":0,"win_rate":0,"timestamp":1549892489,"path_taken":["M","M","?","?","M","E","?","E","T","M","$","R","M","?","R","BOSS","M","$","M","M","?","R","M"],"build_version":"2019-01-23","purchased_purges":0,"victory":false,"max_hp_per_floor":[71,71,71,71,71,71,71,71,71,71,71,71,71,71,71,71,71,71,71,71,71,71,71,71],"card_choices":[{"not_picked":["Darkness","Compile Driver"],"picked":"Glacier","floor":1},{"not_picked":["Stack","Fusion"],"picked":"Ball Lightning","floor":2},{"not_picked":["Stack","Beam Cell","Turbo"],"picked":"SKIP","floor":5},{"not_picked":["Streamline","Steam Power"],"picked":"Go for the Eyes","floor":6},{"not_picked":["Scrape","Streamline","Compile Driver"],"picked":"SKIP","floor":7},{"not_picked":["Cold Snap","Tempest"],"picked":"Core Surge","floor":8},{"not_picked":["Beam Cell","Gash"],"picked":"Sweeping Beam","floor":10},{"not_picked":["Sweeping Beam","Stack"],"picked":"Ball Lightning","floor":13},{"not_picked":["Meteor Strike","Buffer"],"picked":"Creative AI","floor":16},{"not_picked":["Go for the Eyes","Coolheaded"],"picked":"Melter+1","floor":18},{"not_picked":["Coolheaded","Turbo"],"picked":"Conserve Battery+1","floor":20},{"not_picked":["Barrage","Sweeping Beam"],"picked":"Reinforced Body+1","floor":21}],"player_experience":2390502,"relics_obtained":[{"floor":6,"key":"Bag of Marbles"},{"floor":8,"key":"Pantograph"},{"floor":9,"key":"Ginger"}],"event_choices":[{"damage_healed":0,"gold_gain":0,"player_choice":"Ignored","damage_taken":0,"max_hp_gain":0,"max_hp_loss":0,"event_name":"Shining Light","floor":3,"gold_loss":0},{"cards_removed":["Dualcast"],"damage_healed":0,"gold_gain":0,"player_choice":"Card Removal","damage_taken":0,"max_hp_gain":0,"max_hp_loss":0,"event_name":"Wheel of Change","floor":4,"gold_loss":0},{"damage_healed":0,"gold_gain":53,"player_choice":"Gained Gold","damage_taken":0,"max_hp_gain":0,"max_hp_loss":0,"event_name":"Golden Wing","floor":14,"gold_loss":0},{"damage_healed":0,"gold_gain":0,"player_choice":"Obtain J.A.X.","damage_taken":0,"max_hp_gain":0,"max_hp_loss":0,"event_name":"Drug Dealer","floor":22,"gold_loss":0,"cards_obtained":["J.A.X."]}],"is_beta":false,"boss_relics":[{"not_picked":["Lizard Tail","Astrolabe"],"picked":"Inserter"}],"items_purged_floors":[],"is_endless":false,"potions_floor_spawned":[1,6,10,21],"killed_by":"Snake Plant","ascension_level":20}