{"path_per_floor":["M","M","$","M","M","R","E","M","T","M","E","M","M","?","R","B",null,"M","M","$","M","?","E","M","E","T","E","R","$","E","M","R"],"character_chosen":"IRONCLAD","items_purchased":["True Grit","Gremlin Horn","Burning Pact","Feel No Pain"],"gold_per_floor":[115,128,104,115,134,134,166,182,182,201,232,248,260,225,225,325,325,337,356,63,80,106,132,145,176,229,260,260,180,215,232,232,232],"floor_reached":33,"campfire_rested":3,"playtime":4065,"item_purchase_floors":[3,20,20,29],"current_hp_per_floor":[79,77,77,75,53,53,19,19,19,22,13,17,16,37,63,29,87,72,77,77,79,71,46,45,26,26,10,39,39,29,24,68,0],"items_purged":[],"gold":232,"score":400,"play_id":"32ae8637-8476-4570-95f5-16349ae5f75b","local_time":"20180626080457","is_prod":false,"is_daily":false,"chose_seed":false,"is_ascension_mode":true,"campfire_upgraded":1,"win_rate":0,"timestamp":1530018297,"campfire_choices":[{"data":"Armaments","floor":6,"key":"SMITH"},{"floor":15,"key":"REST"},{"floor":28,"key":"REST"},{"floor":32,"key":"REST"}],"path_taken":["M","M","$","M","M","R","E","M","T","M","E","M","M","?","R","BOSS","M","M","$","M","?","E","M","E","T","E","R","?","E","M","R","BOSS"],"build_version":"2018-06-21","seed_source_timestamp":584356582813324,"purchased_purges":0,"circlet_count":0,"victory":false,"master_deck":["Strike_R","Strike_R","Strike_R","Strike_R","Strike_R","Defend_R","Defend_R","Defend_R","Defend_R","Bash","Armaments+1","True Grit","Carnage","Shockwave","Rampage+1","Rampage+1","True Grit","Iron Wave","Offering","Feed","Pommel Strike+1","Anger","Burning Pact","Inflame","Metallicize","Double Tap","Inflame","Iron Wave","Infernal Blade","Feel No Pain","Evolve","Shrug It Off"],"max_hp_per_floor":[80,80,80,80,80,80,87,87,87,87,87,87,87,87,87,87,87,90,93,93,93,96,96,99,99,99,99,99,99,99,99,99,99],"relics":["Burning Blood","Strawberry","Self Forming Clay","Whetstone","Sozu","Gremlin Horn","Red Mask","Charon\u0027s Ashes","Bag of Preparation","Dream Catcher","Ancient Tea Set","Regal Pillow"],"card_choices":[{"not_picked":["Headbutt","Intimidate"],"picked":"Armaments","floor":1},{"not_picked":["Rupture","Wild Strike","Clash"],"picked":"SKIP","floor":2},{"not_picked":["Cleave","Sever Soul"],"picked":"Carnage","floor":4},{"not_picked":["Wild Strike","Burning Pact"],"picked":"Shockwave","floor":5},{"not_picked":["Perfected Strike","Flex","Cleave"],"picked":"SKIP","floor":7},{"not_picked":["Blood for Blood","Twin Strike"],"picked":"Rampage","floor":8},{"not_picked":["Body Slam","Headbutt"],"picked":"Rampage","floor":10},{"not_picked":["Immolate","Double Tap"],"picked":"True Grit","floor":11},{"not_picked":["Warcry","Body Slam"],"picked":"Iron Wave","floor":12},{"not_picked":["Sword Boomerang","Burning Pact"],"picked":"Offering","floor":13},{"not_picked":["Brutality","Immolate"],"picked":"Feed","floor":16},{"not_picked":["Perfected Strike+1","Hemokinesis+1"],"picked":"Pommel Strike+1","floor":18},{"not_picked":["True Grit+1","Headbutt"],"picked":"Anger","floor":19},{"not_picked":["Twin Strike+1","Sword Boomerang+1"],"picked":"Inflame","floor":21},{"not_picked":["Anger","Clash+1"],"picked":"Metallicize","floor":22},{"not_picked":["Combust","Anger"],"picked":"Double Tap","floor":23},{"not_picked":["Iron Wave","Pommel Strike+1"],"picked":"Inflame","floor":24},{"not_picked":["Perfected Strike","Bloodletting"],"picked":"Iron Wave","floor":25},{"not_picked":["Searing Blow","Rampage+1","Clothesline"],"picked":"SKIP","floor":27},{"not_picked":["Thunderclap+1","True Grit+1"],"picked":"Infernal Blade","floor":28},{"not_picked":["Wild Strike+1","Pommel Strike","Rampage"],"picked":"SKIP","floor":30},{"not_picked":["Clothesline","Anger+1"],"picked":"Evolve","floor":31},{"not_picked":["Hemokinesis","Iron Wave"],"picked":"Shrug It Off","floor":32}],"player_experience":65544,"potions_floor_usage":[11,11,11,12,23],"damage_taken":[{"damage":7,"enemies":"2 Louse","floor":1,"turns":3},{"damage":8,"enemies":"Jaw Worm","floor":2,"turns":4},{"damage":8,"enemies":"Small Slimes","floor":4,"turns":4},{"damage":28,"enemies":"Exordium Wildlife","floor":5,"turns":5},{"damage":47,"enemies":"Gremlin Nob","floor":7,"turns":6},{"damage":6,"enemies":"Looter","floor":8,"turns":2},{"damage":3,"enemies":"Exordium Thugs","floor":10,"turns":6},{"damage":23,"enemies":"Lagavulin","floor":11,"turns":8},{"damage":2,"enemies":"Blue Slaver","floor":12,"turns":5},{"damage":7,"enemies":"3 Louse","floor":13,"turns":5},{"damage":40,"enemies":"Slime Boss","floor":16,"turns":8},{"damage":24,"enemies":"Spheric Guardian","floor":18,"turns":4},{"damage":4,"enemies":"Chosen","floor":19,"turns":2},{"damage":4,"enemies":"Snecko","floor":21,"turns":4},{"damage":17,"floor":22,"turns":4},{"damage":46,"enemies":"Gremlin Leader","floor":23,"turns":9},{"damage":10,"enemies":"3 Cultists","floor":24,"turns":5},{"damage":25,"enemies":"Slavers","floor":25,"turns":4},{"damage":22,"enemies":"Gremlin Leader","floor":27,"turns":4},{"damage":16,"enemies":"Slavers","floor":30,"turns":4},{"damage":11,"enemies":"Centurion and Healer","floor":31,"turns":3},{"damage":75,"enemies":"Champ","floor":33,"turns":11}],"relics_obtained":[{"floor":7,"key":"Strawberry"},{"floor":9,"key":"Self Forming Clay"},{"floor":11,"key":"Whetstone"},{"floor":22,"key":"Red Mask"},{"floor":23,"key":"Charon\u0027s Ashes"},{"floor":25,"key":"Bag of Preparation"},{"floor":26,"key":"Dream Catcher"},{"floor":27,"key":"Ancient Tea Set"},{"floor":30,"key":"Regal Pillow"}],"event_choices":[{"event_name":"The Cleric","player_choice":"Healed","floor":14,"damage_taken":0},{"event_name":"Masked Bandits","player_choice":"Fought over 80 gold","floor":22,"damage_taken":0}],"boss_relics":[{"not_picked":["Runic Pyramid","Lizard Tail"],"picked":"Sozu"}],"items_purged_floors":[],"is_endless":false,"potions_floor_spawned":[5,7,8,11,16,19,22,23,27,30],"seed_played":"-2458577877624370080","killed_by":"Champ","ascension_level":2,"potions_obtained":[{"floor":5,"key":"Ancient Potion"},{"floor":7,"key":"BloodPotion"},{"floor":8,"key":"GamblersBrew"},{"floor":11,"key":"EssenceOfSteel"},{"floor":16,"key":"Regen Potion"}],"is_trial":false}