{"gold_per_floor":[117,77,7,7,7,7,18,35,35,35,35,55,74,87,87,183,183,202,127,142,142,142,142,160,160,185,204,204,217,233,243,243,345,345,357,357,376,205,205,205,205,205,205,221,221,221,221],"floor_reached":47,"playtime":2130,"items_purged":["Strike_G","Bite"],"score":467,"play_id":"72dd6dcc-43cb-4f64-bc00-cd6aad339db2","local_time":"20181219104506","is_ascension_mode":false,"campfire_choices":[{"data":"Neutralize","floor":6.0,"key":"SMITH"},{"floor":15.0,"key":"REST"},{"data":"Adrenaline","floor":23.0,"key":"SMITH"},{"data":"Cloak And Dagger","floor":25.0,"key":"SMITH"},{"data":"Choke","floor":32.0,"key":"SMITH"},{"data":"Accuracy","floor":40.0,"key":"SMITH"},{"floor":42.0,"key":"REST"},{"floor":46.0,"key":"REST"}],"neow_cost":"NONE","seed_source_timestamp":1760782295878497,"circlet_count":0,"master_deck":["Defend_G+1","Defend_G+1","Defend_G+1","Defend_G+1","Survivor+1","Neutralize+1","PiercingWail+1","Infinite Blades+1","Footwork+1","Infinite Blades+1","Cloak And Dagger+1","Adrenaline+1","Cloak And Dagger+1","Bite+1","Bite+1","Bite+1","Bite+1","Crippling Poison+1","Choke+1","Corpse Explosion+1","Noxious Fumes+1","Leg Sweep+1","Accuracy+1"],"special_seed":0,"relics":["Philosopher\u0027s Stone","Mark of the Bloom"],"potions_floor_usage":[],"damage_taken":[{"damage":0.0,"enemies":"Jaw Worm","floor":1.0,"turns":4.0},{"damage":0.0,"enemies":"Cultist","floor":7.0,"turns":4.0},{"damage":0.0,"enemies":"2 Louse","floor":8.0,"turns":2.0},{"damage":3.0,"enemies":"Red Slaver","floor":12.0,"turns":4.0},{"damage":2.0,"enemies":"2 Fungi Beasts","floor":13.0,"turns":4.0},{"damage":14.0,"enemies":"Lots of Slimes","floor":14.0,"turns":5.0},{"damage":43.0,"enemies":"The Guardian","floor":16.0,"turns":17.0},{"damage":17.0,"enemies":"Spheric Guardian","floor":18.0,"turns":6.0},{"damage":6.0,"enemies":"Shell Parasite","floor":20.0,"turns":9.0},{"damage":11.0,"enemies":"3 Cultists","floor":24.0,"turns":6.0},{"damage":29.0,"enemies":"Snake Plant","floor":27.0,"turns":6.0},{"damage":29.0,"enemies":"Cultist and Chosen","floor":29.0,"turns":9.0},{"damage":25.0,"enemies":"Sentry and Sphere","floor":30.0,"turns":7.0},{"damage":4.0,"enemies":"Centurion and Healer","floor":31.0,"turns":9.0},{"damage":62.0,"enemies":"Collector","floor":33.0,"turns":11.0},{"damage":4.0,"enemies":"Orb Walker","floor":35.0,"turns":3.0},{"damage":22.0,"enemies":"3 Darklings","floor":37.0,"turns":2.0},{"damage":11.0,"enemies":"Maw","floor":44.0,"turns":8.0},{"damage":0,"enemies":"Writhing Mass","floor":47,"turns":1}],"seed_played":"-1280118074808113660","potions_obtained":[{"floor":2.0,"key":"EntropicBrew"},{"floor":2.0,"key":"EntropicBrew"},{"floor":2.0,"key":"SkillPotion"},{"floor":8.0,"key":"GhostInAJar"},{"floor":16.0,"key":"FearPotion"},{"floor":18.0,"key":"Explosive Potion"},{"floor":30.0,"key":"Explosive Potion"},{"floor":31.0,"key":"AttackPotion"},{"floor":44.0,"key":"Poison Potion"}],"is_trial":false,"path_per_floor":["M","?","$","$","?","R","M","M","T","$","?","M","M","M","R","B",null,"M","$","M","?","?","R","M","R","T","M","$","M","M","M","R","B",null,"M","?","M","$","?","R","?","R","T","M","?","R","M"],"character_chosen":"THE_SILENT","items_purchased":["Infinite Blades","Accuracy"],"campfire_rested":3,"item_purchase_floors":[3,38],"current_hp_per_floor":[70,70,70,70,70,70,70,70,70,70,70,67,65,51,70,27,70,53,53,47,47,47,47,46,46,46,35,35,28,25,47,47,3,49,47,47,25,25,25,25,25,39,39,38,38,38,38],"gold":221,"neow_bonus":"BOSS_RELIC","is_prod":false,"is_daily":false,"chose_seed":false,"campfire_upgraded":5,"win_rate":0,"timestamp":1545183906,"path_taken":["M","?","?","$","?","R","?","M","T","?","?","M","M","?","R","BOSS","M","$","M","?","?","R","M","R","T","M","?","?","M","M","R","BOSS","M","?","M","$","?","R","?","R","T","M","?","R","M"],"build_version":"2018-12-13","purchased_purges":2,"victory":false,"max_hp_per_floor":[70,70,70,70,70,70,70,70,70,70,70,70,70,70,70,70,70,70,70,70,49,49,49,49,49,49,49,49,49,49,49,49,49,49,49,49,49,49,47,47,47,47,47,47,47,47,47],"card_choices":[{"not_picked":["Quick Slash","Dodge and Roll"],"picked":"PiercingWail","floor":1.0},{"not_picked":["Slice","Well Laid Plans","Deadly Poison"],"picked":"SKIP","floor":7.0},{"not_picked":["Glass Knife","Endless Agony"],"picked":"Footwork","floor":8.0},{"not_picked":["Bouncing Flask","PiercingWail"],"picked":"Infinite Blades","floor":12.0},{"not_picked":["Acrobatics","Quick Slash","Backflip"],"picked":"SKIP","floor":13.0},{"not_picked":["Heel Hook","PiercingWail"],"picked":"Cloak And Dagger","floor":14.0},{"not_picked":["Phantasmal Killer","Storm of Steel"],"picked":"Adrenaline","floor":16.0},{"not_picked":["Prepared","Well Laid Plans","Slice+1"],"picked":"SKIP","floor":18.0},{"not_picked":["Dagger Throw+1","Deadly Poison"],"picked":"Cloak And Dagger+1","floor":20.0},{"not_picked":["Deflect+1","Cloak And Dagger","Bouncing Flask"],"picked":"SKIP","floor":24.0},{"not_picked":["Slice+1","PiercingWail","Underhanded Strike+1"],"picked":"SKIP","floor":27.0},{"not_picked":["Slice","Bouncing Flask"],"picked":"Crippling Poison","floor":29.0},{"not_picked":["Dodge and Roll","Concentrate"],"picked":"Choke","floor":30.0},{"not_picked":["Setup+1","Quick Slash","Acrobatics"],"picked":"SKIP","floor":31.0},{"not_picked":["Malaise","Wraith Form v2"],"picked":"Corpse Explosion","floor":33.0},{"not_picked":["Setup+1","Backflip+1"],"picked":"Noxious Fumes+1","floor":35.0},{"not_picked":["Cloak And Dagger+1","Dodge and Roll"],"picked":"Leg Sweep+1","floor":37.0},{"not_picked":["Backstab+1","Outmaneuver+1","Deflect"],"picked":"SKIP","floor":44.0}],"player_experience":216228,"relics_obtained":[],"event_choices":[{"damage_healed":0.0,"max_hp_gain":0.0,"max_hp_loss":0.0,"gold_gain":0.0,"event_name":"The Woman in Blue","player_choice":"Bought 3 Potions","floor":2.0,"gold_loss":0.0,"damage_taken":0.0},{"damage_healed":0.0,"max_hp_gain":0.0,"max_hp_loss":0.0,"gold_gain":0.0,"event_name":"NoteForYourself","player_choice":"Ignored","floor":5.0,"gold_loss":0.0,"damage_taken":0.0},{"cards_removed":["Defend_G"],"damage_healed":0.0,"max_hp_gain":0.0,"max_hp_loss":0.0,"gold_gain":0.0,"event_name":"Purifier","player_choice":"Purged","floor":11.0,"gold_loss":0.0,"damage_taken":0.0},{"damage_healed":0.0,"max_hp_gain":0.0,"max_hp_loss":21.0,"gold_gain":0.0,"event_name":"Vampires","player_choice":"Became a vampire","floor":21.0,"gold_loss":0.0,"damage_taken":0.0,"cards_obtained":["Bite","Bite","Bite","Bite","Bite"]},{"damage_healed":0.0,"max_hp_gain":0.0,"max_hp_loss":0.0,"gold_gain":0.0,"event_name":"Cursed Tome","player_choice":"Ignored","floor":22.0,"gold_loss":0.0,"damage_taken":0.0},{"damage_healed":0.0,"max_hp_gain":0.0,"max_hp_loss":0.0,"gold_gain":0.0,"event_name":"Mysterious Sphere","player_choice":"Ignored","floor":36.0,"gold_loss":0.0,"damage_taken":0.0},{"damage_healed":0.0,"max_hp_gain":0.0,"max_hp_loss":2.0,"gold_gain":0.0,"event_name":"Winding Halls","player_choice":"Max HP","floor":39.0,"gold_loss":0.0,"damage_taken":0.0},{"damage_healed":0.0,"max_hp_gain":0.0,"max_hp_loss":0.0,"gold_gain":0.0,"event_name":"Tomb of Lord Red Mask","player_choice":"Ignored","floor":41.0,"gold_loss":0.0,"damage_taken":0.0},{"damage_healed":0.0,"max_hp_gain":0.0,"max_hp_loss":0.0,"gold_gain":0.0,"event_name":"MindBloom","player_choice":"Upgrade","floor":45.0,"gold_loss":0.0,"damage_taken":0.0,"cards_upgraded":["Defend_G","Defend_G","Defend_G","Defend_G","Survivor","PiercingWail","Infinite Blades","Footwork","Infinite Blades","Bite","Bite","Bite","Bite","Crippling Poison","Corpse Explosion"],"relics_obtained":["Mark of the Bloom"]}],"is_beta":false,"boss_relics":[{"not_picked":["Runic Pyramid","Astrolabe","Runic Dome"]},{"not_picked":["Orrery","Pandora\u0027s Box","Eternal Feather"]}],"items_purged_floors":[19,38],"is_endless":false,"potions_floor_spawned":[7,8,16,18,30,31,44],"killed_by":"Writhing Mass","ascension_level":0}