{"gold_per_floor":[113,188,26,42,55,55,68,68,68,68,78,78],"floor_reached":12,"playtime":364,"items_purged":[],"score":112,"play_id":"1b5db0cb-cee9-4cdd-a6be-33329f2800b9","local_time":"20181217161027","is_ascension_mode":true,"campfire_choices":[{"data":"Midas Touch","floor":6,"key":"SMITH"},{"data":"Neutralize","floor":8,"key":"SMITH"}],"neow_cost":"PERCENT_DAMAGE","seed_source_timestamp":358507125136447,"circlet_count":0,"master_deck":["AscendersBane","Defend_G","Defend_G","Defend_G","Defend_G","Defend_G","Strike_G","Strike_G","Strike_G","Survivor","Neutralize+1","Cloak And Dagger","Midas Touch+1","Caltrops"],"relics":["Ring of the Snake","Shuriken"],"potions_floor_usage":[],"damage_taken":[{"damage":1,"enemies":"Small Slimes","floor":1,"turns":7},{"damage":12,"enemies":"Jaw Worm","floor":4,"turns":6},{"damage":0,"enemies":"Cultist","floor":5,"turns":4},{"damage":5,"enemies":"Blue Slaver","floor":7,"turns":5},{"damage":1,"enemies":"Looter","floor":11,"turns":4},{"damage":15,"enemies":"Gremlin Gang","floor":12,"turns":1}],"seed_played":"6217983839244774328","potions_obtained":[{"floor":4,"key":"FearPotion"}],"is_trial":false,"path_per_floor":["M","?","$","M","M","R","M","R","T","$","M","M"],"character_chosen":"THE_SILENT","items_purchased":["Midas Touch"],"campfire_rested":0,"item_purchase_floors":[3],"current_hp_per_floor":[44,33,33,21,21,21,16,16,16,16,15,0],"gold":78,"neow_bonus":"REMOVE_TWO","is_prod":false,"is_daily":false,"chose_seed":false,"campfire_upgraded":2,"win_rate":0,"timestamp":1545059427,"path_taken":["M","?","?","?","M","R","M","R","T","$","M","M"],"build_version":"2018-12-13","purchased_purges":0,"victory":false,"max_hp_per_floor":[70,70,70,70,70,70,70,70,70,70,70,70],"card_choices":[{"not_picked":["Acrobatics","Toxin Wave"],"picked":"Cloak And Dagger","floor":1},{"not_picked":["Quick Slash","Acrobatics","Masterful Stab"],"picked":"SKIP","floor":4},{"not_picked":["ReplayTheSpireMod:The Works","Reflex","Setup"],"picked":"SKIP","floor":5},{"not_picked":["Heel Hook","Reflex","Slice"],"picked":"SKIP","floor":7},{"not_picked":["PiercingWail","Quick Slash"],"picked":"Caltrops","floor":11}],"player_experience":1177916,"relics_obtained":[{"floor":9,"key":"Shuriken"}],"event_choices":[{"damage_healed":0,"gold_gain":75,"player_choice":"Gather Gold","damage_taken":11,"max_hp_gain":0,"max_hp_loss":0,"event_name":"World of Goop","floor":2,"gold_loss":0}],"is_beta":false,"boss_relics":[],"items_purged_floors":[],"is_endless":false,"potions_floor_spawned":[4],"killed_by":"Gremlin Gang","ascension_level":12}