{"path_per_floor":["M","?","$","M","M","E","R","M","T","R","E","M","R","?","R","B",null,"M","M","M","?","$","E","R","E","T","R","M","R","M","$","R","B",null,"M","?","T","M","M","R","E","R","T","M","$","E","?","?","R","B"],"character_chosen":"THE_SILENT","items_purchased":["Apotheosis","Orichalcum","Footwork","Oddly Smooth Stone","Bronze Scales","Cloak And Dagger","Boot","Vajra","Infinite Blades"],"gold_per_floor":[366,541,90,100,119,144,144,159,229,229,260,271,271,271,271,374,374,389,401,416,416,93,120,120,149,149,149,162,162,172,23,23,120,120,137,137,164,177,197,197,231,231,231,245,11,36,90,90,90,90],"floor_reached":51,"campfire_rested":4,"playtime":3398,"item_purchase_floors":[],"current_hp_per_floor":[33,33,33,33,33,33,33,33,33,33,33,33,33,33,33,33,70,62,57,48,48,48,8,29,13,13,34,46,46,46,46,67,67,70,70,70,70,70,66,66,63,63,63,62,62,41,47,47,70,43],"items_purged":["Doubt"],"gold":90,"score":1074,"play_id":"171cbc1c-7916-4e25-b591-ebab543fe7d7","local_time":"20180613192520","is_prod":false,"is_daily":false,"chose_seed":false,"is_ascension_mode":true,"campfire_upgraded":1,"win_rate":0,"timestamp":1528910720,"campfire_choices":[{"data":"Apotheosis","floor":7.0,"key":"SMITH"},{"data":"Strike_G","floor":10.0,"key":"PURGE"},{"data":"Strike_G","floor":13.0,"key":"PURGE"},{"data":"Defend_G","floor":15.0,"key":"PURGE"},{"floor":24.0,"key":"REST"},{"floor":27.0,"key":"REST"},{"data":"Strike_G","floor":29.0,"key":"PURGE"},{"floor":32.0,"key":"REST"},{"data":"Defend_G","floor":40.0,"key":"PURGE"},{"data":"Defend_G","floor":42.0,"key":"PURGE"},{"floor":49.0,"key":"REST"}],"path_taken":["M","?","$","M","M","E","R","?","T","R","E","M","R","?","R","BOSS","M","?","?","?","$","E","R","E","T","R","M","R","?","?","R","BOSS","M","?","?","M","M","R","E","R","T","M","?","E","?","?","R","BOSS"],"build_version":"2018-06-12","seed_source_timestamp":60498555321161,"purchased_purges":1,"victory":true,"master_deck":["Survivor","Neutralize","Sucker Punch","Apotheosis+1","Footwork","Deflect","Burst","Blade Dance","Heel Hook","Heel Hook","Die Die Die","Choke","Cloak And Dagger","Accuracy+1","Neutralize","Cloak And Dagger","All Out Attack+1","Infinite Blades","Unload","Cloak And Dagger","Footwork","Terror+1","Infinite Blades","After Image","Blur+1","Deflect+1"],"max_hp_per_floor":[70,70,70,70,70,70,70,70,70,70,70,70,70,70,70,70,70,70,70,70,70,70,70,70,70,70,70,70,70,70,70,70,70,70,70,70,70,70,70,70,70,70,70,70,70,70,70,70,70,70],"special_seed":0,"relics":["Ring of the Snake","Orichalcum","Peace Pipe","Letter Opener","Anchor","Unceasing Top","Fusion Hammer","Oddly Smooth Stone","Bronze Scales","Toolbox","Gremlin Horn","Meat on the Bone","Boot","Empty Cage","Lantern","Dream Catcher","Regal Pillow","Vajra","Matryoshka","Incense Burner"],"card_choices":[{"not_picked":["Outmaneuver","Flying Knee"],"picked":"Sucker Punch","floor":1.0},{"not_picked":["Eviscerate","Prepared"],"picked":"Deflect","floor":4.0},{"not_picked":["Distraction","Poisoned Stab","Setup"],"picked":"SKIP","floor":5.0},{"not_picked":["Eviscerate","Deflect"],"picked":"Burst","floor":6.0},{"not_picked":["Underhanded Strike","Deadly Poison"],"picked":"Blade Dance","floor":8.0},{"not_picked":["Distraction","Dagger Spray"],"picked":"Heel Hook","floor":11.0},{"not_picked":["Poisoned Stab","Deflect"],"picked":"Heel Hook","floor":12.0},{"not_picked":["Venomology","Night Terror"],"picked":"Die Die Die","floor":16.0},{"not_picked":["All Out Attack","Poisoned Stab+1"],"picked":"Choke","floor":18.0},{"not_picked":["Deadly Poison+1","Acrobatics"],"picked":"Cloak And Dagger","floor":19.0},{"not_picked":["Acrobatics+1","Backflip"],"picked":"Accuracy+1","floor":20.0},{"not_picked":["Sucker Punch+1","Dodge and Roll"],"picked":"All Out Attack+1","floor":23.0},{"not_picked":["Riddle With Holes+1","Poisoned Stab","Glass Knife"],"picked":"SKIP","floor":25.0},{"not_picked":["Backstab","Blur"],"picked":"Infinite Blades","floor":28.0},{"not_picked":["Masterful Stab","Eviscerate","Acrobatics"],"picked":"SKIP","floor":30.0},{"not_picked":["Corpse Explosion","Storm of Steel"],"picked":"Unload","floor":33.0},{"not_picked":["Poisoned Stab+1","Deflect+1"],"picked":"Cloak And Dagger","floor":35.0},{"not_picked":["Acrobatics","Flying Knee"],"picked":"Footwork","floor":38.0},{"not_picked":["Flying Knee","Dagger Spray","Acrobatics+1"],"picked":"SKIP","floor":39.0},{"not_picked":["Bane","Dash"],"picked":"Terror+1","floor":41.0},{"not_picked":["Underhanded Strike+1","Dagger Spray","Acrobatics+1"],"picked":"SKIP","floor":44.0},{"not_picked":["Acrobatics+1","Slice"],"picked":"After Image","floor":46.0},{"not_picked":["Dash","Deflect"],"picked":"Blur+1","floor":47.0},{"not_picked":["Flechettes","Masterful Stab"],"picked":"Deflect+1","floor":49.0}],"player_experience":105541,"potions_floor_usage":[50,50],"damage_taken":[{"damage":2.0,"enemies":"Jaw Worm","floor":1.0,"turns":5.0},{"damage":0.0,"enemies":"2 Louse","floor":4.0,"turns":4.0},{"damage":0.0,"enemies":"Cultist","floor":5.0,"turns":4.0},{"damage":0.0,"enemies":"Lagavulin","floor":6.0,"turns":9.0},{"damage":0.0,"enemies":"Looter","floor":8.0,"turns":4.0},{"damage":0.0,"enemies":"3 Sentries","floor":11.0,"turns":5.0},{"damage":0.0,"enemies":"Large Slime","floor":12.0,"turns":4.0},{"damage":0.0,"enemies":"Slime Boss","floor":16.0,"turns":8.0},{"damage":8.0,"enemies":"Chosen","floor":18.0,"turns":5.0},{"damage":5.0,"enemies":"Shell Parasite","floor":19.0,"turns":3.0},{"damage":9.0,"enemies":"Chosen and Byrds","floor":20.0,"turns":8.0},{"damage":40.0,"enemies":"Gremlin Leader","floor":23.0,"turns":6.0},{"damage":16.0,"enemies":"Book of Stabbing","floor":25.0,"turns":4.0},{"damage":0.0,"enemies":"3 Cultists","floor":28.0,"turns":4.0},{"damage":0.0,"enemies":"Slaver and Parasite","floor":30.0,"turns":4.0},{"damage":0.0,"enemies":"Collector","floor":33.0,"turns":5.0},{"damage":0.0,"enemies":"3 Darklings","floor":35.0,"turns":2.0},{"damage":0.0,"enemies":"Flame Bruiser 1 Orb","floor":38.0,"turns":3.0},{"damage":4.0,"enemies":"Maw","floor":39.0,"turns":7.0},{"damage":7.0,"enemies":"2 Orb Walkers","floor":41.0,"turns":3.0},{"damage":1.0,"enemies":"Sphere and 2 Shapes","floor":44.0,"turns":4.0},{"damage":21.0,"enemies":"Nemesis","floor":46.0,"turns":5.0},{"damage":6.0,"floor":47.0,"turns":4.0},{"damage":39,"enemies":"Time Eater","floor":50,"turns":10}],"relics_obtained":[{"floor":6.0,"key":"Peace Pipe"},{"floor":9.0,"key":"Letter Opener"},{"floor":11.0,"key":"Anchor"},{"floor":23.0,"key":"Toolbox"},{"floor":25.0,"key":"Gremlin Horn"},{"floor":26.0,"key":"Meat on the Bone"},{"floor":37.0,"key":"Lantern"},{"floor":41.0,"key":"Dream Catcher"},{"floor":43.0,"key":"Regal Pillow"},{"floor":46.0,"key":"Matryoshka"},{"floor":47.0,"key":"Incense Burner"}],"event_choices":[{"event_name":"Liars Game","player_choice":"agreed","floor":2.0,"damage_taken":0.0},{"event_name":"Dead Adventurer","player_choice":"Searched \u00272\u0027 times","floor":14.0,"damage_taken":0.0},{"event_name":"Duplicator","player_choice":"One dupe","floor":21.0,"damage_taken":0.0},{"event_name":"Bonfire Elementals","player_choice":"BASIC","floor":36.0,"damage_taken":0.0},{"event_name":"Mysterious Sphere","player_choice":"Fight","floor":47.0,"damage_taken":0.0},{"event_name":"Wheel of Change","player_choice":"Card Removal","floor":48.0,"damage_taken":0.0}],"boss_relics":[{"not_picked":["Velvet Choker","Cursed Key"],"picked":"Fusion Hammer"},{"not_picked":["Black Star","Eternal Feather"],"picked":"Empty Cage"}],"items_purged_floors":[],"potions_floor_spawned":[4,6,8,12,16,19,20,28,35,39,41,46],"seed_played":"-2941879214443669070","ascension_level":4,"potions_obtained":[{"floor":4.0,"key":"SteroidPotion"},{"floor":6.0,"key":"Energy Potion"},{"floor":8.0,"key":"Energy Potion"},{"floor":12.0,"key":"Swift Potion"},{"floor":16.0,"key":"Energy Potion"},{"floor":19.0,"key":"AttackPotion"},{"floor":20.0,"key":"SteroidPotion"},{"floor":28.0,"key":"Energy Potion"},{"floor":35.0,"key":"Energy Potion"},{"floor":39.0,"key":"SteroidPotion"},{"floor":41.0,"key":"SteroidPotion"},{"floor":46.0,"key":"Ancient Potion"}],"is_trial":false}