{"gold_per_floor":[110,1,20,20,20,20,32,66,66,66,81,81,98,28,28,124,124,141,153,169,29,48,48,48],"floor_reached":24,"playtime":1144,"items_purged":["Strike_B","Strike_B"],"score":198,"play_id":"d788c212-00cb-4b0f-9e71-ae4126dc9815","local_time":"20180812110900","is_ascension_mode":false,"campfire_choices":[{"floor":6,"key":"REST"},{"floor":12,"key":"REST"},{"floor":15,"key":"REST"}],"neow_cost":"NONE","seed_source_timestamp":124276479206480,"circlet_count":0,"master_deck":["Strike_B","Strike_B","Defend_B","Defend_B","Defend_B","Zap","Dualcast","Loop","Hello World","Streamline","Heatsinks","Static Discharge+1","Electrodynamics","Redo+1","Conserve Battery+1","Tempest+1","Hologram+1","Stack+1","Fusion+1","Consume+1","Heatsinks","Biased Cognition"],"relics":["Fusion Hammer","Toxic Egg 2","Mango","Orrery"],"potions_floor_usage":[16,20,24,24,24],"damage_taken":[{"damage":8,"enemies":"2 Louse","floor":1,"turns":2},{"damage":0,"enemies":"Cultist","floor":3,"turns":4},{"damage":0,"enemies":"Small Slimes","floor":7,"turns":3},{"damage":19,"enemies":"Gremlin Nob","floor":8,"turns":4},{"damage":32,"enemies":"Gremlin Gang","floor":11,"turns":4},{"damage":7,"enemies":"Blue Slaver","floor":13,"turns":3},{"damage":37,"enemies":"Hexaghost","floor":16,"turns":7},{"damage":20,"enemies":"Spheric Guardian","floor":18,"turns":4},{"damage":7,"enemies":"Chosen","floor":19,"turns":5},{"damage":22,"enemies":"Centurion and Healer","floor":20,"turns":5},{"damage":25,"enemies":"Cultist and Chosen","floor":22,"turns":4},{"damage":28,"enemies":"Gremlin Leader","floor":24,"turns":3}],"seed_played":"6750769263588603103","potions_obtained":[{"floor":7,"key":"Energy Potion"},{"floor":13,"key":"SteroidPotion"},{"floor":16,"key":"SkillPotion"},{"floor":18,"key":"Strength Potion"},{"floor":22,"key":"SteroidPotion"}],"is_trial":false,"path_per_floor":["M","$","M","?","$","R","M","E","T","?","M","R","M","$","R","B",null,"M","M","M","$","M","?"],"character_chosen":"DEFECT","items_purchased":["Hello World","Static Discharge","Heatsinks"],"campfire_rested":3,"item_purchase_floors":[2,14,21],"current_hp_per_floor":[67,67,67,67,67,75,75,56,70,70,38,64,57,57,83,46,89,69,62,40,40,15,15,0],"gold":48,"neow_bonus":"BOSS_RELIC","is_prod":false,"is_daily":false,"chose_seed":false,"campfire_upgraded":0,"win_rate":0,"timestamp":1534037940,"path_taken":["M","$","M","?","$","R","M","E","T","?","M","R","M","$","R","BOSS","M","M","?","?","M","?","E"],"build_version":"2018-08-09","purchased_purges":2,"victory":false,"max_hp_per_floor":[75,75,75,75,75,75,75,75,89,89,89,89,89,89,89,89,89,89,89,89,89,89,89,89],"card_choices":[{"not_picked":["Hologram","Steam"],"picked":"Loop","floor":1},{"not_picked":["Coolheaded","Stack","Conserve Battery"],"picked":"SKIP","floor":3},{"not_picked":["Conserve Battery","Redo"],"picked":"Heatsinks","floor":7},{"not_picked":["Blizzard","Aggregate","All For One"],"picked":"SKIP","floor":8},{"not_picked":["Steam+1","Go for the Eyes","Melter"],"picked":"SKIP","floor":11},{"not_picked":["Conserve Battery+1","Melter","Gash"],"picked":"SKIP","floor":13},{"not_picked":["Fission+1","Buffer"],"picked":"Electrodynamics","floor":16},{"not_picked":["Cold Snap","Turbo+1"],"picked":"Redo+1","floor":17},{"not_picked":["Coolheaded+1","Scrape"],"picked":"Conserve Battery+1","floor":17},{"not_picked":["Aggregate+1","Hologram+1"],"picked":"Tempest+1","floor":17},{"not_picked":["Ball Lightning","Glacier+1"],"picked":"Hologram+1","floor":17},{"not_picked":["Rip and Tear","Coolheaded+1"],"picked":"Stack+1","floor":17},{"not_picked":["Scrape+1","Gash","Barrage+1"],"picked":"SKIP","floor":18},{"not_picked":["Barrage","Steam+1"],"picked":"Fusion+1","floor":19},{"not_picked":["Barrage","Leap+1"],"picked":"Consume+1","floor":20},{"not_picked":["Rip and Tear","Sweeping Beam"],"picked":"Biased Cognition","floor":22}],"player_experience":311834,"relics_obtained":[{"floor":8,"key":"Toxic Egg 2"},{"floor":9,"key":"Mango"}],"event_choices":[{"event_name":"Transmorgrifier","player_choice":"Transform","floor":4,"damage_taken":0},{"event_name":"Match and Keep!","player_choice":"0 cards matched","floor":10,"damage_taken":0},{"event_name":"Upgrade Shrine","player_choice":"Upgraded","floor":23,"damage_taken":0}],"is_beta":false,"boss_relics":[{"not_picked":["Runic Pyramid","Lizard Tail"],"picked":"Orrery"}],"items_purged_floors":[2,21],"is_endless":false,"potions_floor_spawned":[7,13,16,18,22],"killed_by":"Gremlin Leader","ascension_level":0}