{"gold_per_floor":[119,72,92,92,105,133,133,147,173,143,172,188,218,228,228,330,330,346,15,28,47,59,86,86,86,86,115,131,131,160,173,173,274,274,292,302,312,52,65,99,99,111,111,123,141,156,156,156,156,156],"floor_reached":51,"playtime":2284,"items_purged":[],"score":1080,"play_id":"2aeff496-93f3-44b5-9d62-50451d68f2a0","local_time":"20180802151235","daily_mods":["Draft","Heirloom","Vintage"],"is_ascension_mode":false,"campfire_choices":[{"data":"Sucker Punch","floor":7,"key":"SMITH"},{"data":"Caltrops","floor":15,"key":"SMITH"},{"data":"Adrenaline","floor":24,"key":"SMITH"},{"data":"A Thousand Cuts","floor":29,"key":"SMITH"},{"data":"Dagger Spray","floor":32,"key":"SMITH"},{"data":"Footwork","floor":41,"key":"SMITH"},{"data":"Poisoned Stab","floor":49,"key":"SMITH"}],"neow_cost":"","seed_source_timestamp":0,"circlet_count":0,"master_deck":["Dagger Spray+1","Backstab","Sucker Punch+1","Quick Slash","Escape Plan","Flying Knee+1","Deflect+1","Backflip+1","Poisoned Stab+1","Quick Slash","Prepared+1","Choke+1","Backflip","Slice+1","Caltrops+1","Dodge and Roll","Deflect","Adrenaline+1","A Thousand Cuts+1","Leg Sweep+1","Dodge and Roll+1","Backflip+1","Glass Knife","Cloak And Dagger+1","Well Laid Plans","Footwork+1","Backstab+1","Cloak And Dagger+1","Prepared+1","Backflip+1","Leg Sweep+1"],"relics":["Ring of the Snake","Torii","War Paint","Potion Belt","Happy Flower","Anchor","Ginger","Blood Vial","Meat on the Bone","Blue Candle","Dodecahedron","Regal Pillow","Strawberry","Sozu","Snake Skull","Toxic Egg 2","Mango","Bottled Flame","Singing Bowl","Bottled Lightning","Matryoshka","Dream Catcher","The Courier","Prayer Wheel","Gremlin Horn","Bottled Tornado","StoneCalendar","Pear","Orrery","Whetstone","Mummified Hand","Omamori","Shuriken","Boot","Paper Crane","Mercury Hourglass","Question Card","Molten Egg 2","Centennial Puzzle","Ornamental Fan","Darkstone Periapt","Calipers"],"potions_floor_usage":[16,47,47],"damage_taken":[{"damage":0,"enemies":"2 Louse","floor":1,"turns":1},{"damage":0,"enemies":"Jaw Worm","floor":3,"turns":1},{"damage":0,"enemies":"Small Slimes","floor":5,"turns":1},{"damage":14,"enemies":"Lagavulin","floor":6,"turns":4},{"damage":0,"enemies":"Exordium Thugs","floor":8,"turns":3},{"damage":0,"enemies":"3 Sentries","floor":11,"turns":4},{"damage":0,"enemies":"Exordium Wildlife","floor":12,"turns":2},{"damage":0,"enemies":"2 Fungi Beasts","floor":14,"turns":2},{"damage":0,"enemies":"Hexaghost","floor":16,"turns":6},{"damage":0,"enemies":"3 Byrds","floor":18,"turns":2},{"damage":0,"enemies":"Chosen","floor":20,"turns":2},{"damage":0,"enemies":"Centurion and Healer","floor":21,"turns":3},{"damage":0,"enemies":"Sentry and Sphere","floor":22,"turns":3},{"damage":0,"enemies":"Gremlin Leader","floor":23,"turns":5},{"damage":0,"enemies":"Slavers","floor":27,"turns":3},{"damage":1,"enemies":"Snake Plant","floor":28,"turns":3},{"damage":0,"enemies":"Book of Stabbing","floor":30,"turns":4},{"damage":0,"enemies":"3 Cultists","floor":31,"turns":2},{"damage":20,"enemies":"Automaton","floor":33,"turns":7},{"damage":0,"enemies":"Flame Bruiser 1 Orb","floor":35,"turns":2},{"damage":0,"enemies":"Orb Walker","floor":36,"turns":1},{"damage":0,"enemies":"4 Shapes","floor":37,"turns":1},{"damage":0,"enemies":"Flame Bruiser 2 Orb","floor":39,"turns":1},{"damage":1,"enemies":"Nemesis","floor":40,"turns":4},{"damage":0,"enemies":"Transient","floor":42,"turns":5},{"damage":0,"enemies":"3 Darklings","floor":44,"turns":1},{"damage":0,"enemies":"Maw","floor":45,"turns":4},{"damage":0,"enemies":"Sphere and 2 Shapes","floor":46,"turns":1},{"damage":0,"floor":47,"turns":2},{"damage":0,"enemies":"Donu and Deca","floor":50,"turns":6}],"seed_played":"-8181518747928833050","potions_obtained":[{"floor":6,"key":"Ancient Potion"},{"floor":8,"key":"Energy Potion"},{"floor":10,"key":"Swift Potion"},{"floor":10,"key":"SneckoOil"},{"floor":11,"key":"EssenceOfSteel"},{"floor":14,"key":"Explosive Potion"}],"is_trial":true,"path_per_floor":["M","$","M","?","M","E","R","M","T","?","E","M","?","M","R","B",null,"M","$","M","M","M","E","R","?","T","E","M","R","E","M","R","B",null,"M","M","M","$","M","E","R","M","T","M","M","M","?","?","R","B"],"character_chosen":"THE_SILENT","items_purchased":["Dodge and Roll","Toxic Egg 2","Leg Sweep+1","Shuriken","Cloak And Dagger+1","Prepared+1"],"campfire_rested":0,"item_purchase_floors":[2,19,19,38,38,38],"current_hp_per_floor":[70,70,70,56,56,42,42,42,42,42,44,46,46,48,48,57,77,77,77,91,91,91,91,91,91,91,93,92,92,93,93,93,83,105,105,105,105,105,105,104,104,105,105,105,105,105,105,105,105,105],"gold":156,"neow_bonus":"","is_prod":false,"is_daily":false,"chose_seed":false,"campfire_upgraded":7,"win_rate":0,"timestamp":1533215555,"path_taken":["M","$","M","?","M","E","R","M","T","?","E","M","?","M","R","BOSS","M","$","M","M","M","E","R","?","T","E","M","R","E","M","R","BOSS","M","M","M","$","M","E","R","M","T","M","M","?","?","?","R","BOSS"],"build_version":"2018-07-26","purchased_purges":0,"victory":true,"max_hp_per_floor":[70,70,70,70,70,70,70,70,70,70,70,70,70,70,70,77,77,77,77,91,91,91,91,91,91,91,93,93,93,93,93,93,103,105,105,105,105,105,105,105,105,105,105,105,105,105,105,105,105,105],"card_choices":[{"not_picked":["Outmaneuver","Calculated Gamble"],"picked":"Dagger Spray","floor":0},{"not_picked":["Flying Knee","Masterful Stab"],"picked":"Backstab","floor":0},{"not_picked":["Blade Dance","Setup"],"picked":"Sucker Punch","floor":0},{"not_picked":["Sucker Punch","Acrobatics"],"picked":"Quick Slash","floor":0},{"not_picked":["Sucker Punch","Poisoned Stab"],"picked":"Escape Plan","floor":0},{"not_picked":["Bane","Outmaneuver"],"picked":"Flying Knee","floor":0},{"not_picked":["Slice","Dagger Spray"],"picked":"Deflect","floor":0},{"not_picked":["Finisher","Flying Knee"],"picked":"Backflip","floor":0},{"not_picked":["Bane","Quick Slash"],"picked":"Poisoned Stab","floor":0},{"not_picked":["All Out Attack","Poisoned Stab"],"picked":"Quick Slash","floor":0},{"not_picked":["Concentrate","Flying Knee"],"picked":"Prepared","floor":0},{"not_picked":["Outmaneuver","Underhanded Strike"],"picked":"Choke","floor":0},{"not_picked":["PiercingWail","Slice"],"picked":"Backflip","floor":0},{"not_picked":["Masterful Stab","Poisoned Stab"],"picked":"Slice","floor":0},{"not_picked":["Quick Slash","Poisoned Stab"],"picked":"Caltrops","floor":0},{"not_picked":["Noxious Fumes","Dodge and Roll"],"picked":"Deflect","floor":6},{"not_picked":["Blade Dance","Dagger Throw"],"picked":"Adrenaline","floor":11},{"not_picked":["Night Terror","Grand Finale"],"picked":"A Thousand Cuts","floor":16},{"not_picked":["Dagger Spray","Outmaneuver+1"],"picked":"Dodge and Roll+1","floor":23},{"not_picked":["Tactician+1","Underhanded Strike","Masterful Stab"],"picked":"Singing Bowl","floor":27},{"not_picked":["Sucker Punch","Underhanded Strike"],"picked":"Backflip+1","floor":30},{"not_picked":["Tools of the Trade","Phantasmal Killer+1"],"picked":"Glass Knife","floor":33},{"not_picked":["Poisoned Stab","Flying Knee"],"picked":"Cloak And Dagger+1","floor":34},{"not_picked":["PiercingWail+1","Dagger Spray"],"picked":"Well Laid Plans","floor":34},{"not_picked":["Dagger Spray+1","Quick Slash"],"picked":"Footwork","floor":34},{"not_picked":["Acrobatics+1","Reflex+1","Setup+1"],"picked":"Singing Bowl","floor":34},{"not_picked":["Deflect+1","Backflip+1"],"picked":"Backstab+1","floor":34},{"not_picked":["A Thousand Cuts","Acrobatics+1"],"picked":"Backflip+1","floor":40},{"not_picked":["Expertise+1","Masterful Stab+1","Dagger Spray+1"],"picked":"Leg Sweep+1","floor":47}],"player_experience":1239924,"relics_obtained":[{"floor":1,"key":"War Paint"},{"floor":3,"key":"Potion Belt"},{"floor":5,"key":"Happy Flower"},{"floor":6,"key":"Anchor"},{"floor":8,"key":"Ginger"},{"floor":9,"key":"Blood Vial"},{"floor":11,"key":"Meat on the Bone"},{"floor":12,"key":"Blue Candle"},{"floor":14,"key":"Regal Pillow"},{"floor":16,"key":"Strawberry"},{"floor":18,"key":"Snake Skull"},{"floor":20,"key":"Mango"},{"floor":21,"key":"Bottled Flame"},{"floor":22,"key":"Singing Bowl"},{"floor":23,"key":"Bottled Lightning"},{"floor":26,"key":"Dream Catcher"},{"floor":26,"key":"The Courier"},{"floor":27,"key":"Prayer Wheel"},{"floor":28,"key":"Gremlin Horn"},{"floor":30,"key":"Bottled Tornado"},{"floor":31,"key":"StoneCalendar"},{"floor":33,"key":"Pear"},{"floor":35,"key":"Whetstone"},{"floor":36,"key":"Mummified Hand"},{"floor":37,"key":"Omamori"},{"floor":39,"key":"Boot"},{"floor":40,"key":"Paper Crane"},{"floor":42,"key":"Mercury Hourglass"},{"floor":43,"key":"Question Card"},{"floor":43,"key":"Molten Egg 2"},{"floor":44,"key":"Centennial Puzzle"},{"floor":45,"key":"Ornamental Fan"},{"floor":46,"key":"Darkstone Periapt"},{"floor":47,"key":"Calipers"}],"event_choices":[{"event_name":"Shining Light","player_choice":"Entered Light","floor":4,"damage_taken":0},{"event_name":"The Woman in Blue","player_choice":"Bought 2 Potions","floor":10,"damage_taken":0},{"event_name":"Dead Adventurer","player_choice":"Searched \u00272\u0027 times","floor":13,"damage_taken":0},{"event_name":"The Mausoleum","player_choice":"Yes","floor":25,"damage_taken":0},{"event_name":"MindBloom","player_choice":"Fight","floor":47,"damage_taken":0},{"event_name":"Purifier","player_choice":"One Purge","floor":48,"damage_taken":0}],"is_beta":false,"boss_relics":[{"not_picked":["HoveringKite","Fusion Hammer"],"picked":"Sozu"},{"not_picked":["Velvet Choker","Black Star"],"picked":"Orrery"}],"items_purged_floors":[],"is_endless":false,"potions_floor_spawned":[6,8,11,14,21,23,27,30,31,35,36,37,42,45,46],"ascension_level":0}