{"gold_per_floor":[117,135,152,172,172,215,215,233,233,233,247,260,3,23,23,119,119,144,144,69],"floor_reached":20,"playtime":813,"items_purged":[],"score":312,"play_id":"1f90d304-b789-4131-a232-882b8de4660d","local_time":"20181022130555","is_ascension_mode":true,"campfire_choices":[{"floor":7,"key":"REST"},{"floor":10,"key":"REST"},{"floor":15,"key":"REST"}],"neow_cost":"NONE","seed_source_timestamp":1071121759505575,"circlet_count":0,"master_deck":["Strike_B","Strike_B","Strike_B","Strike_B","Defend_B","Defend_B","Defend_B","Defend_B","Zap","Dualcast","AscendersBane","Streamline","Cold Snap","Capacitor","Beam Cell","Coolheaded","Capacitor","Sweeping Beam","Defragment","Redo","Electrodynamics","Defragment"],"relics":["Sozu","Golden Idol","Centennial Puzzle","Happy Flower","Pantograph","Inserter"],"potions_floor_usage":[],"damage_taken":[{"damage":0,"enemies":"Cultist","floor":1,"turns":4},{"damage":8,"enemies":"2 Louse","floor":2,"turns":2},{"damage":0,"enemies":"Small Slimes","floor":3,"turns":3},{"damage":9,"enemies":"2 Fungi Beasts","floor":4,"turns":4},{"damage":38,"enemies":"Gremlin Nob","floor":6,"turns":5},{"damage":3,"enemies":"Large Slime","floor":8,"turns":5},{"damage":15,"enemies":"3 Louse","floor":11,"turns":4},{"damage":19,"enemies":"Lots of Slimes","floor":12,"turns":4},{"damage":3,"enemies":"2 Fungi Beasts","floor":14,"turns":3},{"damage":40,"enemies":"Slime Boss","floor":16,"turns":10},{"damage":24,"enemies":"Spheric Guardian","floor":18,"turns":4},{"damage":27,"enemies":"2 Thieves","floor":20,"turns":3}],"seed_played":"4106304949976936525","potions_obtained":[],"is_trial":false,"path_per_floor":["M","M","M","M","?","E","R","M","T","R","M","M","$","M","R","B",null,"M","?"],"character_chosen":"DEFECT","items_purchased":["Pantograph"],"campfire_rested":3,"item_purchase_floors":[13],"current_hp_per_floor":[64,56,56,47,47,9,28,25,25,44,29,10,10,7,26,11,51,27,27,0],"gold":69,"neow_bonus":"BOSS_RELIC","is_prod":false,"is_daily":false,"chose_seed":false,"campfire_upgraded":0,"win_rate":0,"timestamp":1540227955,"path_taken":["M","M","?","M","?","E","R","M","T","R","M","M","$","M","R","BOSS","M","?","?"],"build_version":"2018-10-18","purchased_purges":0,"victory":false,"max_hp_per_floor":[71,71,71,71,64,64,64,64,64,64,64,64,64,64,64,64,64,64,64,64],"card_choices":[{"not_picked":["Force Field","Go for the Eyes"],"picked":"Streamline","floor":1},{"not_picked":["Streamline","Conserve Battery"],"picked":"Cold Snap","floor":2},{"not_picked":["BootSequence","Turbo"],"picked":"Capacitor","floor":3},{"not_picked":["Ball Lightning","Rebound"],"picked":"Beam Cell","floor":4},{"not_picked":["FTL","Ball Lightning"],"picked":"Coolheaded","floor":6},{"not_picked":["Beam Cell","Redo"],"picked":"Capacitor","floor":8},{"not_picked":["Sweeping Beam","Ball Lightning","Fusion"],"picked":"SKIP","floor":11},{"not_picked":["Ball Lightning","Fusion"],"picked":"Sweeping Beam","floor":11},{"not_picked":["Chaos","Turbo"],"picked":"Defragment","floor":12},{"not_picked":["Melter","Sweeping Beam"],"picked":"Redo","floor":14},{"not_picked":["Rainbow","Multi-Cast"],"picked":"Electrodynamics","floor":16},{"not_picked":["Turbo+1","Lockon"],"picked":"Defragment","floor":18}],"player_experience":1558959,"relics_obtained":[{"floor":6,"key":"Centennial Puzzle"},{"floor":9,"key":"Happy Flower"}],"event_choices":[{"damage_healed":0,"gold_gain":0,"player_choice":"Lose Max HP","damage_taken":0,"relics_obtained":["Golden Idol"],"max_hp_gain":0,"max_hp_loss":7,"event_name":"Golden Idol","floor":5,"gold_loss":0},{"damage_healed":0,"gold_gain":0,"player_choice":"Ignored","damage_taken":0,"max_hp_gain":0,"max_hp_loss":0,"event_name":"Ghosts","floor":19,"gold_loss":0}],"is_beta":false,"boss_relics":[{"not_picked":["Eternal Feather","White Beast Statue"],"picked":"Inserter"}],"items_purged_floors":[],"is_endless":false,"potions_floor_spawned":[1,6,8,11,12,14],"killed_by":"2 Thieves","ascension_level":15}