{"gold_per_floor":[113,129,1,1,1,18,52,52,52,65,65,65,100,42,42,113,113,124,137,47,65,65,65,83,83,108,122,133,151,166,185,185,185],"floor_reached":33,"playtime":1477,"items_purged":[],"score":509,"play_id":"5d75a369-5e38-4c16-bab4-95009d1ff521","local_time":"20190204080710","is_ascension_mode":true,"campfire_choices":[{"floor":8,"key":"REST"},{"data":"Zap","floor":12,"key":"SMITH"},{"floor":15,"key":"REST"},{"floor":23,"key":"REST"},{"data":"Dualcast","floor":25,"key":"SMITH"},{"floor":32,"key":"REST"}],"neow_cost":"NONE","seed_source_timestamp":63556646434785,"circlet_count":0,"master_deck":["AscendersBane","Strike_B","Strike_B","Strike_B","Defend_B","Defend_B","Defend_B","Defend_B","Zap+1","Dualcast+1","Scrape","Coolheaded","Ball Lightning","Gash","Consume","Glacier","Electrodynamics","Cold Snap","FTL","Beam Cell","Electrodynamics","Go for the Eyes","Cold Snap","Flash of Steel","Hologram+1","Conserve Battery+1","Defragment","Gash","Beam Cell","Glacier+1","All For One"],"relics":["Cracked Core","Symbiotic Virus","Pear","Toxic Egg 2","Mercury Hourglass","Sozu","Orichalcum"],"potions_floor_usage":[7,7,13],"damage_taken":[{"damage":7,"enemies":"Cultist","floor":1,"turns":4},{"damage":7,"enemies":"Jaw Worm","floor":2,"turns":4},{"damage":0,"enemies":"2 Louse","floor":6,"turns":3},{"damage":24,"enemies":"3 Sentries","floor":7,"turns":9},{"damage":7,"enemies":"2 Fungi Beasts","floor":10,"turns":2},{"damage":19,"enemies":"Lagavulin","floor":13,"turns":5},{"damage":12,"enemies":"Slime Boss","floor":16,"turns":9},{"damage":7,"enemies":"3 Byrds","floor":18,"turns":3},{"damage":21,"enemies":"Shell Parasite","floor":19,"turns":4},{"damage":22,"enemies":"Chosen and Byrds","floor":21,"turns":4},{"damage":0,"enemies":"Snake Plant","floor":24,"turns":4},{"damage":11,"enemies":"Centurion and Healer","floor":27,"turns":3},{"damage":0,"enemies":"Cultist and Chosen","floor":28,"turns":5},{"damage":26,"enemies":"Shelled Parasite and Fungi","floor":29,"turns":5},{"damage":0,"enemies":"Snake Plant","floor":30,"turns":3},{"damage":1,"enemies":"3 Cultists","floor":31,"turns":4},{"damage":36,"enemies":"Collector","floor":33,"turns":5}],"seed_played":"3978731943763354600","potions_obtained":[{"floor":2,"key":"Strength Potion"},{"floor":5,"key":"Swift Potion"},{"floor":10,"key":"FearPotion"}],"is_trial":false,"path_per_floor":["M","M","$","$","?","M","E","R","T","M","T","R","E","$","R","B",null,"M","M","$","M","?","R","M","R","T","M","M","M","M","M","R","B"],"character_chosen":"DEFECT","items_purchased":["Gash","Consume","Beam Cell","Flash of Steel"],"campfire_rested":4,"item_purchase_floors":[3,3,14,20],"current_hp_per_floor":[57,50,50,50,50,50,26,47,57,50,50,50,31,31,55,43,72,65,44,44,22,22,46,46,46,46,35,35,9,9,8,32,0],"gold":185,"neow_bonus":"THREE_CARDS","is_prod":false,"is_daily":false,"chose_seed":false,"campfire_upgraded":2,"win_rate":0,"timestamp":1549285630,"path_taken":["M","M","?","$","?","?","E","R","T","M","?","R","E","?","R","BOSS","M","?","$","?","?","R","?","R","T","M","M","M","M","M","R","BOSS"],"build_version":"2019-01-23","purchased_purges":0,"victory":false,"max_hp_per_floor":[71,71,71,71,71,71,71,71,81,81,81,81,81,81,81,81,81,81,81,81,81,81,81,81,81,81,81,81,81,81,81,81,81],"card_choices":[{"not_picked":["Steam Power","Redo"],"picked":"Scrape","floor":0},{"not_picked":["Rebound","Turbo"],"picked":"Coolheaded","floor":1},{"not_picked":["Redo","Sweeping Beam"],"picked":"Ball Lightning","floor":2},{"not_picked":["Stack","Capacitor"],"picked":"Glacier","floor":6},{"not_picked":["Darkness","Doom and Gloom"],"picked":"Electrodynamics","floor":7},{"not_picked":["Consume","Lockon"],"picked":"Cold Snap","floor":10},{"not_picked":["Barrage","Beam Cell"],"picked":"FTL","floor":13},{"not_picked":["Multi-Cast+1","Reboot+1"],"picked":"Electrodynamics","floor":16},{"not_picked":["Beam Cell","Compile Driver+1"],"picked":"Go for the Eyes","floor":18},{"not_picked":["Barrage","Double Energy+1"],"picked":"Cold Snap","floor":19},{"not_picked":["Compile Driver","Genetic Algorithm+1"],"picked":"Hologram+1","floor":21},{"not_picked":["Ball Lightning+1","Aggregate+1"],"picked":"Conserve Battery+1","floor":24},{"not_picked":["Sweeping Beam+1","Cold Snap+1"],"picked":"Defragment","floor":27},{"not_picked":["Amplify+1","Coolheaded+1"],"picked":"Gash","floor":28},{"not_picked":["Rebound+1","Capacitor"],"picked":"Beam Cell","floor":29},{"not_picked":["Darkness+1","Conserve Battery+1"],"picked":"Glacier+1","floor":30},{"not_picked":["Stack+1","Coolheaded+1"],"picked":"All For One","floor":31}],"player_experience":2300630,"relics_obtained":[{"floor":7,"key":"Symbiotic Virus"},{"floor":9,"key":"Pear"},{"floor":11,"key":"Toxic Egg 2"},{"floor":13,"key":"Mercury Hourglass"},{"floor":26,"key":"Orichalcum"}],"event_choices":[{"damage_healed":0,"gold_gain":0,"player_choice":"Got Potions","damage_taken":0,"max_hp_gain":0,"max_hp_loss":0,"event_name":"Lab","floor":5,"gold_loss":0},{"cards_removed":["Strike_B"],"damage_healed":0,"gold_gain":0,"player_choice":"Purged","damage_taken":0,"max_hp_gain":0,"max_hp_loss":0,"event_name":"Purifier","floor":22,"gold_loss":0}],"is_beta":false,"boss_relics":[{"not_picked":["Nuclear Battery","Eternal Feather"],"picked":"Sozu"}],"items_purged_floors":[],"is_endless":false,"potions_floor_spawned":[2,10,19,27,29,31],"killed_by":"Collector","ascension_level":19}