{"path_per_floor":["M","?","M","M","$","R","$","?","T","M","R","M","M","M","R","B",null,"M","M","$","M","M","R","M","?","T"],"character_chosen":"THE_SILENT","items_purchased":["Backstab","Infinite Blades","Blade Dance"],"gold_per_floor":[117,117,130,140,66,66,29,29,54,67,67,81,94,106,106,203,203,221,234,87,102,122,122,137,62,89,89],"floor_reached":27,"campfire_rested":2,"playtime":2873,"current_hp_per_floor":[69,69,68,66,66,66,66,66,66,64,64,44,31,19,40,30,70,68,45,45,32,19,40,6,6,6,0],"items_purged":["Regret"],"gold":89,"score":259,"play_id":"65d5abe0-569c-4ee7-be5c-4638b7992b8e","local_time":"20180524170305","is_prod":false,"is_daily":false,"chose_seed":false,"is_ascension_mode":false,"campfire_upgraded":2,"timestamp":1527195785,"campfire_choices":[{"data":"Leg Sweep","floor":6.0,"key":"SMITH"},{"data":"Infinite Blades","floor":11.0,"key":"SMITH"},{"floor":15.0,"key":"REST"},{"floor":23,"key":"REST"}],"path_taken":["M","?","M","M","$","R","$","?","T","M","R","M","M","M","R","BOSS","M","M","$","?","M","R","M","?","T","M"],"build_version":"2018-05-17","seed_source_timestamp":0,"purchased_purges":1,"victory":false,"master_deck":["Defend_G","Defend_G","Defend_G","Defend_G","Defend_G","Strike_G","Strike_G+1","Strike_G","Survivor","Neutralize","Accuracy","Leg Sweep+1","Sucker Punch","Accuracy","Accuracy","Backstab","Infinite Blades+1","Neutralize","Underhanded Strike","Cloak And Dagger","Distraction","Backflip","Blade Dance","Adrenaline","Quick Slash+1","Blade Dance","Blade Dance","Acrobatics","All Out Attack"],"max_hp_per_floor":[70,70,70,70,70,70,70,70,70,70,70,70,70,70,70,70,70,70,70,70,70,70,70,70,70,70,70],"relics":["Ring of the Snake","Boot","Whetstone"],"card_choices":[{"not_picked":["Deflect","Acrobatics"],"picked":"Accuracy","floor":0.0},{"not_picked":["Prepared","Calculated Gamble"],"picked":"Leg Sweep","floor":1.0},{"not_picked":["Outmaneuver","Sucker Punch"],"picked":"Accuracy","floor":3.0},{"not_picked":["Backflip","Leg Sweep"],"picked":"Accuracy","floor":4.0},{"not_picked":["Backstab","Endless Agony"],"picked":"Cloak And Dagger","floor":10.0},{"not_picked":["Dagger Throw","Skewer"],"picked":"Distraction","floor":12.0},{"not_picked":["Dagger Throw","Reflex"],"picked":"Backflip","floor":13.0},{"not_picked":["Endless Agony","Heel Hook"],"picked":"Blade Dance","floor":14.0},{"not_picked":["Phantasmal Killer","Unload"],"picked":"Adrenaline","floor":16.0},{"not_picked":["Poisoned Stab+1","Bane"],"picked":"Quick Slash","floor":18},{"not_picked":["Crippling Poison","Quick Slash"],"picked":"Blade Dance","floor":19},{"not_picked":["Reflex","Crippling Poison","Bane"],"picked":"SKIP","floor":21},{"not_picked":["Dagger Throw","Phantasmal Killer"],"picked":"Acrobatics","floor":22},{"not_picked":["Dodge and Roll+1","Predator"],"picked":"All Out Attack","floor":24}],"player_experience":101566,"potions_floor_usage":[21,24,24],"damage_taken":[{"damage":1.0,"enemies":"Jaw Worm","floor":1.0,"turns":7.0},{"damage":1.0,"enemies":"2 Louse","floor":3.0,"turns":3.0},{"damage":2.0,"enemies":"Cultist","floor":4.0,"turns":7.0},{"damage":2.0,"enemies":"Blue Slaver","floor":10.0,"turns":3.0},{"damage":20.0,"enemies":"Gremlin Gang","floor":12.0,"turns":4.0},{"damage":13.0,"enemies":"3 Louse","floor":13.0,"turns":4.0},{"damage":12.0,"enemies":"Blue Slaver","floor":14.0,"turns":4.0},{"damage":10.0,"enemies":"Hexaghost","floor":16.0,"turns":9.0},{"damage":2,"enemies":"3 Byrds","floor":18,"turns":5},{"damage":23,"enemies":"2 Thieves","floor":19,"turns":4},{"damage":13,"enemies":"3 Cultists","floor":21,"turns":6},{"damage":13,"enemies":"Snake Plant","floor":22,"turns":4},{"damage":34,"enemies":"Slaver and Parasite","floor":24,"turns":5},{"damage":6,"enemies":"Snecko","floor":27,"turns":3}],"relics_obtained":[{"floor":9.0,"key":"Boot"},{"floor":26,"key":"Whetstone"}],"event_choices":[{"event_name":"Living Wall","player_choice":"Change","floor":2.0,"damage_taken":0.0},{"event_name":"Match and Keep!","player_choice":"3 cards matched","floor":8.0,"damage_taken":0.0},{"event_name":"Beggar","player_choice":"Gave Gold","floor":25,"damage_taken":0}],"boss_relics":[{"not_picked":["Snecko Eye","Velvet Choker","Ectoplasm"]}],"potions_floor_spawned":[3,4,12,13,19,21,22],"seed_played":"-8272536089525635050","killed_by":"Snecko","ascension_level":0,"potions_obtained":[{"floor":3.0,"key":"Swift Potion"},{"floor":4.0,"key":"Weak Potion"},{"floor":12.0,"key":"SpeedPotion"},{"floor":13.0,"key":"GhostInAJar"},{"floor":19,"key":"AttackPotion"},{"floor":21,"key":"SpeedPotion"},{"floor":22,"key":"GhostInAJar"}],"is_trial":false}