{"gold_per_floor":[112,37,37,37,52,52,75,115,115,115,138,138,38,73,73,193,193,211,211,204,228,228,228,267,302,377,476,476,1,36,56,56,185,185,209,209,542,595,595,595,614,614,641,641,641,673,673,685,685,685,685,685,41,68,68],"floor_reached":55,"playtime":1766,"items_purged":["Defend_G","Strike_G"],"score":1277,"play_id":"367d7c12-b50a-4a80-9ce9-c091a78a7c15","local_time":"20181201171430","is_ascension_mode":true,"campfire_choices":[{"data":"Neutralize","floor":6.0,"key":"SMITH"},{"data":"Catalyst","floor":10.0,"key":"SMITH"},{"data":"Bouncing Flask","floor":12.0,"key":"SMITH"},{"floor":15.0,"key":"REST"},{"data":"Unload","floor":23.0,"key":"SMITH"},{"data":"Malaise","floor":28.0,"key":"SMITH"},{"data":"Doppelganger","floor":32.0,"key":"SMITH"},{"data":"Secret Technique","floor":40,"key":"SMITH"},{"data":"Envenom","floor":42,"key":"SMITH"},{"data":"Blind","floor":45,"key":"SMITH"},{"floor":47,"key":"RECALL"},{"floor":49,"key":"REST"},{"data":"Calculated Gamble","floor":52,"key":"SMITH"}],"neow_cost":"TEN_PERCENT_HP_LOSS","seed_source_timestamp":175705314368395,"circlet_count":0,"master_deck":["Defend_G","Defend_G","Defend_G","Strike_G","Strike_G","Survivor","Neutralize+1","Catalyst+1","Bouncing Flask+1","Backstab","Unload+1","Doppelganger+1","Bane+1","Ghostly","Ghostly","Ghostly","Ghostly","Ghostly","Deadly Poison+1","Malaise+1","Writhe","Envenom+1","Clumsy","Decay","Normality","Prepared+1","Secret Technique+1","Blind+1","Prepared+1","Pain","Bouncing Flask+1","Noxious Fumes+1","Backflip","Calculated Gamble+1","Riddle With Holes+1"],"special_seed":0,"relics":["Ring of the Snake","WingedGreaves","Torii","Juzu Bracelet","Blood Vial","Cursed Key","Ancient Tea Set","Regal Pillow","Pantograph","Du-Vu Doll","TwistedFunnel","Dream Catcher","Calling Bell","Oddly Smooth Stone","Paper Crane","Dead Branch","Potion Belt","FossilizedHelix","Prayer Wheel","Ginger","Strange Spoon","Bag of Marbles","Happy Flower"],"potions_floor_usage":[55],"damage_taken":[{"damage":0.0,"enemies":"2 Louse","floor":1.0,"turns":4.0},{"damage":1.0,"enemies":"Cultist","floor":5.0,"turns":4.0},{"damage":0.0,"enemies":"Jaw Worm","floor":7.0,"turns":4.0},{"damage":12.0,"enemies":"Gremlin Nob","floor":8.0,"turns":3.0},{"damage":30.0,"enemies":"3 Sentries","floor":14.0,"turns":7.0},{"damage":2.0,"enemies":"Hexaghost","floor":16.0,"turns":6.0},{"damage":1.0,"enemies":"Chosen","floor":18.0,"turns":3.0},{"damage":0.0,"enemies":"2 Thieves","floor":20.0,"turns":4.0},{"damage":4.0,"enemies":"Sentry and Sphere","floor":21.0,"turns":6.0},{"damage":4.0,"enemies":"Book of Stabbing","floor":24.0,"turns":5.0},{"damage":10.0,"enemies":"Gremlin Leader","floor":25.0,"turns":6.0},{"damage":2.0,"enemies":"Book of Stabbing","floor":30.0,"turns":4.0},{"damage":12.0,"enemies":"Chosen and Byrds","floor":31.0,"turns":3.0},{"damage":26,"enemies":"Collector","floor":33,"turns":8},{"damage":2,"enemies":"Orb Walker","floor":35,"turns":2},{"damage":11,"enemies":"2 Orb Walkers","floor":38,"turns":4},{"damage":3,"enemies":"3 Darklings","floor":41,"turns":3},{"damage":4,"enemies":"Nemesis","floor":46,"turns":5},{"damage":4,"enemies":"Jaw Worm Horde","floor":48,"turns":4},{"damage":28,"enemies":"Time Eater","floor":50,"turns":8},{"damage":16,"enemies":"Shield and Spear","floor":54,"turns":7},{"damage":31,"enemies":"The Heart","floor":55,"turns":5}],"seed_played":"-2910192288231880748","potions_obtained":[{"floor":1.0,"key":"FearPotion"},{"floor":14.0,"key":"Swift Potion"},{"floor":16.0,"key":"Poison Potion"},{"floor":24.0,"key":"Energy Potion"},{"floor":25.0,"key":"EssenceOfSteel"},{"floor":33,"key":"Poison Potion"},{"floor":48,"key":"SpeedPotion"}],"is_trial":false,"path_per_floor":["M","$","?","?","M","R","M","E","T","R","T","R","$","E","R","B",null,"M","?","M","M","$","R","E","E","E","T","?","R","$","E","M","R","B",null,"M","?","?","?","?","R","M","R","T","?","R","E","R","M","R","B",null,"R","$","E","B"],"character_chosen":"THE_SILENT","items_purchased":["Du-Vu Doll","TwistedFunnel","Ginger","Strange Spoon","Bag of Marbles"],"campfire_rested":2,"item_purchase_floors":[29,29,53,53,53],"current_hp_per_floor":[63,63,48,48,47,47,47,35,35,35,35,35,35,5,23,23,53,54,31,31,27,27,27,25,17,17,17,17,17,17,7,7,5,25,25,25,25,16,11,11,10,10,10,10,10,8,8,6,30,3,24,24,24,10,0],"gold":68,"neow_bonus":"REMOVE_TWO","is_prod":false,"is_daily":false,"chose_seed":false,"campfire_upgraded":10,"win_rate":0,"timestamp":1543680870,"path_taken":["M","$","?","?","?","R","M","E","T","R","?","R","?","E","R","BOSS","M","?","M","M","$","R","E","E","T","?","R","$","E","M","R","BOSS","M","?","?","?","?","R","M","R","T","?","R","E","R","M","R","BOSS","R","$","E","BOSS"],"build_version":"2018-11-15","purchased_purges":2,"victory":false,"max_hp_per_floor":[63,63,63,63,63,63,63,63,63,63,63,63,63,63,63,63,63,63,31,31,31,31,31,31,31,31,31,31,31,31,31,31,31,31,31,31,31,31,31,31,31,31,31,31,31,31,31,31,31,31,31,31,31,31,31],"card_choices":[{"not_picked":["Dagger Throw","Underhanded Strike"],"picked":"Catalyst","floor":1.0},{"not_picked":["Footwork","Concentrate"],"picked":"Bouncing Flask","floor":5.0},{"not_picked":["Expertise","Outmaneuver"],"picked":"Backstab","floor":7.0},{"not_picked":["Bouncing Flask","Expertise"],"picked":"Unload","floor":8.0},{"not_picked":["Underhanded Strike","Poisoned Stab"],"picked":"Dagger Spray","floor":14.0},{"not_picked":["A Thousand Cuts","Night Terror"],"picked":"Doppelganger","floor":16.0},{"not_picked":["Dagger Throw+1","Deflect"],"picked":"Bane+1","floor":18.0},{"not_picked":["Sucker Punch","Predator","Distraction"],"picked":"SKIP","floor":20.0},{"not_picked":["Acrobatics","Dagger Spray"],"picked":"Deadly Poison+1","floor":21.0},{"not_picked":["Cloak And Dagger+1","Deflect"],"picked":"Malaise","floor":24.0},{"not_picked":["Endless Agony","Dagger Spray","Slice"],"picked":"SKIP","floor":25.0},{"not_picked":["Outmaneuver","Expertise","Tools of the Trade"],"picked":"SKIP","floor":30.0},{"not_picked":["Quick Slash","Slice+1","Deadly Poison"],"picked":"SKIP","floor":31.0},{"not_picked":["Malaise","Tools of the Trade"],"picked":"Envenom","floor":33},{"not_picked":["Leg Sweep+1","Reflex"],"picked":"Prepared+1","floor":35},{"not_picked":["Enlightenment","Mind Blast"],"picked":"Secret Technique","floor":39},{"not_picked":["Forethought","Deep Breath"],"picked":"Blind","floor":39},{"not_picked":["Dagger Throw","Flechettes"],"picked":"Prepared+1","floor":41},{"not_picked":["Skewer+1","Bane+1"],"picked":"Bouncing Flask+1","floor":46},{"not_picked":["Heel Hook","Dagger Spray"],"picked":"Noxious Fumes+1","floor":48},{"not_picked":["Bane","Envenom"],"picked":"Backflip","floor":48},{"not_picked":["Dash+1","Crippling Poison+1"],"picked":"Calculated Gamble","floor":49},{"not_picked":["Blade Dance+1","Reflex"],"picked":"Riddle With Holes+1","floor":54}],"player_experience":1050928,"relics_obtained":[{"floor":8.0,"key":"WingedGreaves"},{"floor":9.0,"key":"Torii"},{"floor":11.0,"key":"Juzu Bracelet"},{"floor":14.0,"key":"Blood Vial"},{"floor":24.0,"key":"Ancient Tea Set"},{"floor":25.0,"key":"Regal Pillow"},{"floor":26.0,"key":"Pantograph"},{"floor":30.0,"key":"Dream Catcher"},{"floor":34,"key":"Oddly Smooth Stone"},{"floor":34,"key":"Paper Crane"},{"floor":34,"key":"Dead Branch"},{"floor":38,"key":"FossilizedHelix"},{"floor":46,"key":"Prayer Wheel"},{"floor":54,"key":"Happy Flower"}],"event_choices":[{"damage_healed":0.0,"max_hp_gain":0.0,"max_hp_loss":0.0,"gold_gain":0.0,"event_name":"Golden Idol","player_choice":"Take Damage","floor":3.0,"gold_loss":0.0,"damage_taken":15.0,"relics_obtained":["Golden Idol"]},{"cards_removed":["Strike_G"],"damage_healed":0.0,"max_hp_gain":0.0,"max_hp_loss":0.0,"gold_gain":0.0,"event_name":"Bonfire Elementals","player_choice":"Offered Basic","floor":4.0,"gold_loss":0.0,"damage_taken":0.0},{"damage_healed":0.0,"max_hp_gain":0.0,"max_hp_loss":32.0,"gold_gain":0.0,"event_name":"Ghosts","player_choice":"Became a Ghost","floor":19.0,"gold_loss":0.0,"damage_taken":0.0,"cards_obtained":["Ghostly","Ghostly","Ghostly","Ghostly","Ghostly"]},{"damage_healed":0.0,"max_hp_gain":0.0,"max_hp_loss":0.0,"gold_gain":99.0,"event_name":"Nest","player_choice":"Stole From Cult","floor":27.0,"gold_loss":0.0,"damage_taken":0.0},{"damage_healed":0,"gold_gain":0,"player_choice":"Gave Potion","damage_taken":0,"relics_obtained":["Potion Belt"],"max_hp_gain":0,"max_hp_loss":0,"event_name":"WeMeetAgain","floor":36,"gold_loss":0},{"damage_healed":0,"gold_gain":333,"player_choice":"Gave Idol","damage_taken":0,"max_hp_gain":0,"max_hp_loss":0,"event_name":"The Moai Head","floor":37,"relics_lost":["Golden Idol"],"gold_loss":0},{"damage_healed":0,"gold_gain":0,"player_choice":"Fight","damage_taken":0,"max_hp_gain":0,"max_hp_loss":0,"event_name":"Mysterious Sphere","floor":38,"gold_loss":0},{"damage_healed":0,"gold_gain":0,"player_choice":"Memory 2","damage_taken":5,"max_hp_gain":0,"max_hp_loss":0,"event_name":"SensoryStone","floor":39,"gold_loss":0},{"cards_removed":["Dagger Spray"],"damage_healed":0,"gold_gain":0,"player_choice":"Removed Attack","damage_taken":0,"max_hp_gain":0,"max_hp_loss":0,"event_name":"Falling","floor":44,"gold_loss":0}],"is_beta":false,"boss_relics":[{"not_picked":["Pandora\u0027s Box","Lizard Tail"],"picked":"Cursed Key"},{"not_picked":["Black Star","Runic Dome"],"picked":"Calling Bell"}],"items_purged_floors":[2,13],"is_endless":false,"potions_floor_spawned":[1,14,16,24,25,33,48],"killed_by":"The Heart","ascension_level":9}