{"gold_per_floor":[116,116,41,62,87,130,130,230,310,325,400,413,413,438,438,438],"floor_reached":16,"playtime":627,"items_purged":["Strike_B"],"score":152,"play_id":"ecb172e8-a445-4e4c-ae71-00b499f22b9d","local_time":"20180714222623","is_ascension_mode":false,"campfire_choices":[{"data":"Zap","floor":7,"key":"SMITH"},{"floor":13,"key":"REST"},{"floor":15,"key":"REST"}],"neow_cost":"","seed_source_timestamp":0,"circlet_count":0,"master_deck":["Strike_B","Strike_B","Strike_B","Defend_B","Defend_B","Defend_B","Defend_B","Zap+1","Dualcast","Cold Snap","Doom and Gloom","Fusion","Chill","Self Repair","Leap","Leap","Coolheaded"],"relics":["Cracked Core","Golden Idol","Dream Catcher","Blue Candle"],"potions_floor_usage":[6,16],"damage_taken":[{"damage":1,"enemies":"2 Louse","floor":1,"turns":2},{"damage":1,"enemies":"Jaw Worm","floor":4,"turns":3},{"damage":10,"enemies":"Small Slimes","floor":5,"turns":3},{"damage":13,"enemies":"3 Sentries","floor":6,"turns":4},{"damage":6,"enemies":"3 Louse","floor":10,"turns":2},{"damage":0,"enemies":"Lots of Slimes","floor":12,"turns":3},{"damage":7,"enemies":"Blue Slaver","floor":14,"turns":3},{"damage":68,"enemies":"Hexaghost","floor":16,"turns":15}],"seed_played":"-7563811034593412107","potions_obtained":[{"floor":4,"key":"LiquidBronze"},{"floor":10,"key":"Strength Potion"}],"is_trial":true,"path_per_floor":["M","?","$","M","M","E","R","?","T","M","?","M","R","M","R"],"character_chosen":"DEFECT","items_purchased":[],"campfire_rested":2,"item_purchase_floors":[],"current_hp_per_floor":[74,56,56,55,45,32,32,32,32,26,15,15,37,37,59,0],"gold":438,"neow_bonus":"","is_prod":false,"is_daily":false,"chose_seed":false,"campfire_upgraded":1,"win_rate":0,"timestamp":1531621583,"path_taken":["M","?","$","M","M","E","R","?","T","M","?","?","R","?","R","BOSS"],"build_version":"2018-07-12","purchased_purges":1,"victory":false,"max_hp_per_floor":[75,75,75,75,75,75,75,75,75,75,75,75,75,75,75,75],"card_choices":[{"not_picked":["Conserve Battery","Rebound"],"picked":"Cold Snap","floor":1},{"not_picked":["Lockon","Reboot"],"picked":"Doom and Gloom","floor":4},{"not_picked":["Compile Driver","Undo"],"picked":"Fusion","floor":5},{"not_picked":["Turbo","Tempest"],"picked":"Chill","floor":6},{"not_picked":["Stack","Streamline","Ball Lightning"],"picked":"SKIP","floor":10},{"not_picked":["FTL","Reboot"],"picked":"Self Repair","floor":12},{"not_picked":["Gash","Lockon"],"picked":"Leap","floor":13},{"not_picked":["Rebound","White Noise"],"picked":"Leap","floor":14},{"not_picked":["BootSequence","Redo"],"picked":"Coolheaded","floor":15}],"player_experience":1104976,"relics_obtained":[{"floor":6,"key":"Dream Catcher"},{"floor":9,"key":"Blue Candle"}],"event_choices":[{"event_name":"Golden Idol","player_choice":"Take Damage","floor":2,"damage_taken":0},{"event_name":"Golden Shrine","player_choice":"Pray","floor":8,"damage_taken":0},{"event_name":"World of Goop","player_choice":"Gather Gold","floor":11,"damage_taken":0}],"boss_relics":[],"items_purged_floors":[3],"is_endless":true,"potions_floor_spawned":[4,5,10],"killed_by":"Hexaghost","ascension_level":0}