{"gold_per_floor":[215,234,11,27,27,27,54,74,74,91,20,20,38,16,16,111,111,125,25,25,25,42,42,42,42,42,53,73,73,83,99,99,99],"floor_reached":33,"playtime":1289,"items_purged":["Strike_R","Strike_R"],"score":430,"play_id":"7965f52c-92b7-432b-a790-29c7bb75a125","local_time":"20190113145735","is_ascension_mode":true,"campfire_choices":[{"data":"Bash","floor":6.0,"key":"SMITH"},{"floor":12.0,"key":"REST"},{"data":"Havoc","floor":15.0,"key":"SMITH"},{"floor":23.0,"key":"REST"},{"floor":32.0,"key":"REST"}],"neow_cost":"NONE","seed_source_timestamp":0,"circlet_count":0,"master_deck":["AscendersBane","Strike_R","Strike_R","Defend_R","Defend_R","Defend_R","Defend_R","Bash+1","Thunderclap","Anger","Thunderclap","Iron Wave","Shrug It Off","Impervious+1","Dropkick","Dropkick","Havoc+1","Impervious","Pommel Strike"],"special_seed":0,"relics":["Burning Blood","Anchor","Orichalcum","Pen Nib","Runic Cube","Ornamental Fan"],"potions_floor_usage":[33],"damage_taken":[{"damage":6.0,"enemies":"Cultist","floor":1.0,"turns":3.0},{"damage":7.0,"enemies":"Jaw Worm","floor":2.0,"turns":3.0},{"damage":0.0,"enemies":"Small Slimes","floor":4.0,"turns":2.0},{"damage":44.0,"enemies":"Gremlin Nob","floor":7.0,"turns":5.0},{"damage":0.0,"enemies":"3 Louse","floor":8.0,"turns":3.0},{"damage":4.0,"enemies":"Exordium Thugs","floor":10.0,"turns":4.0},{"damage":0.0,"enemies":"2 Fungi Beasts","floor":13.0,"turns":3.0},{"damage":59.0,"enemies":"Hexaghost","floor":16.0,"turns":13.0},{"damage":21.0,"enemies":"Spheric Guardian","floor":18.0,"turns":6.0},{"damage":14.0,"enemies":"Chosen","floor":22.0,"turns":6.0},{"damage":0.0,"enemies":"Gremlin Leader","floor":24.0,"turns":1.0},{"damage":10.0,"enemies":"Snake Plant","floor":27.0,"turns":4.0},{"damage":24.0,"enemies":"Shelled Parasite and Fungi","floor":28.0,"turns":5.0},{"damage":3.0,"enemies":"3 Cultists","floor":30.0,"turns":5.0},{"damage":46.0,"enemies":"Snecko","floor":31.0,"turns":8.0},{"damage":51,"enemies":"Champ","floor":33,"turns":10}],"seed_played":"805153041030063456","potions_obtained":[{"floor":2.0,"key":"Fire Potion"},{"floor":8.0,"key":"SmokeBomb"},{"floor":22.0,"key":"Explosive Potion"},{"floor":30.0,"key":"BloodPotion"},{"floor":31.0,"key":"SteroidPotion"}],"is_trial":false,"path_per_floor":["M","M","$","M","$","R","E","M","T","M","$","R","M","$","R","B",null,"M","$","?","?","M","R","E","?","T","M","M","?","M","M","R","B"],"character_chosen":"IRONCLAD","items_purchased":["Anchor","Dropkick","Havoc"],"campfire_rested":3,"item_purchase_floors":[3,11,14],"current_hp_per_floor":[72,71,71,77,77,77,39,45,45,47,47,71,77,77,77,24,66,51,51,51,51,43,67,73,73,73,69,51,51,54,14,38,0],"gold":99,"neow_bonus":"HUNDRED_GOLD","is_prod":false,"is_daily":false,"chose_seed":false,"campfire_upgraded":2,"win_rate":0,"timestamp":1547409455,"path_taken":["M","M","$","M","?","R","E","M","T","?","?","R","M","$","R","BOSS","M","$","?","?","M","R","E","?","T","?","M","?","M","M","R","BOSS"],"build_version":"2019-01-10","purchased_purges":2,"victory":false,"max_hp_per_floor":[80,80,80,80,80,80,80,80,80,80,80,80,80,80,80,80,80,80,80,80,80,80,80,80,80,80,80,80,80,80,80,80,80],"card_choices":[{"not_picked":["Sever Soul","Rupture"],"picked":"Thunderclap","floor":1.0},{"not_picked":["Infernal Blade","Seeing Red"],"picked":"Anger","floor":2.0},{"not_picked":["Warcry","Heavy Blade"],"picked":"Thunderclap","floor":4.0},{"not_picked":["Warcry","Inflame"],"picked":"Iron Wave","floor":7.0},{"not_picked":["Sword Boomerang","Heavy Blade"],"picked":"Shrug It Off","floor":8.0},{"not_picked":["Clothesline","Wild Strike"],"picked":"Impervious","floor":10.0},{"not_picked":["Heavy Blade","Bloodletting"],"picked":"Dropkick","floor":13.0},{"not_picked":["Immolate","Brutality"],"picked":"Impervious","floor":16.0},{"not_picked":["Clothesline+1","Heavy Blade","Havoc"],"picked":"SKIP","floor":18.0},{"not_picked":["Fire Breathing","Inflame","Corruption+1"],"picked":"SKIP","floor":22.0},{"not_picked":["Thunderclap","Clash","Sword Boomerang+1"],"picked":"SKIP","floor":27.0},{"not_picked":["Thunderclap","Twin Strike","Clothesline"],"picked":"SKIP","floor":28.0},{"not_picked":["Spot Weakness","Entrench+1","Perfected Strike"],"picked":"SKIP","floor":30.0},{"not_picked":["Inflame","Wild Strike"],"picked":"Pommel Strike","floor":31.0}],"player_experience":2107391,"relics_obtained":[{"floor":7.0,"key":"Orichalcum"},{"floor":9.0,"key":"Pen Nib"},{"floor":26.0,"key":"Ornamental Fan"}],"event_choices":[{"damage_healed":0.0,"max_hp_gain":0.0,"max_hp_loss":0.0,"gold_gain":0.0,"event_name":"Beggar","player_choice":"Ignored","floor":20.0,"gold_loss":0.0,"damage_taken":0.0},{"cards_removed":["Strike_R"],"damage_healed":0.0,"max_hp_gain":0.0,"max_hp_loss":0.0,"gold_gain":0.0,"event_name":"Bonfire Elementals","player_choice":"Offered Basic","floor":25.0,"gold_loss":0.0,"damage_taken":0.0},{"damage_healed":0.0,"max_hp_gain":0.0,"max_hp_loss":0.0,"gold_gain":0.0,"event_name":"Upgrade Shrine","player_choice":"Upgraded","floor":29.0,"gold_loss":0.0,"damage_taken":0.0,"cards_upgraded":["Impervious"]}],"is_beta":false,"boss_relics":[{"not_picked":["White Beast Statue","Sozu"],"picked":"Runic Cube"}],"items_purged_floors":[3,19],"is_endless":false,"potions_floor_spawned":[2,8,22,30,31],"killed_by":"Champ","ascension_level":12}