{"gold_per_floor":[118,118,83,102,48,76,76,76,103,103,23,23,23,41,41,139,139,159,170,45,55,55,55,55,72,153,75,85,85,85,0,0,98,98,118,118,118,129,7,7,7],"floor_reached":41,"playtime":1595,"items_purged":["Strike_B"],"score":579,"play_id":"4b3f6dfa-5ec9-41e6-808c-ba5a4b4ef52c","local_time":"20190103133617","is_ascension_mode":true,"campfire_choices":[{"data":"Zap","floor":7.0,"key":"SMITH"},{"data":"Dualcast","floor":10.0,"key":"SMITH"},{"data":"Loop","floor":13.0,"key":"SMITH"},{"data":"Redo","floor":15.0,"key":"SMITH"},{"data":"White Noise","floor":23.0,"key":"SMITH"},{"data":"Defragment","floor":29,"key":"SMITH"},{"floor":32,"key":"REST"},{"floor":40,"key":"REST"}],"neow_cost":"NONE","seed_source_timestamp":133830167266397,"circlet_count":0,"master_deck":["Defend_B","Defend_B","Defend_B","Zap+1","Dualcast+1","Undo","Auto Shields","Streamline+1","Ball Lightning","Leap","Loop+1","Redo+1","Seek","Chaos+1","Capacitor","Hologram","White Noise+1","Writhe","Bite","Bite","Bite","Bite","Defragment+1","Go for the Eyes+1","BootSequence+1","Self Repair+1"],"special_seed":0,"relics":["Cracked Core","NeowsBlessing","Dead Branch","Shuriken","Pen Nib","Velvet Choker","Happy Flower","Pear","Kunai","Potion Belt","Runic Dome"],"potions_floor_usage":[28,33,33,41],"damage_taken":[{"damage":0.0,"enemies":"2 Louse","floor":1.0,"turns":1.0},{"damage":0.0,"enemies":"Small Slimes","floor":4.0,"turns":1.0},{"damage":0.0,"enemies":"Gremlin Nob","floor":6.0,"turns":1.0},{"damage":1.0,"enemies":"Jaw Worm","floor":14.0,"turns":2.0},{"damage":33.0,"enemies":"Hexaghost","floor":16.0,"turns":8.0},{"damage":2.0,"enemies":"Chosen","floor":18.0,"turns":4.0},{"damage":11.0,"enemies":"2 Thieves","floor":19.0,"turns":3.0},{"damage":2.0,"enemies":"Snecko","floor":21.0,"turns":7.0},{"damage":31.0,"enemies":"3 Cultists","floor":25.0,"turns":6.0},{"damage":24,"enemies":"Cultist and Chosen","floor":28,"turns":6},{"damage":17,"enemies":"Champ","floor":33,"turns":10},{"damage":25,"enemies":"3 Shapes","floor":35,"turns":6},{"damage":28,"enemies":"3 Darklings","floor":38,"turns":5},{"damage":55,"enemies":"Spire Growth","floor":41,"turns":5}],"seed_played":"-7868864474035149088","potions_obtained":[{"floor":1.0,"key":"GamblersBrew"},{"floor":6.0,"key":"Swift Potion"},{"floor":14.0,"key":"Ancient Potion"},{"floor":18.0,"key":"SkillPotion"},{"floor":21.0,"key":"EssenceOfSteel"},{"floor":28,"key":"Strength Potion"}],"is_trial":false,"path_per_floor":["M","?","?","M","$","E","R","?","T","R","$","?","R","M","R","B",null,"M","M","$","M","?","R","?","M","T","$","M","R","T","?","R","B",null,"M","?","?","M","$","R","M"],"character_chosen":"DEFECT","items_purchased":["Streamline","Leap","Loop","Hologram","Defragment","Regen Potion","Weak Potion"],"campfire_rested":2,"item_purchase_floors":[5,11,11,20,27,39,39],"current_hp_per_floor":[68,43,61,61,61,61,61,61,61,61,61,54,54,53,53,20,61,59,48,48,46,46,46,46,23,33,33,23,23,23,23,41,44,58,37,37,37,11,11,28,0],"gold":7,"neow_bonus":"THREE_ENEMY_KILL","is_prod":false,"is_daily":false,"chose_seed":false,"campfire_upgraded":6,"win_rate":0,"timestamp":1546490177,"path_taken":["M","?","?","M","$","E","R","?","T","R","$","?","R","M","R","BOSS","M","M","$","M","?","R","?","M","T","$","M","R","?","?","R","BOSS","M","?","?","M","$","R","M"],"build_version":"2018-12-20","purchased_purges":1,"victory":false,"max_hp_per_floor":[75,75,75,75,75,75,75,75,75,75,75,75,75,75,75,75,75,75,75,75,75,75,75,52,52,62,62,62,62,62,62,62,62,62,62,59,59,59,59,59,59],"card_choices":[{"not_picked":["Chaos","Steam"],"picked":"Undo","floor":1.0},{"not_picked":["Steam","Beam Cell"],"picked":"Auto Shields","floor":4.0},{"not_picked":["Genetic Algorithm","Stack"],"picked":"Ball Lightning","floor":6.0},{"not_picked":["Consume","Scrape"],"picked":"Redo","floor":14.0},{"not_picked":["Reboot","Buffer"],"picked":"Seek","floor":16.0},{"not_picked":["Steam","Rebound"],"picked":"Chaos+1","floor":18.0},{"not_picked":["Stack","Gash"],"picked":"Capacitor","floor":19.0},{"not_picked":["Rainbow","Tempest"],"picked":"White Noise","floor":21.0},{"not_picked":["Recycle","Steam","Sunder+1"],"picked":"SKIP","floor":25.0},{"not_picked":["Barrage","Skim"],"picked":"Go for the Eyes+1","floor":28},{"not_picked":["Compile Driver+1","Loop"],"picked":"BootSequence+1","floor":35},{"not_picked":["Go for the Eyes","Steam Power"],"picked":"Self Repair+1","floor":38}],"player_experience":323077,"relics_obtained":[{"floor":6.0,"key":"Shuriken"},{"floor":9.0,"key":"Pen Nib"},{"floor":26.0,"key":"Pear"},{"floor":30,"key":"Kunai"}],"event_choices":[{"damage_healed":0.0,"max_hp_gain":0.0,"max_hp_loss":0.0,"gold_gain":0.0,"event_name":"Scrap Ooze","player_choice":"Success","floor":2.0,"gold_loss":0.0,"damage_taken":25.0,"relics_obtained":["Dead Branch"]},{"damage_healed":18.0,"max_hp_gain":0.0,"max_hp_loss":0.0,"gold_gain":0.0,"event_name":"The Cleric","player_choice":"Healed","floor":3.0,"gold_loss":35.0,"damage_taken":0.0},{"damage_healed":0.0,"max_hp_gain":0.0,"max_hp_loss":0.0,"gold_gain":0.0,"event_name":"Living Wall","player_choice":"Grow","floor":8.0,"gold_loss":0.0,"damage_taken":0.0,"cards_upgraded":["Streamline"]},{"cards_removed":["Defend_B"],"damage_healed":0.0,"max_hp_gain":0.0,"max_hp_loss":0.0,"gold_gain":0.0,"event_name":"Golden Wing","player_choice":"Card Removal","floor":12.0,"gold_loss":0.0,"damage_taken":7.0},{"damage_healed":0.0,"max_hp_gain":0.0,"max_hp_loss":0.0,"gold_gain":0.0,"event_name":"The Mausoleum","player_choice":"Opened","floor":22.0,"gold_loss":0.0,"damage_taken":0.0,"relics_obtained":["Happy Flower"],"cards_obtained":["Writhe"]},{"damage_healed":0.0,"max_hp_gain":0.0,"max_hp_loss":23.0,"gold_gain":0.0,"event_name":"Vampires","player_choice":"Became a vampire","floor":24.0,"gold_loss":0.0,"damage_taken":0.0,"cards_obtained":["Bite","Bite","Bite","Bite","Bite"]},{"damage_healed":0,"gold_gain":0,"player_choice":"Obtained Relic","damage_taken":0,"relics_obtained":["Potion Belt"],"max_hp_gain":0,"max_hp_loss":0,"event_name":"Addict","floor":31,"gold_loss":85},{"damage_healed":0,"gold_gain":0,"player_choice":"Max HP","damage_taken":0,"max_hp_gain":0,"max_hp_loss":3,"event_name":"Winding Halls","floor":36,"gold_loss":0},{"cards_removed":["Bite"],"damage_healed":0,"gold_gain":0,"player_choice":"Purged","damage_taken":0,"max_hp_gain":0,"max_hp_loss":0,"event_name":"Purifier","floor":37,"gold_loss":0}],"is_beta":false,"boss_relics":[{"not_picked":["Sozu","Fusion Hammer"],"picked":"Velvet Choker"},{"not_picked":["Philosopher\u0027s Stone","Astrolabe"],"picked":"Runic Dome"}],"items_purged_floors":[20],"is_endless":false,"potions_floor_spawned":[1,6,14,16,18,21,28],"killed_by":"Spire Growth","ascension_level":7}