{"gold_per_floor":[116,66,66,13,33,64,80,114,141,151,151,151],"floor_reached":12,"playtime":388,"items_purged":[],"score":192,"play_id":"845a269c-9431-42c3-9e13-a002073cdf26","local_time":"20181116130859","is_ascension_mode":true,"campfire_choices":[{"floor":11,"key":"REST"}],"neow_cost":"NONE","seed_source_timestamp":35102974052943,"circlet_count":0,"master_deck":["AscendersBane","Defend_G","Defend_G","Defend_G","Defend_G","Defend_G","Strike_G","Strike_G","Strike_G","Survivor","Neutralize","Bane","Sucker Punch","Blade Dance","Predator","Leg Sweep","Sucker Punch"],"relics":["Ring of the Snake","NeowsBlessing","Happy Flower","Art of War","Boot"],"potions_floor_usage":[8,8],"damage_taken":[{"damage":0,"enemies":"Small Slimes","floor":1,"turns":1},{"damage":0,"enemies":"Jaw Worm","floor":5,"turns":1},{"damage":0,"enemies":"3 Sentries","floor":6,"turns":1},{"damage":0,"enemies":"Cultist","floor":7,"turns":4},{"damage":42,"enemies":"Lagavulin","floor":8,"turns":9},{"damage":9,"enemies":"Blue Slaver","floor":10,"turns":5},{"damage":27,"enemies":"Exordium Wildlife","floor":12,"turns":6}],"seed_played":"7595897673111829494","potions_obtained":[{"floor":6,"key":"SteroidPotion"},{"floor":7,"key":"Ancient Potion"}],"is_trial":false,"path_per_floor":["M","?","?","$","M","E","M","E","T","M","R","M"],"character_chosen":"THE_SILENT","items_purchased":["Sucker Punch"],"campfire_rested":1,"item_purchase_floors":[4],"current_hp_per_floor":[59,59,59,59,59,59,59,17,17,8,27,0],"gold":151,"neow_bonus":"THREE_ENEMY_KILL","is_prod":false,"is_daily":false,"chose_seed":false,"campfire_upgraded":0,"win_rate":0,"timestamp":1542391739,"path_taken":["M","?","?","$","M","E","M","E","T","M","R","M"],"build_version":"2018-11-15","purchased_purges":0,"victory":false,"max_hp_per_floor":[66,66,66,66,66,66,66,66,66,66,66,66],"card_choices":[{"not_picked":["Outmaneuver","Catalyst"],"picked":"Bane","floor":1},{"not_picked":["Dagger Spray","Skewer"],"picked":"Blade Dance","floor":5},{"not_picked":["Tactician","Phantasmal Killer"],"picked":"Predator","floor":6},{"not_picked":["Outmaneuver","Dagger Throw"],"picked":"Leg Sweep","floor":7},{"not_picked":["Underhanded Strike","Slice","Wraith Form v2"],"picked":"SKIP","floor":8},{"not_picked":["Leg Sweep","Quick Slash"],"picked":"Sucker Punch","floor":10}],"player_experience":1714184,"relics_obtained":[{"floor":6,"key":"Happy Flower"},{"floor":8,"key":"Art of War"},{"floor":9,"key":"Boot"}],"event_choices":[{"cards_removed":["Strike_G"],"damage_healed":0,"gold_gain":0,"player_choice":"Card Removal","damage_taken":0,"max_hp_gain":0,"max_hp_loss":0,"event_name":"The Cleric","floor":2,"gold_loss":50},{"cards_removed":["Strike_G"],"damage_healed":0,"gold_gain":0,"player_choice":"Purged","damage_taken":0,"max_hp_gain":0,"max_hp_loss":0,"event_name":"Purifier","floor":3,"gold_loss":0}],"is_beta":false,"boss_relics":[],"items_purged_floors":[],"is_endless":false,"potions_floor_spawned":[6,7],"killed_by":"Exordium Wildlife","ascension_level":14}