{"gold_per_floor":[116,116,116,41,60,93,93,113,168,118,118,139,5,20,20,145,145,168,143,242,256,256,256,292,292,292,313,313,35,50,71,71,192,192,212,212,280,280,305,305,349,372,672,716,716,716,716,514,514,514,514,514,48,79,79],"floor_reached":55,"playtime":5916,"items_purged":["Injury","Strike_B","Defend_B"],"score":773,"play_id":"09aaad48-77bc-4117-a4bb-5fc28a13e3f8","local_time":"20181128185631","is_ascension_mode":false,"campfire_choices":[{"floor":7,"key":"RECALL"},{"data":"Glacier","floor":15,"key":"SMITH"},{"floor":23,"key":"REST"},{"data":"Zap","floor":25,"key":"SMITH"},{"floor":28,"key":"REST"},{"floor":32,"key":"REST"},{"data":"Defend_B","floor":40,"key":"PURGE"},{"floor":45,"key":"REST"},{"data":"Defragment","floor":47,"key":"SMITH"},{"floor":49,"key":"REST"},{"data":"Trip","floor":52,"key":"SMITH"}],"neow_cost":"NONE","seed_source_timestamp":927994793208101,"circlet_count":0,"master_deck":["Defend_B","Zap+1","Dualcast","Defragment+1","Compile Driver+1","Genetic Algorithm+1","Beam Cell","Leap","Glacier+1","Coolheaded","Machine Learning","Consume+1","Go for the Eyes+1","Scrape+1","White Noise","Gash","Glacier+1","J.A.X.","Capacitor+1","Melter+1","Cold Snap+1","Electrodynamics","Capacitor","Streamline+1","Skim+1","Gash+1","Coolheaded+1","Sunder+1","Trip+1","Stack","Conserve Battery","Loop"],"relics":["Cracked Core","NeowsBlessing","Golden Idol","Bronze Scales","Happy Flower","Astrolabe","Letter Opener","Darkstone Periapt","Meat on the Bone","Sozu","Peace Pipe","Blue Candle","Old Coin","War Paint","Anchor","HandDrill","Whetstone"],"potions_floor_usage":[16,16,16,24,24,33,37],"damage_taken":[{"damage":0,"enemies":"Jaw Worm","floor":1,"turns":1},{"damage":0,"enemies":"2 Louse","floor":5,"turns":1},{"damage":0,"enemies":"Gremlin Nob","floor":6,"turns":1},{"damage":2,"enemies":"Small Slimes","floor":8,"turns":4},{"damage":8,"enemies":"2 Fungi Beasts","floor":12,"turns":3},{"damage":2,"enemies":"3 Louse","floor":14,"turns":3},{"damage":31,"enemies":"Hexaghost","floor":16,"turns":9},{"damage":4,"enemies":"Shell Parasite","floor":18,"turns":6},{"damage":19,"enemies":"2 Thieves","floor":19,"turns":5},{"damage":11,"enemies":"Sentry and Sphere","floor":21,"turns":6},{"damage":30,"enemies":"Gremlin Leader","floor":24,"turns":9},{"damage":6,"enemies":"Shelled Parasite and Fungi","floor":27,"turns":4},{"damage":7,"enemies":"Snake Plant","floor":30,"turns":5},{"damage":3,"enemies":"Snecko","floor":31,"turns":5},{"damage":31,"enemies":"Collector","floor":33,"turns":8},{"damage":9,"enemies":"3 Shapes","floor":35,"turns":5},{"damage":33,"enemies":"2 Orb Walkers","floor":37,"turns":5},{"damage":13,"enemies":"3 Darklings","floor":39,"turns":6},{"damage":21,"enemies":"Nemesis","floor":41,"turns":11},{"damage":8,"enemies":"4 Shapes","floor":42,"turns":7},{"damage":29,"enemies":"Reptomancer","floor":44,"turns":5},{"damage":28,"enemies":"Awakened One","floor":50,"turns":16},{"damage":47,"enemies":"Shield and Spear","floor":54,"turns":8},{"damage":46,"enemies":"The Heart","floor":55,"turns":2}],"seed_played":"2577917399233247560","potions_obtained":[{"floor":1,"key":"PowerPotion"},{"floor":5,"key":"Dexterity Potion"},{"floor":8,"key":"LiquidBronze"},{"floor":16,"key":"Block Potion"},{"floor":19,"key":"Dexterity Potion"},{"floor":27,"key":"Block Potion"},{"floor":30,"key":"Dexterity Potion"}],"is_trial":false,"path_per_floor":["M","?","?","$","M","E","R","M","T","?","T","M","$","M","R","B",null,"M","M","?","M","?","R","E","R","T","M","R","$","M","M","R","B",null,"M","?","?","?","M","R","E","M","T","E","R","?","R","$","R","B",null,"R","$","E","B"],"character_chosen":"DEFECT","items_purchased":["Glacier","Meat on the Bone","Leap","Anchor","Stack","Conserve Battery","HandDrill","Loop"],"campfire_rested":5,"item_purchase_floors":[13,29,29,48,48,53,53,53],"current_hp_per_floor":[75,75,80,80,80,80,80,78,78,78,78,70,70,68,68,37,80,76,57,57,46,46,70,40,40,40,34,58,58,51,48,72,41,80,71,71,50,50,49,49,40,44,44,27,51,51,51,51,75,47,80,80,80,45,0],"gold":79,"neow_bonus":"THREE_ENEMY_KILL","is_prod":false,"is_daily":false,"chose_seed":false,"campfire_upgraded":4,"win_rate":0,"timestamp":1543449391,"path_taken":["M","?","?","$","M","E","R","M","T","?","?","M","$","M","R","BOSS","M","M","?","M","?","R","E","R","T","M","R","$","M","M","R","BOSS","M","?","?","?","?","R","E","M","T","E","R","?","R","$","R","BOSS","R","$","E","BOSS"],"build_version":"2018-11-15","purchased_purges":3,"victory":false,"max_hp_per_floor":[75,75,80,80,80,80,80,80,80,80,80,80,80,80,80,80,80,80,80,80,80,80,80,80,80,80,80,80,80,80,80,80,80,80,80,80,80,80,80,80,80,80,80,80,80,80,80,80,80,80,80,80,80,80,80],"card_choices":[{"not_picked":["Conserve Battery","Cold Snap"],"picked":"Defragment","floor":1},{"not_picked":["Undo","Stack"],"picked":"Compile Driver","floor":5},{"not_picked":["Rebound","Ball Lightning"],"picked":"Genetic Algorithm","floor":6},{"not_picked":["Gash","Stack"],"picked":"Beam Cell","floor":8},{"not_picked":["Streamline","Barrage"],"picked":"Leap","floor":12},{"not_picked":["Hello World","Multi-Cast"],"picked":"Coolheaded","floor":14},{"not_picked":["Multi-Cast","Reboot"],"picked":"Machine Learning","floor":16},{"not_picked":["Rebound","Beam Cell"],"picked":"White Noise","floor":18},{"not_picked":["Compile Driver+1","Barrage"],"picked":"Gash","floor":19},{"not_picked":["Redo","Undo"],"picked":"Glacier","floor":21},{"not_picked":["Skim","Turbo","Static Discharge"],"picked":"SKIP","floor":24},{"not_picked":["Sweeping Beam","Glacier"],"picked":"Capacitor+1","floor":27},{"not_picked":["Rebound","Cold Snap+1"],"picked":"Melter+1","floor":30},{"not_picked":["Turbo","Auto Shields"],"picked":"Cold Snap","floor":31},{"not_picked":["Multi-Cast","Biased Cognition"],"picked":"Electrodynamics","floor":33},{"not_picked":["Barrage+1","Self Repair+1"],"picked":"Capacitor","floor":35},{"not_picked":["Go for the Eyes+1","Turbo+1"],"picked":"Streamline","floor":37},{"not_picked":["Redo","Go for the Eyes+1"],"picked":"Skim+1","floor":39},{"not_picked":["Cold Snap+1","Heatsinks"],"picked":"Gash+1","floor":41},{"not_picked":["Reinforced Body","Auto Shields"],"picked":"Coolheaded+1","floor":42},{"not_picked":["Cold Snap+1","Go for the Eyes+1"],"picked":"Sunder+1","floor":44},{"not_picked":["Good Instincts","Deep Breath"],"picked":"Trip","floor":46},{"not_picked":["Sweeping Beam+1","Stack","Go for the Eyes"],"picked":"SKIP","floor":54}],"player_experience":1757977,"relics_obtained":[{"floor":6,"key":"Bronze Scales"},{"floor":9,"key":"Happy Flower"},{"floor":24,"key":"Letter Opener"},{"floor":26,"key":"Darkstone Periapt"},{"floor":37,"key":"Peace Pipe"},{"floor":41,"key":"Blue Candle"},{"floor":43,"key":"Old Coin"},{"floor":44,"key":"War Paint"},{"floor":54,"key":"Whetstone"}],"event_choices":[{"damage_healed":0,"gold_gain":0,"player_choice":"Take Wound","damage_taken":0,"relics_obtained":["Golden Idol"],"max_hp_gain":0,"max_hp_loss":0,"event_name":"Golden Idol","floor":2,"gold_loss":0,"cards_obtained":["Injury"]},{"damage_healed":0,"gold_gain":0,"player_choice":"Donut","damage_taken":0,"max_hp_gain":5,"max_hp_loss":0,"event_name":"Big Fish","floor":3,"gold_loss":0},{"cards_removed":["Strike_B"],"damage_healed":0,"gold_gain":0,"player_choice":"Card Removal","damage_taken":0,"max_hp_gain":0,"max_hp_loss":0,"event_name":"The Cleric","floor":10,"gold_loss":50},{"damage_healed":0,"gold_gain":99,"player_choice":"Stole From Cult","damage_taken":0,"max_hp_gain":0,"max_hp_loss":0,"event_name":"Nest","floor":20,"gold_loss":0},{"damage_healed":0,"gold_gain":0,"player_choice":"Obtain J.A.X.","damage_taken":0,"max_hp_gain":0,"max_hp_loss":0,"event_name":"Drug Dealer","floor":22,"gold_loss":0,"cards_obtained":["J.A.X."]},{"cards_removed":["Leap"],"damage_healed":0,"gold_gain":0,"player_choice":"Removed Skill","damage_taken":0,"max_hp_gain":0,"max_hp_loss":0,"event_name":"Falling","floor":36,"gold_loss":0},{"damage_healed":0,"gold_gain":0,"player_choice":"Fight","damage_taken":0,"max_hp_gain":0,"max_hp_loss":0,"event_name":"Mysterious Sphere","floor":37,"gold_loss":0},{"damage_healed":0,"gold_gain":0,"player_choice":"Upgraded","damage_taken":0,"max_hp_gain":0,"max_hp_loss":0,"event_name":"Upgrade Shrine","floor":38,"gold_loss":0,"cards_upgraded":["Streamline"]},{"damage_healed":0,"gold_gain":0,"player_choice":"Memory 1","damage_taken":0,"max_hp_gain":0,"max_hp_loss":0,"event_name":"SensoryStone","floor":46,"gold_loss":0}],"is_beta":false,"boss_relics":[{"not_picked":["Busted Crown","Runic Dome"],"picked":"Astrolabe"},{"not_picked":["Tiny House","Pandora\u0027s Box"],"picked":"Sozu"}],"items_purged_floors":[4,13,53],"is_endless":false,"potions_floor_spawned":[1,5,8,16,19,27,30,35,42],"killed_by":"The Heart","ascension_level":0}