{"path_per_floor":["M","?","$","M","M","R","?","$","T","M","M","?","$","M","R","B",null,"M","?","?","M","$","R","M","?","T","?","R","M","M","M","R","B",null,"M","?","M"],"character_chosen":"DEFECT","items_purchased":["Capacitor","Cold Snap","Toxic Egg 2","Electrodynamics","Loop"],"gold_per_floor":[109,109,23,33,46,46,46,46,346,361,375,375,46,58,58,157,157,176,176,176,194,48,48,64,64,113,113,113,124,144,162,162,262,262,275,325,341,341],"floor_reached":38,"campfire_rested":3,"playtime":2473,"item_purchase_floors":[3,3,13,13,22],"current_hp_per_floor":[62,67,67,67,62,62,62,62,62,53,50,47,47,36,60,44,71,41,41,41,41,41,65,45,71,71,71,71,51,32,22,46,30,68,46,24,4,0],"items_purged":["Strike_B"],"gold":341,"score":478,"play_id":"5fd25687-b1a9-4e1e-8639-48e32f3d155e","local_time":"20180616222927","is_prod":false,"is_daily":false,"chose_seed":false,"is_ascension_mode":true,"campfire_upgraded":2,"win_rate":0,"timestamp":1529202567,"campfire_choices":[{"data":"Zap","floor":6,"key":"SMITH"},{"floor":15,"key":"REST"},{"floor":23,"key":"REST"},{"data":"Creative AI","floor":28,"key":"SMITH"},{"floor":32,"key":"REST"}],"path_taken":["M","?","$","?","M","R","?","?","T","?","M","?","$","M","R","BOSS","M","?","?","?","$","R","M","?","T","?","R","M","M","M","R","BOSS","M","?","M","?"],"build_version":"2018-06-14v2","seed_source_timestamp":239425141700885,"purchased_purges":1,"victory":false,"master_deck":["Strike_B","Strike_B","Defend_B","Defend_B","Defend_B","Defend_B","Zap+1","Dualcast","Conserve Battery","Capacitor","Cold Snap","Go for the Eyes","Electrodynamics","Hologram+1","Chill+1","Creative AI+1","Defragment","Loop","Streamline","Barrage","Tempest+1","Electrodynamics"],"max_hp_per_floor":[75,80,80,80,80,80,80,80,80,80,80,80,80,80,80,80,80,80,80,80,80,80,80,80,80,80,80,80,80,80,80,80,80,80,80,80,80,80],"relics":["Busted Crown","Old Coin","Dream Catcher","Toxic Egg 2","Lizard Tail","Pen Nib","Thread and Needle"],"card_choices":[{"not_picked":[],"picked":"Conserve Battery","floor":1},{"not_picked":["Go for the Eyes"],"picked":"SKIP","floor":4},{"not_picked":[],"picked":"Go for the Eyes","floor":5},{"not_picked":["Barrage"],"picked":"SKIP","floor":10},{"not_picked":["Rebound"],"picked":"SKIP","floor":11},{"not_picked":[],"picked":"Hologram+1","floor":14},{"not_picked":[],"picked":"Chill+1","floor":15},{"not_picked":[],"picked":"Creative AI","floor":16},{"not_picked":["Sweeping Beam"],"picked":"SKIP","floor":18},{"not_picked":["Lockon+1"],"picked":"SKIP","floor":21},{"not_picked":[],"picked":"Streamline","floor":23},{"not_picked":[],"picked":"Barrage","floor":24},{"not_picked":["Double Energy+1"],"picked":"SKIP","floor":29},{"not_picked":["Steam Power+1"],"picked":"SKIP","floor":30},{"not_picked":[],"picked":"Tempest+1","floor":31},{"not_picked":[],"picked":"Electrodynamics","floor":33},{"not_picked":["Stack+1"],"picked":"SKIP","floor":35},{"not_picked":["Gash+1"],"picked":"SKIP","floor":37}],"player_experience":607921,"potions_floor_usage":[14,16,16,16,24,31,33,33],"damage_taken":[{"damage":6,"enemies":"Jaw Worm","floor":1,"turns":4},{"damage":0,"enemies":"2 Louse","floor":4,"turns":3},{"damage":5,"enemies":"Small Slimes","floor":5,"turns":4},{"damage":9,"enemies":"Red Slaver","floor":10,"turns":5},{"damage":3,"enemies":"Large Slime","floor":11,"turns":6},{"damage":20,"enemies":"Gremlin Gang","floor":14,"turns":3},{"damage":16,"enemies":"The Guardian","floor":16,"turns":14},{"damage":30,"enemies":"Spheric Guardian","floor":18,"turns":6},{"damage":0,"enemies":"3 Byrds","floor":21,"turns":2},{"damage":20,"enemies":"Centurion and Healer","floor":24,"turns":7},{"damage":20,"enemies":"Cultist and Chosen","floor":29,"turns":6},{"damage":19,"enemies":"Sentry and Sphere","floor":30,"turns":6},{"damage":10,"enemies":"Centurion and Healer","floor":31,"turns":5},{"damage":60,"enemies":"Collector","floor":33,"turns":9},{"damage":22,"enemies":"3 Darklings","floor":35,"turns":4},{"damage":22,"floor":36,"turns":4},{"damage":20,"enemies":"3 Shapes","floor":37,"turns":4},{"damage":6,"enemies":"Maw","floor":38,"turns":4}],"relics_obtained":[{"floor":9,"key":"Old Coin"},{"floor":26,"key":"Pen Nib"},{"floor":36,"key":"Thread and Needle"}],"event_choices":[{"event_name":"Big Fish","player_choice":"Donut","floor":2,"damage_taken":0},{"event_name":"The Lab","player_choice":"Got Potions","floor":7,"damage_taken":0},{"event_name":"Scrap Ooze","player_choice":"success","floor":12,"damage_taken":3},{"event_name":"Drug Dealer","player_choice":"Ignored","floor":19,"damage_taken":0},{"event_name":"Transmorgrifier","player_choice":"Transform","floor":20,"damage_taken":0},{"event_name":"The Library","player_choice":"Heal","floor":25,"damage_taken":0},{"event_name":"N\u0027loth","player_choice":"Ignored","floor":27,"damage_taken":0},{"event_name":"Mysterious Sphere","player_choice":"Fight","floor":36,"damage_taken":0}],"boss_relics":[{"not_picked":["Runic Pyramid","Eternal Feather"],"picked":"Lizard Tail"},{"not_picked":["Black Star","Velvet Choker","Fusion Hammer"]}],"items_purged_floors":[22],"is_endless":false,"potions_floor_spawned":[14,16,21,29,30,33,36],"seed_played":"-241756262193248800","killed_by":"Maw","ascension_level":6,"potions_obtained":[{"floor":7,"key":"PowerPotion"},{"floor":7,"key":"SkillPotion"},{"floor":7,"key":"Regen Potion"},{"floor":14,"key":"Explosive Potion"},{"floor":16,"key":"Swift Potion"},{"floor":21,"key":"Poison Potion"},{"floor":29,"key":"SkillPotion"},{"floor":30,"key":"SkillPotion"},{"floor":33,"key":"Ancient Potion"},{"floor":36,"key":"FearPotion"}],"is_trial":false}