{"gold_per_floor":[118,118,118,118,43,43,70,70,70,82,110,123,153,7,7,79,79,91,120,45,64,83,83,95,120,120,120,25,25,25,40,40,40],"floor_reached":33,"playtime":1273,"items_purged":["Strike_R"],"score":543,"play_id":"0563c2a1-5bd5-4ab9-ab59-3abb3d962a03","local_time":"20190209154733","is_ascension_mode":true,"campfire_choices":[{"data":"Sever Soul","floor":6.0,"key":"SMITH"},{"data":"Barricade","floor":8.0,"key":"SMITH"},{"floor":15.0,"key":"REST"},{"floor":23.0,"key":"REST"},{"data":"Demon Form","floor":27,"key":"SMITH"},{"floor":32,"key":"REST"}],"neow_cost":"NONE","seed_source_timestamp":1489896869595725,"circlet_count":0,"master_deck":["AscendersBane","Strike_R","Strike_R","Strike_R","Defend_R+1","Defend_R","Defend_R+1","Defend_R","Bash+1","Sever Soul+1","Barricade+1","Battle Trance","Shrug It Off","Double Tap","Demon Form+1","Thunderclap","Dual Wield","Finesse","Whirlwind"],"special_seed":0,"relics":["Burning Blood","NeowsBlessing","Singing Bowl","Mummified Hand","Pear","Meat on the Bone","Blood Vial","Pen Nib","Runic Dome","Red Mask","Ice Cream","Mercury Hourglass"],"potions_floor_usage":[29,29],"damage_taken":[{"damage":0.0,"enemies":"Jaw Worm","floor":1.0,"turns":1.0},{"damage":0.0,"enemies":"3 Sentries","floor":7.0,"turns":2.0},{"damage":0.0,"enemies":"2 Louse","floor":10.0,"turns":1.0},{"damage":26.0,"enemies":"Gremlin Nob","floor":11.0,"turns":4.0},{"damage":8.0,"enemies":"Small Slimes","floor":12.0,"turns":4.0},{"damage":63.0,"enemies":"Slime Boss","floor":16.0,"turns":16.0},{"damage":1.0,"enemies":"Shell Parasite","floor":18.0,"turns":5.0},{"damage":30.0,"enemies":"Masked Bandits","floor":19.0,"turns":5.0},{"damage":16.0,"enemies":"Spheric Guardian","floor":21.0,"turns":4.0},{"damage":16.0,"enemies":"3 Cultists","floor":22.0,"turns":5.0},{"damage":10.0,"enemies":"Chosen and Byrds","floor":24.0,"turns":5.0},{"damage":42,"enemies":"Book of Stabbing","floor":25,"turns":4},{"damage":14,"enemies":"Colosseum Slavers","floor":29,"turns":3},{"damage":11,"enemies":"Centurion and Healer","floor":31,"turns":5},{"damage":78,"enemies":"Collector","floor":33,"turns":8}],"seed_played":"-3694800578055423514","potions_obtained":[{"floor":10.0,"key":"Energy Potion"},{"floor":11.0,"key":"Regen Potion"},{"floor":16.0,"key":"Fire Potion"},{"floor":21.0,"key":"Explosive Potion"},{"floor":22.0,"key":"Swift Potion"},{"floor":25,"key":"SkillPotion"}],"is_trial":false,"path_per_floor":["M","?","?","?","$","R","E","R","T","M","E","M","?","$","R","B",null,"M","?","?","M","M","R","M","E","T","R","$","?","?","M","R","B"],"character_chosen":"IRONCLAD","items_purchased":["Pen Nib","Finesse"],"campfire_rested":3,"item_purchase_floors":[14,28],"current_hp_per_floor":[74,51,25,25,25,25,31,31,41,47,27,51,51,51,77,34,74,83,63,63,57,61,88,86,64,64,64,64,58,30,39,68,0],"gold":40,"neow_bonus":"THREE_ENEMY_KILL","is_prod":false,"is_daily":false,"chose_seed":false,"campfire_upgraded":3,"win_rate":0,"timestamp":1549694853,"path_taken":["M","?","?","?","?","R","E","R","T","?","E","M","?","$","R","BOSS","M","?","?","M","M","R","M","E","T","R","$","?","?","M","R","BOSS"],"build_version":"2019-01-23","purchased_purges":1,"victory":false,"max_hp_per_floor":[75,75,75,75,75,75,75,75,85,85,85,87,87,87,87,87,87,89,91,91,93,93,93,93,93,93,93,93,93,98,98,98,98],"card_choices":[{"not_picked":["Perfected Strike","Armaments"],"picked":"Sever Soul","floor":1.0},{"not_picked":["Body Slam","Perfected Strike"],"picked":"Barricade","floor":7.0},{"not_picked":["Reckless Charge","Corruption"],"picked":"Battle Trance","floor":10.0},{"not_picked":["Havoc","Perfected Strike"],"picked":"Shrug It Off","floor":11.0},{"not_picked":["Pommel Strike","Corruption","Twin Strike"],"picked":"Singing Bowl","floor":12.0},{"not_picked":["Demon Form","Juggernaut"],"picked":"Double Tap","floor":16.0},{"not_picked":["Headbutt","Iron Wave","Perfected Strike"],"picked":"Singing Bowl","floor":18.0},{"not_picked":["Fiend Fire","Perfected Strike","Sword Boomerang"],"picked":"Singing Bowl","floor":19.0},{"not_picked":["Clothesline","Body Slam","Heavy Blade"],"picked":"Singing Bowl","floor":21.0},{"not_picked":["Sever Soul","Clothesline"],"picked":"Demon Form","floor":22.0},{"not_picked":["Evolve","Twin Strike"],"picked":"Thunderclap","floor":24.0},{"not_picked":["Twin Strike","Battle Trance"],"picked":"Dual Wield","floor":25},{"not_picked":["Body Slam","Sword Boomerang"],"picked":"Whirlwind","floor":31}],"player_experience":503128,"relics_obtained":[{"floor":7.0,"key":"Mummified Hand"},{"floor":9.0,"key":"Pear"},{"floor":11.0,"key":"Meat on the Bone"},{"floor":19.0,"key":"Red Mask"},{"floor":25,"key":"Ice Cream"},{"floor":26,"key":"Mercury Hourglass"}],"event_choices":[{"damage_healed":0.0,"max_hp_gain":0.0,"max_hp_loss":0.0,"gold_gain":0.0,"event_name":"Shining Light","player_choice":"Entered Light","floor":2.0,"gold_loss":0.0,"damage_taken":23.0,"cards_upgraded":["Defend_R","Defend_R"]},{"damage_healed":0.0,"max_hp_gain":0.0,"max_hp_loss":0.0,"gold_gain":0.0,"event_name":"Scrap Ooze","player_choice":"Success","floor":3.0,"gold_loss":0.0,"damage_taken":26.0,"relics_obtained":["Singing Bowl"]},{"damage_healed":0.0,"max_hp_gain":0.0,"max_hp_loss":0.0,"gold_gain":0.0,"event_name":"Living Wall","player_choice":"Grow","floor":4.0,"gold_loss":0.0,"damage_taken":0.0,"cards_upgraded":["Bash"]},{"damage_healed":0.0,"max_hp_gain":0.0,"max_hp_loss":0.0,"gold_gain":30.0,"event_name":"Dead Adventurer","player_choice":"Searched \u00272\u0027 times","floor":13.0,"gold_loss":0.0,"damage_taken":0.0,"relics_obtained":["Blood Vial"]},{"damage_healed":0.0,"max_hp_gain":0.0,"max_hp_loss":0.0,"gold_gain":0.0,"event_name":"Masked Bandits","player_choice":"Fought Bandits","floor":19.0,"gold_loss":0.0,"damage_taken":0.0},{"cards_removed":["Strike_R"],"damage_healed":0.0,"max_hp_gain":0.0,"max_hp_loss":0.0,"gold_gain":0.0,"event_name":"Beggar","player_choice":"Gave Gold","floor":20.0,"gold_loss":75.0,"damage_taken":0.0},{"damage_healed":0,"gold_gain":0,"player_choice":"Fight","damage_taken":0,"max_hp_gain":0,"max_hp_loss":0,"event_name":"Colosseum","floor":29,"gold_loss":0},{"damage_healed":0,"gold_gain":0,"player_choice":"Fled From Nobs","damage_taken":0,"max_hp_gain":0,"max_hp_loss":0,"event_name":"Colosseum","floor":29,"gold_loss":0},{"damage_healed":0,"gold_gain":0,"player_choice":"Shed Blood","damage_taken":33,"max_hp_gain":5,"max_hp_loss":0,"event_name":"Forgotten Altar","floor":30,"gold_loss":0}],"is_beta":false,"boss_relics":[{"not_picked":["Tiny House","Calling Bell"],"picked":"Runic Dome"}],"items_purged_floors":[5],"is_endless":false,"potions_floor_spawned":[10,11,16,21,22,25,29],"killed_by":"Collector","ascension_level":15}