{"gold_per_floor":[116,116,116,134,5,5,34,34,34,47,58,58,58,74,74,147,147,163,12,0,15,31,31,64,64,141,161,161],"floor_reached":28,"playtime":1032,"items_purged":["Strike_B","Defend_B"],"score":417,"play_id":"59a4381e-658a-4dc1-9058-c1f131b2c244","local_time":"20181021215650","is_ascension_mode":true,"campfire_choices":[{"floor":6,"key":"REST"},{"data":"Strike_B","floor":8,"key":"PURGE"},{"data":"Strike_B","floor":12,"key":"PURGE"},{"floor":15,"key":"REST"},{"floor":23,"key":"REST"},{"floor":25,"key":"REST"}],"neow_cost":"NONE","seed_source_timestamp":1016366921986716,"circlet_count":0,"master_deck":["Defend_B","Defend_B","Defend_B","AscendersBane","Gash","Gash","Streamline","Go for the Eyes","Gash","Go for the Eyes","Skim","Hyperbeam","Hologram","Leap","Chill","Beam Cell+1","All For One"],"relics":["Cracked Core","Peace Pipe","Frozen Egg 2","Empty Cage","Mummified Hand","Bottled Flame"],"potions_floor_usage":[7,16,18,24],"damage_taken":[{"damage":4,"enemies":"Jaw Worm","floor":1,"turns":3},{"damage":8,"enemies":"Small Slimes","floor":4,"turns":3},{"damage":20,"enemies":"Lagavulin","floor":7,"turns":5},{"damage":1,"enemies":"Cultist","floor":10,"turns":3},{"damage":28,"enemies":"Exordium Wildlife","floor":11,"turns":5},{"damage":3,"enemies":"Large Slime","floor":14,"turns":3},{"damage":19,"enemies":"Hexaghost","floor":16,"turns":8},{"damage":15,"enemies":"Shell Parasite","floor":18,"turns":4},{"damage":8,"enemies":"Spheric Guardian","floor":21,"turns":3},{"damage":20,"enemies":"Centurion and Healer","floor":22,"turns":5},{"damage":49,"enemies":"Book of Stabbing","floor":24,"turns":5},{"damage":18,"enemies":"Snecko","floor":27,"turns":3},{"damage":9,"enemies":"Snake Plant","floor":28,"turns":1}],"seed_played":"7791928760963286011","potions_obtained":[{"floor":4,"key":"FearPotion"},{"floor":14,"key":"Swift Potion"},{"floor":16,"key":"Swift Potion"},{"floor":18,"key":"LiquidBronze"}],"is_trial":false,"path_per_floor":["M","?","?","M","$","R","E","R","T","M","M","R","$","M","R","B",null,"M","$","?","M","M","R","E","R","T","M"],"character_chosen":"DEFECT","items_purchased":["Streamline","Leap"],"campfire_rested":4,"item_purchase_floors":[5,19],"current_hp_per_floor":[67,60,65,57,57,81,61,61,61,60,32,32,32,29,53,34,71,56,56,56,48,28,52,3,27,27,9,0],"gold":161,"neow_bonus":"TEN_PERCENT_HP_BONUS","is_prod":false,"is_daily":false,"chose_seed":false,"campfire_upgraded":0,"win_rate":0,"timestamp":1540173410,"path_taken":["M","?","?","M","$","R","E","R","T","M","M","R","$","M","R","BOSS","M","$","?","?","M","R","E","R","T","M","M"],"build_version":"2018-10-18","purchased_purges":2,"victory":false,"max_hp_per_floor":[78,78,83,83,83,83,83,83,83,83,83,83,83,83,83,83,83,83,83,83,83,83,83,83,83,83,83,83],"card_choices":[{"not_picked":["Hologram","Streamline"],"picked":"Gash","floor":1},{"not_picked":["Leap","Turbo"],"picked":"Gash","floor":4},{"not_picked":["Chill","Hello World"],"picked":"Go for the Eyes","floor":7},{"not_picked":["Heatsinks+1","Go for the Eyes"],"picked":"Gash","floor":10},{"not_picked":["Turbo","Ball Lightning"],"picked":"Go for the Eyes","floor":11},{"not_picked":["Sweeping Beam","Force Field"],"picked":"Skim","floor":14},{"not_picked":["Meteor Strike","Rainbow"],"picked":"Hyperbeam","floor":16},{"not_picked":["Reprogram","Genetic Algorithm"],"picked":"Hologram","floor":18},{"not_picked":["Ball Lightning","Darkness"],"picked":"Chill","floor":21},{"not_picked":["Storm+1","Fusion"],"picked":"Beam Cell+1","floor":22},{"not_picked":["Barrage+1","Defragment+1"],"picked":"All For One","floor":24},{"not_picked":["Compile Driver","Redo","Undo"],"picked":"SKIP","floor":27}],"player_experience":1555034,"relics_obtained":[{"floor":7,"key":"Peace Pipe"},{"floor":9,"key":"Frozen Egg 2"},{"floor":24,"key":"Mummified Hand"},{"floor":26,"key":"Bottled Flame"}],"event_choices":[{"cards_removed":["Strike_B"],"damage_healed":0,"gold_gain":0,"player_choice":"Card Removal","damage_taken":7,"max_hp_gain":0,"max_hp_loss":0,"event_name":"Golden Wing","floor":2,"gold_loss":0},{"damage_healed":0,"gold_gain":0,"player_choice":"Donut","damage_taken":0,"max_hp_gain":5,"max_hp_loss":0,"event_name":"Big Fish","floor":3,"gold_loss":0},{"damage_healed":0,"gold_gain":0,"player_choice":"Paid Fearfully","damage_taken":0,"max_hp_gain":0,"max_hp_loss":0,"event_name":"Masked Bandits","floor":20,"gold_loss":12}],"is_beta":false,"boss_relics":[{"not_picked":["White Beast Statue","Velvet Choker"],"picked":"Empty Cage"}],"items_purged_floors":[5,19],"is_endless":false,"potions_floor_spawned":[4,14,16,18],"killed_by":"Snake Plant","ascension_level":15}