{"gold_per_floor":[114,23,40,40,58,86,86,86,386,442,442,461,474,493,493,596,596,608,608,608,523,16,16,28,40,40,40,40,68,68,144,144,144],"floor_reached":33,"playtime":1052,"items_purged":["Warcry"],"score":292,"play_id":"5eadaa86-ef01-4322-b4a4-f5d1c649f273","local_time":"20181016003055","is_ascension_mode":true,"campfire_choices":[{"data":"True Grit","floor":7,"key":"SMITH"},{"floor":15,"key":"REST"},{"data":"Flame Barrier","floor":23,"key":"SMITH"},{"floor":27,"key":"REST"},{"floor":32,"key":"REST"}],"neow_cost":"NONE","seed_source_timestamp":84273224322132,"circlet_count":0,"master_deck":["Strike_R","Strike_R","Strike_R","Strike_R","Defend_R","Defend_R","Defend_R","Defend_R","Bash+1","Anger","Hemokinesis","Corruption","Twin Strike","True Grit+1","Inflame","Searing Blow","Iron Wave","Immolate","Thunderclap","Flame Barrier+1","Rampage","Shrug It Off","Seeing Red","Ghostly Armor"],"relics":["Burning Blood","Incense Burner","Juzu Bracelet","Old Coin","Runic Cube","Question Card","Strawberry","Membership Card","Boot","Anchor","Ornamental Fan"],"potions_floor_usage":[6,6,14,19,33],"damage_taken":[{"damage":1,"enemies":"Cultist","floor":1,"turns":3},{"damage":7,"enemies":"Jaw Worm","floor":3,"turns":3},{"damage":10,"enemies":"2 Louse","floor":5,"turns":4},{"damage":19,"enemies":"Lagavulin","floor":6,"turns":3},{"damage":6,"enemies":"2 Fungi Beasts","floor":12,"turns":3},{"damage":12,"enemies":"Red Slaver","floor":13,"turns":3},{"damage":15,"enemies":"Gremlin Gang","floor":14,"turns":5},{"damage":59,"enemies":"The Guardian","floor":16,"turns":10},{"damage":14,"enemies":"3 Byrds","floor":18,"turns":4},{"damage":7,"enemies":"Shell Parasite","floor":19,"turns":3},{"damage":22,"enemies":"Snecko","floor":24,"turns":4},{"damage":34,"enemies":"Shelled Parasite and Fungi","floor":25,"turns":7},{"damage":44,"enemies":"Gremlin Leader","floor":29,"turns":9},{"damage":44,"enemies":"Automaton","floor":33,"turns":8}],"seed_played":"835597643493352619","potions_obtained":[{"floor":3,"key":"Strength Potion"},{"floor":5,"key":"Regen Potion"},{"floor":13,"key":"Energy Potion"},{"floor":18,"key":"SmokeBomb"},{"floor":29,"key":"Weak Potion"}],"is_trial":false,"path_per_floor":["M","$","M","?","M","E","R","?","T","?","?","M","M","M","R","B",null,"M","M","?","?","$","R","M","M","T","R","?","E","?","T","R"],"character_chosen":"IRONCLAD","items_purchased":["Hemokinesis","Warcry","Flame Barrier","Strawberry","Membership Card","Rampage"],"campfire_rested":3,"item_purchase_floors":[2,2,22,22,22,22],"current_hp_per_floor":[80,80,79,79,75,62,62,59,59,59,59,59,53,44,68,15,80,72,71,71,71,78,78,62,34,34,60,52,14,14,14,40,0],"gold":144,"neow_bonus":"UPGRADE_CARD","is_prod":false,"is_daily":false,"chose_seed":false,"campfire_upgraded":2,"win_rate":0,"timestamp":1539667855,"path_taken":["M","?","M","?","M","E","R","?","T","?","?","M","M","M","R","BOSS","M","M","?","?","$","R","M","M","T","R","?","E","?","?","R","BOSS"],"build_version":"2018-10-11","purchased_purges":1,"victory":false,"max_hp_per_floor":[80,80,80,80,80,80,80,80,80,80,80,80,80,80,80,80,80,80,80,80,80,87,87,87,87,87,87,87,87,87,87,87,87],"card_choices":[{"not_picked":["Armaments","Shrug It Off"],"picked":"Anger","floor":1},{"not_picked":["Reckless Charge","Twin Strike"],"picked":"Corruption","floor":3},{"not_picked":["Corruption","Sword Boomerang"],"picked":"Twin Strike","floor":5},{"not_picked":["Carnage","Hemokinesis"],"picked":"True Grit","floor":6},{"not_picked":["Shockwave","Iron Wave"],"picked":"Inflame","floor":12},{"not_picked":["Second Wind","Flex"],"picked":"Searing Blow","floor":13},{"not_picked":["Perfected Strike","Barricade"],"picked":"Iron Wave","floor":14},{"not_picked":["Bludgeon","Barricade"],"picked":"Immolate","floor":16},{"not_picked":["Sword Boomerang","Perfected Strike"],"picked":"Thunderclap","floor":18},{"not_picked":["Body Slam","Burning Pact+1","Fire Breathing"],"picked":"Shrug It Off","floor":24},{"not_picked":["Dropkick+1","Headbutt","Clash+1"],"picked":"Seeing Red","floor":25},{"not_picked":["Armaments","Body Slam","Reaper"],"picked":"Ghostly Armor","floor":29}],"player_experience":420980,"relics_obtained":[{"floor":6,"key":"Incense Burner"},{"floor":9,"key":"Old Coin"},{"floor":26,"key":"Boot"},{"floor":29,"key":"Anchor"},{"floor":31,"key":"Ornamental Fan"}],"event_choices":[{"event_name":"Purifier","player_choice":"One Purge","floor":4,"damage_taken":0},{"event_name":"Scrap Ooze","player_choice":"success","floor":8,"damage_taken":3},{"event_name":"Golden Wing","player_choice":"Gained Gold","floor":10,"damage_taken":0},{"event_name":"Shining Light","player_choice":"Ignored","floor":11,"damage_taken":0},{"event_name":"Vampires","player_choice":"Ignored","floor":20,"damage_taken":0},{"event_name":"Addict","player_choice":"Obtained Relic","floor":21,"damage_taken":0},{"event_name":"Wheel of Change","player_choice":"Damage","floor":28,"damage_taken":0},{"event_name":"Ghosts","player_choice":"Ignored","floor":30,"damage_taken":0}],"is_beta":true,"boss_relics":[{"not_picked":["Sozu","Coffee Dripper"],"picked":"Runic Cube"}],"items_purged_floors":[22],"is_endless":false,"potions_floor_spawned":[3,5,13,18,29],"killed_by":"Automaton","ascension_level":2}