{"gold_per_floor":[117,133,133,153,172,172,172,207,207,207,233,233,233,245,245,317,317,327,327,345,360,285,285,304,304,304,18,30,30,30,30,30,107,107,120,137,137,153,153,153,167,186,186,197,39,53,53,67,67,67],"floor_reached":51,"playtime":2522,"items_purged":["Defend_B","Strike_B"],"score":1239,"play_id":"8915ec4c-3b55-4bb7-8985-5ce2dbad7f09","local_time":"20190210010826","is_ascension_mode":true,"campfire_choices":[{"data":"Buffer","floor":6.0,"key":"SMITH"},{"data":"White Noise","floor":10.0,"key":"SMITH"},{"data":"Zap","floor":13.0,"key":"SMITH"},{"data":"Streamline","floor":15.0,"key":"SMITH"},{"floor":23,"key":"REST"},{"data":"Sunder","floor":25,"key":"SMITH"},{"data":"Beam Cell","floor":29,"key":"SMITH"},{"floor":32,"key":"REST"},{"data":"Conserve Battery","floor":40,"key":"SMITH"},{"floor":49,"key":"REST"}],"neow_cost":"PERCENT_DAMAGE","seed_source_timestamp":0,"circlet_count":0,"master_deck":["AscendersBane","Defend_B","Defend_B","Zap+1","Dualcast","Buffer+1","Streamline+1","Genetic Algorithm","Sweeping Beam","White Noise+1","Conserve Battery+1","Core Surge","Beam Cell+1","Sunder+1","FTL","Self Repair","Cold Snap","Master of Strategy","Biased Cognition","Steam+1","Coolheaded+1","Cold Snap+1","Genetic Algorithm","Cold Snap+1","Ball Lightning+1"],"special_seed":0,"relics":["Cracked Core","Emotion Chip","StoneCalendar","Orichalcum","Velvet Choker","Strawberry","Empty Cage","Molten Egg 2"],"potions_floor_usage":[33,38,46,48],"damage_taken":[{"damage":0.0,"enemies":"Small Slimes","floor":1.0,"turns":4.0},{"damage":0.0,"enemies":"Jaw Worm","floor":2.0,"turns":3.0},{"damage":9.0,"enemies":"2 Louse","floor":4.0,"turns":3.0},{"damage":1.0,"enemies":"Looter","floor":5.0,"turns":4.0},{"damage":0.0,"enemies":"Lagavulin","floor":8.0,"turns":6.0},{"damage":3.0,"enemies":"Gremlin Gang","floor":14.0,"turns":4.0},{"damage":18.0,"enemies":"Slime Boss","floor":16.0,"turns":7.0},{"damage":13.0,"enemies":"2 Thieves","floor":18.0,"turns":4.0},{"damage":15,"enemies":"Spheric Guardian","floor":20,"turns":4},{"damage":14,"enemies":"Snake Plant","floor":21,"turns":4},{"damage":6,"enemies":"3 Cultists","floor":24,"turns":5},{"damage":0,"enemies":"Centurion and Healer","floor":28,"turns":5},{"damage":68,"enemies":"Champ","floor":33,"turns":12},{"damage":5,"enemies":"3 Shapes","floor":35,"turns":4},{"damage":4,"enemies":"Orb Walker","floor":36,"turns":3},{"damage":23,"enemies":"Spire Growth","floor":38,"turns":5},{"damage":0,"enemies":"Maw","floor":41,"turns":7},{"damage":8,"enemies":"4 Shapes","floor":42,"turns":6},{"damage":6,"enemies":"Sphere and 2 Shapes","floor":44,"turns":5},{"damage":6,"enemies":"3 Darklings","floor":46,"turns":4},{"damage":0,"enemies":"Spire Growth","floor":48,"turns":5},{"damage":65,"enemies":"Time Eater","floor":50,"turns":13}],"seed_played":"-2718450539678016300","potions_obtained":[{"floor":2.0,"key":"PowerPotion"},{"floor":4.0,"key":"EssenceOfSteel"},{"floor":16.0,"key":"Swift Potion"},{"floor":28,"key":"FearPotion"},{"floor":33,"key":"GamblersBrew"},{"floor":35,"key":"Swift Potion"},{"floor":41,"key":"FearPotion"}],"is_trial":false,"path_per_floor":["M","M","?","M","M","R","?","E","T","R","T","?","R","M","R","B",null,"M","?","M","M","?","R","M","R","T","$","M","R","?","$","R","B",null,"M","M","$","M","?","R","M","M","T","M","$","M","$","M","R","B",null],"character_chosen":"DEFECT","items_purchased":["Master of Strategy","Cold Snap+1"],"campfire_rested":3,"item_purchase_floors":[27,45],"current_hp_per_floor":[46,46,51,42,41,41,41,41,41,41,41,41,41,38,38,20,62,49,49,34,20,20,42,43,43,50,50,57,57,57,57,81,20,67,69,65,65,49,49,49,56,55,55,56,56,57,57,64,83,25],"gold":67,"neow_bonus":"THREE_RARE_CARDS","is_prod":false,"is_daily":false,"chose_seed":false,"campfire_upgraded":7,"win_rate":0,"timestamp":1549782506,"path_taken":["M","M","?","M","M","R","?","E","T","R","?","?","R","M","R","BOSS","M","?","?","M","?","R","M","R","T","?","M","R","?","$","R","BOSS","M","M","$","M","?","R","?","M","T","M","$","M","?","M","R","BOSS"],"build_version":"2019-02-06","purchased_purges":2,"victory":true,"max_hp_per_floor":[71,71,76,76,76,76,76,76,76,76,76,76,76,76,76,76,76,76,76,76,76,76,76,76,76,83,83,83,83,83,83,83,83,83,83,83,83,83,83,83,83,83,83,83,83,83,83,83,83,83],"card_choices":[{"not_picked":["Amplify","All For One"],"picked":"Buffer","floor":0.0},{"not_picked":["Hologram","Skim"],"picked":"Streamline","floor":1.0},{"not_picked":["Go for the Eyes","Stack"],"picked":"Genetic Algorithm","floor":2.0},{"not_picked":["Compile Driver","Hologram"],"picked":"Sweeping Beam","floor":4.0},{"not_picked":["Compile Driver","Steam Power"],"picked":"White Noise","floor":5.0},{"not_picked":["Compile Driver","Turbo"],"picked":"Conserve Battery","floor":8.0},{"not_picked":["Reprogram","Go for the Eyes","Barrage"],"picked":"SKIP","floor":14.0},{"not_picked":["Reboot","Hyperbeam"],"picked":"Core Surge","floor":16.0},{"not_picked":["Gash","Force Field"],"picked":"Beam Cell","floor":18},{"not_picked":["Sweeping Beam","Redo"],"picked":"FTL","floor":20},{"not_picked":["Compile Driver","Gash"],"picked":"Self Repair","floor":21},{"not_picked":["Redo+1","Go for the Eyes"],"picked":"Cold Snap","floor":24},{"not_picked":["Genetic Algorithm","Heatsinks","Compile Driver"],"picked":"SKIP","floor":28},{"not_picked":["Thunder Strike","Machine Learning"],"picked":"Biased Cognition","floor":33},{"not_picked":["Stack","Streamline"],"picked":"Steam+1","floor":35},{"not_picked":["Reboot","Gash"],"picked":"Coolheaded+1","floor":36},{"not_picked":["FTL","Stack"],"picked":"Cold Snap+1","floor":38},{"not_picked":["Thunder Strike","Beam Cell","Scrape"],"picked":"SKIP","floor":41},{"not_picked":["Steam+1","Hologram","Darkness+1"],"picked":"SKIP","floor":42},{"not_picked":["Steam","Rip and Tear+1","Blizzard+1"],"picked":"SKIP","floor":44},{"not_picked":["Fusion","Chill"],"picked":"Ball Lightning+1","floor":46},{"not_picked":["Reinforced Body","BootSequence","Redo"],"picked":"SKIP","floor":48}],"player_experience":793178,"relics_obtained":[{"floor":8.0,"key":"Emotion Chip"},{"floor":9.0,"key":"StoneCalendar"},{"floor":11.0,"key":"Orichalcum"},{"floor":26,"key":"Strawberry"},{"floor":43,"key":"Molten Egg 2"}],"event_choices":[{"damage_healed":0.0,"max_hp_gain":5.0,"max_hp_loss":0.0,"gold_gain":0.0,"event_name":"Big Fish","player_choice":"Donut","floor":3.0,"gold_loss":0.0,"damage_taken":0.0},{"damage_healed":0.0,"max_hp_gain":0.0,"max_hp_loss":0.0,"gold_gain":0.0,"event_name":"Dead Adventurer","player_choice":"Searched \u00270\u0027 times","floor":7.0,"gold_loss":0.0,"damage_taken":0.0},{"damage_healed":0.0,"max_hp_gain":0.0,"max_hp_loss":0.0,"gold_gain":0.0,"event_name":"Liars Game","player_choice":"Ignored","floor":12.0,"gold_loss":0.0,"damage_taken":0.0},{"damage_healed":0,"gold_gain":0,"cards_transformed":["Strike_B"],"player_choice":"Transformed","damage_taken":0,"max_hp_gain":0,"max_hp_loss":0,"event_name":"Transmorgrifier","floor":19,"gold_loss":0,"cards_obtained":["Sunder"]},{"cards_removed":["Defend_B"],"damage_healed":0,"gold_gain":0,"player_choice":"Gave Gold","damage_taken":0,"max_hp_gain":0,"max_hp_loss":0,"event_name":"Beggar","floor":22,"gold_loss":75},{"damage_healed":0,"gold_gain":0,"player_choice":"Copied","damage_taken":0,"max_hp_gain":0,"max_hp_loss":0,"event_name":"Duplicator","floor":39,"gold_loss":0,"cards_obtained":["Genetic Algorithm"]}],"is_beta":true,"boss_relics":[{"not_picked":["Inserter","Tiny House"],"picked":"Velvet Choker"},{"not_picked":["Fusion Hammer","Cursed Key"],"picked":"Empty Cage"}],"items_purged_floors":[27,45],"is_endless":false,"potions_floor_spawned":[2,4,5,16,28,33,35,41,44],"ascension_level":18}