{"gold_per_floor":[109,124,124,143,143,143,176,186,186,186,186,32,51,113,113,190,190,206,234,234,30,30,30,30,30,30,41,51,51,51,61,61,61],"floor_reached":33,"playtime":1641,"items_purged":["Strike_B"],"score":462,"play_id":"be689af8-0054-4485-bb82-30c04017a9f4","local_time":"20190130075953","is_ascension_mode":true,"campfire_choices":[{"floor":6.0,"key":"REST"},{"data":"Reinforced Body","floor":10.0,"key":"SMITH"},{"floor":15.0,"key":"REST"},{"floor":23.0,"key":"REST"},{"data":"Storm","floor":25.0,"key":"SMITH"},{"data":"Storm","floor":30,"key":"SMITH"},{"floor":32,"key":"REST"}],"neow_cost":"NONE","seed_source_timestamp":501409616213674,"circlet_count":0,"master_deck":["AscendersBane","Strike_B","Strike_B","Defend_B","Defend_B","Defend_B","Defend_B","Zap+1","Dualcast","Melter","Conserve Battery","Conserve Battery","Reinforced Body+1","Storm+1","Reprogram","Static Discharge","Storm+1","Cold Snap","Echo Form","Self Repair","Coolheaded","Capacitor","Decay","Tempest","Seek","Shame"],"special_seed":0,"relics":["Cracked Core","Vajra","Cables","Bag of Preparation","Mummified Hand","Cursed Key","Red Mask","Art of War","Blue Candle","Ancient Tea Set"],"potions_floor_usage":[33,33],"damage_taken":[{"damage":2.0,"enemies":"Small Slimes","floor":1.0,"turns":3.0},{"damage":3.0,"enemies":"2 Louse","floor":2.0,"turns":2.0},{"damage":2.0,"enemies":"Jaw Worm","floor":4.0,"turns":3.0},{"damage":16.0,"enemies":"3 Sentries","floor":7.0,"turns":10.0},{"damage":2.0,"enemies":"Exordium Wildlife","floor":8.0,"turns":4.0},{"damage":6.0,"enemies":"Blue Slaver","floor":13.0,"turns":3.0},{"damage":8.0,"enemies":"Gremlin Nob","floor":14.0,"turns":4.0},{"damage":32.0,"enemies":"Slime Boss","floor":16.0,"turns":10.0},{"damage":24.0,"enemies":"3 Byrds","floor":18.0,"turns":4.0},{"damage":24.0,"enemies":"Masked Bandits","floor":19.0,"turns":3.0},{"damage":0.0,"enemies":"Colosseum Slavers","floor":22.0,"turns":1.0},{"damage":2.0,"enemies":"Chosen","floor":27.0,"turns":3.0},{"damage":13.0,"enemies":"Snecko","floor":28.0,"turns":3.0},{"damage":0,"enemies":"Snake Plant","floor":31,"turns":2},{"damage":76,"enemies":"Champ","floor":33,"turns":12}],"seed_played":"6101316078403194334","potions_obtained":[{"floor":2.0,"key":"Block Potion"},{"floor":4.0,"key":"Energy Potion"},{"floor":13.0,"key":"SkillPotion"},{"floor":16.0,"key":"SpeedPotion"},{"floor":19.0,"key":"SmokeBomb"},{"floor":28.0,"key":"SpeedPotion"}],"is_trial":false,"path_per_floor":["M","M","?","M","?","R","E","M","T","R","?","$","M","?","R","B",null,"M","?","?","$","?","R","$","R","T","M","M","?","R","M","R","B"],"character_chosen":"DEFECT","items_purchased":["Static Discharge","Capacitor","Art of War"],"campfire_rested":4,"item_purchase_floors":[12,21,21],"current_hp_per_floor":[62,59,59,57,46,67,51,49,49,49,49,49,43,35,56,24,59,35,18,18,18,25,46,46,46,46,51,52,52,52,59,71,0],"gold":61,"neow_bonus":"UPGRADE_CARD","is_prod":false,"is_daily":false,"chose_seed":false,"campfire_upgraded":3,"win_rate":0,"timestamp":1548853193,"path_taken":["M","M","?","M","?","R","E","M","T","R","?","$","?","?","R","BOSS","M","?","?","$","?","R","$","R","T","M","M","?","R","M","R","BOSS"],"build_version":"2019-01-23","purchased_purges":1,"victory":false,"max_hp_per_floor":[71,71,71,71,71,71,71,71,71,71,71,71,71,71,71,71,71,71,71,71,71,71,71,71,71,71,71,71,71,71,71,71,71],"card_choices":[{"not_picked":["Steam","Fusion"],"picked":"Melter","floor":1.0},{"not_picked":["Steam","Go for the Eyes"],"picked":"Conserve Battery","floor":2.0},{"not_picked":["Cold Snap","Barrage"],"picked":"Conserve Battery","floor":4.0},{"not_picked":["Aggregate","Darkness"],"picked":"Reinforced Body","floor":7.0},{"not_picked":["Scrape","Force Field"],"picked":"Storm","floor":8.0},{"not_picked":["Reprogram","Melter"],"picked":"Storm","floor":13.0},{"not_picked":["Redo","Hologram"],"picked":"Cold Snap","floor":14.0},{"not_picked":["All For One","Machine Learning"],"picked":"Echo Form","floor":16.0},{"not_picked":["Sweeping Beam","Conserve Battery"],"picked":"Self Repair","floor":18.0},{"not_picked":["Gash","Streamline"],"picked":"Coolheaded","floor":19.0},{"not_picked":["Recycle","Hologram"],"picked":"Tempest","floor":27.0},{"not_picked":["Reinforced Body","Gash"],"picked":"Seek","floor":28.0},{"not_picked":["Darkness","Leap","Skim"],"picked":"SKIP","floor":31}],"player_experience":2219882,"relics_obtained":[{"floor":7.0,"key":"Cables"},{"floor":9.0,"key":"Bag of Preparation"},{"floor":14.0,"key":"Mummified Hand"},{"floor":19.0,"key":"Red Mask"},{"floor":26.0,"key":"Blue Candle"}],"event_choices":[{"damage_healed":0.0,"max_hp_gain":0.0,"max_hp_loss":0.0,"gold_gain":0.0,"event_name":"Shining Light","player_choice":"Ignored","floor":3.0,"gold_loss":0.0,"damage_taken":0.0},{"damage_healed":0.0,"max_hp_gain":0.0,"max_hp_loss":0.0,"gold_gain":0.0,"event_name":"Scrap Ooze","player_choice":"Success","floor":5.0,"gold_loss":0.0,"damage_taken":11.0,"relics_obtained":["Vajra"]},{"damage_healed":0.0,"max_hp_gain":0.0,"max_hp_loss":0.0,"gold_gain":0.0,"cards_transformed":["Strike_B"],"event_name":"Living Wall","player_choice":"Change","floor":11.0,"gold_loss":0.0,"damage_taken":0.0,"cards_obtained":["Reprogram"]},{"damage_healed":0.0,"max_hp_gain":0.0,"max_hp_loss":0.0,"gold_gain":0.0,"event_name":"Dead Adventurer","player_choice":"Searched \u00271\u0027 times","floor":14.0,"gold_loss":0.0,"damage_taken":0.0},{"damage_healed":0.0,"max_hp_gain":0.0,"max_hp_loss":0.0,"gold_gain":0.0,"event_name":"Masked Bandits","player_choice":"Fought Bandits","floor":19.0,"gold_loss":0.0,"damage_taken":0.0},{"damage_healed":0.0,"max_hp_gain":0.0,"max_hp_loss":0.0,"gold_gain":0.0,"event_name":"Beggar","player_choice":"Ignored","floor":20.0,"gold_loss":0.0,"damage_taken":0.0},{"damage_healed":0.0,"max_hp_gain":0.0,"max_hp_loss":0.0,"gold_gain":0.0,"event_name":"Colosseum","player_choice":"Fight","floor":22.0,"gold_loss":0.0,"damage_taken":0.0},{"damage_healed":0.0,"max_hp_gain":0.0,"max_hp_loss":0.0,"gold_gain":0.0,"event_name":"Colosseum","player_choice":"Fled From Nobs","floor":22.0,"gold_loss":0.0,"damage_taken":0.0},{"damage_healed":0,"gold_gain":0,"player_choice":"Stole Relic","damage_taken":0,"relics_obtained":["Ancient Tea Set"],"max_hp_gain":0,"max_hp_loss":0,"event_name":"Addict","floor":29,"gold_loss":0,"cards_obtained":["Shame"]}],"is_beta":false,"boss_relics":[{"not_picked":["White Beast Statue","Black Star"],"picked":"Cursed Key"}],"items_purged_floors":[12],"is_endless":false,"potions_floor_spawned":[2,4,13,16,19,28,31],"killed_by":"Champ","ascension_level":18}