{"gold_per_floor":[109,109,184,184,36,36,54,82,82,82,92,102,115,115,115,215,215,228,244,3,102,17,17,27,44,91,91,91],"floor_reached":28,"playtime":1046,"items_purged":["Strike_B"],"score":377,"play_id":"fec36a9f-f87c-4741-aed3-0d820890b33c","local_time":"20190116201451","is_ascension_mode":true,"campfire_choices":[{"data":"Go for the Eyes","floor":6,"key":"SMITH"},{"data":"Cold Snap","floor":10,"key":"SMITH"},{"data":"Reinforced Body","floor":15,"key":"SMITH"},{"floor":23,"key":"REST"}],"neow_cost":"NONE","seed_source_timestamp":1019968784646434,"circlet_count":0,"master_deck":["AscendersBane","Strike_B","Strike_B","Defend_B","Defend_B","Defend_B","Defend_B","Zap+1","Dualcast","Go for the Eyes+1","Cold Snap+1","Capacitor","Conserve Battery","Cold Snap","Reinforced Body+1","Swift Strike","Auto Shields","Seek","Capacitor+1","Self Repair","FTL","Hologram","Streamline+1","FTL"],"relics":["Cracked Core","NeowsBlessing","Juzu Bracelet","Shuriken","Omamori","Cursed Key","Potion Belt","Art of War","Necronomicon"],"potions_floor_usage":[16,19,19],"damage_taken":[{"damage":0,"enemies":"Small Slimes","floor":1,"turns":1},{"damage":0,"enemies":"Jaw Worm","floor":7,"turns":1},{"damage":0,"enemies":"Lagavulin","floor":8,"turns":1},{"damage":0,"enemies":"Cultist","floor":11,"turns":3},{"damage":4,"enemies":"Lots of Slimes","floor":12,"turns":5},{"damage":2,"enemies":"Exordium Thugs","floor":13,"turns":4},{"damage":25,"enemies":"Hexaghost","floor":16,"turns":13},{"damage":17,"enemies":"Spheric Guardian","floor":18,"turns":4},{"damage":26,"enemies":"2 Thieves","floor":19,"turns":4},{"damage":11,"enemies":"Centurion and Healer","floor":24,"turns":10},{"damage":31,"enemies":"3 Cultists","floor":25,"turns":7},{"damage":12,"enemies":"Shelled Parasite and Fungi","floor":28,"turns":4}],"seed_played":"-1507887267460663005","potions_obtained":[{"floor":1,"key":"SneckoOil"},{"floor":13,"key":"AttackPotion"},{"floor":16,"key":"Explosive Potion"},{"floor":18,"key":"Regen Potion"}],"is_trial":false,"path_per_floor":["M","?","?","?","$","R","M","E","T","R","M","M","M","?","R","B",null,"M","M","$","?","?","R","M","M","T","?","M"],"character_chosen":"DEFECT","items_purchased":["Juzu Bracelet","Self Repair","FTL","Hologram"],"campfire_rested":1,"item_purchase_floors":[5,20,20,20],"current_hp_per_floor":[68,68,57,57,57,57,57,57,57,57,57,53,51,51,51,26,63,46,32,32,32,32,54,50,26,26,10,0],"gold":91,"neow_bonus":"THREE_ENEMY_KILL","is_prod":false,"is_daily":false,"chose_seed":false,"campfire_upgraded":3,"win_rate":0,"timestamp":1547637291,"path_taken":["M","?","?","?","$","R","M","E","T","R","M","M","M","?","R","BOSS","M","M","$","?","?","R","M","M","T","?","M"],"build_version":"2019-01-10","purchased_purges":1,"victory":false,"max_hp_per_floor":[75,75,75,75,75,75,75,75,75,75,75,75,75,75,75,75,75,75,75,75,75,75,75,75,75,75,75,75],"card_choices":[{"not_picked":["Chill","Barrage"],"picked":"Go for the Eyes","floor":1},{"not_picked":["Beam Cell","Consume"],"picked":"Cold Snap","floor":7},{"not_picked":["Turbo","Go for the Eyes"],"picked":"Capacitor","floor":8},{"not_picked":["Capacitor","Coolheaded"],"picked":"Conserve Battery","floor":11},{"not_picked":["Steam Power","Turbo"],"picked":"Cold Snap","floor":12},{"not_picked":["Fusion","Coolheaded"],"picked":"Reinforced Body","floor":13},{"not_picked":["Biased Cognition","All For One"],"picked":"Seek","floor":16},{"not_picked":["Go for the Eyes+1","Stack"],"picked":"Capacitor+1","floor":18},{"not_picked":["Hello World+1","Compile Driver+1","Steam"],"picked":"SKIP","floor":19},{"not_picked":["Sweeping Beam+1","Stack+1"],"picked":"Streamline+1","floor":24},{"not_picked":["Conserve Battery","Core Surge"],"picked":"FTL","floor":25}],"player_experience":385863,"relics_obtained":[{"floor":8,"key":"Shuriken"},{"floor":9,"key":"Omamori"},{"floor":26,"key":"Art of War"},{"floor":27,"key":"Necronomicon"}],"event_choices":[{"damage_healed":0,"gold_gain":0,"player_choice":"Grow","damage_taken":0,"max_hp_gain":0,"max_hp_loss":0,"event_name":"Living Wall","floor":2,"gold_loss":0,"cards_upgraded":["Zap"]},{"damage_healed":0,"gold_gain":75,"player_choice":"Gather Gold","damage_taken":11,"max_hp_gain":0,"max_hp_loss":0,"event_name":"World of Goop","floor":3,"gold_loss":0},{"cards_removed":["Strike_B"],"damage_healed":0,"gold_gain":0,"player_choice":"Purged","damage_taken":0,"max_hp_gain":0,"max_hp_loss":0,"event_name":"Purifier","floor":4,"gold_loss":0},{"damage_healed":0,"gold_gain":0,"player_choice":"2 cards matched","damage_taken":0,"max_hp_gain":0,"max_hp_loss":0,"event_name":"Match and Keep!","floor":14,"gold_loss":0,"cards_obtained":["Swift Strike","Auto Shields"]},{"damage_healed":0,"gold_gain":99,"player_choice":"Stole From Cult","damage_taken":0,"max_hp_gain":0,"max_hp_loss":0,"event_name":"Nest","floor":21,"gold_loss":0},{"damage_healed":0,"gold_gain":0,"player_choice":"Obtained Relic","damage_taken":0,"relics_obtained":["Potion Belt"],"max_hp_gain":0,"max_hp_loss":0,"event_name":"Addict","floor":22,"gold_loss":85},{"damage_healed":0,"gold_gain":0,"player_choice":"Obtained Book","damage_taken":16,"max_hp_gain":0,"max_hp_loss":0,"event_name":"Cursed Tome","floor":27,"gold_loss":0}],"is_beta":false,"boss_relics":[{"not_picked":["Philosopher\u0027s Stone","Inserter"],"picked":"Cursed Key"}],"items_purged_floors":[20],"is_endless":false,"potions_floor_spawned":[1,13,16,18],"killed_by":"Shelled Parasite and Fungi","ascension_level":11}