{"gold_per_floor":[119,136,61,81,51,79,79,97,97,122,122,140,167,167],"floor_reached":14,"playtime":925,"items_purged":["Strike_G"],"score":154,"play_id":"b45cd71c-2049-4aa3-b8dd-88bdb14a69f3","local_time":"20180722191751","is_ascension_mode":true,"campfire_choices":[{"data":"Bouncing Flask","floor":7,"key":"SMITH"},{"data":"Neutralize","floor":11,"key":"SMITH"}],"neow_cost":"NONE","seed_source_timestamp":264799723545681,"circlet_count":0,"master_deck":["Defend_G","Defend_G","Defend_G","Defend_G","Strike_G+1","Strike_G","Strike_G+1","Survivor","Neutralize+1","Noxious Fumes","Bouncing Flask+1","Phantasmal Killer","Well Laid Plans","Dagger Throw+1"],"relics":["Empty Cage","Mercury Hourglass","Molten Egg 2","Bottled Flame","Whetstone"],"potions_floor_usage":[2,6,8,10,10,14],"damage_taken":[{"damage":4,"enemies":"2 Louse","floor":1,"turns":5},{"damage":0,"enemies":"Cultist","floor":2,"turns":4},{"damage":1,"enemies":"Small Slimes","floor":4,"turns":5},{"damage":7,"enemies":"Gremlin Nob","floor":6,"turns":3},{"damage":4,"enemies":"Looter","floor":8,"turns":3},{"damage":11,"enemies":"Lagavulin","floor":10,"turns":4},{"damage":20,"enemies":"Exordium Thugs","floor":12,"turns":5},{"damage":13,"enemies":"Gremlin Nob","floor":13,"turns":4},{"damage":5,"enemies":"Gremlin Gang","floor":14,"turns":1}],"seed_played":"-696427963290892129","potions_obtained":[{"floor":1,"key":"Block Potion"},{"floor":4,"key":"Dexterity Potion"},{"floor":5,"key":"SkillPotion"},{"floor":5,"key":"AttackPotion"},{"floor":6,"key":"SkillPotion"},{"floor":13,"key":"PowerPotion"}],"is_trial":false,"path_per_floor":["M","M","$","M","?","E","R","M","T","E","R","M","E"],"character_chosen":"THE_SILENT","items_purchased":[],"campfire_rested":0,"item_purchase_floors":[],"current_hp_per_floor":[59,59,59,58,58,51,51,47,47,36,36,16,3,0],"gold":167,"neow_bonus":"BOSS_RELIC","is_prod":false,"is_daily":false,"chose_seed":false,"campfire_upgraded":2,"win_rate":0,"timestamp":1532252871,"path_taken":["M","M","$","M","?","E","R","M","T","E","R","M","E","M"],"build_version":"2018-07-19v2","purchased_purges":1,"victory":false,"max_hp_per_floor":[70,70,70,70,70,70,70,70,70,70,70,70,70,70],"card_choices":[{"not_picked":["Riddle With Holes","Cloak And Dagger"],"picked":"Noxious Fumes","floor":1},{"not_picked":["Sucker Punch","Setup"],"picked":"Bouncing Flask","floor":2},{"not_picked":["Dash","Deflect","Well Laid Plans"],"picked":"SKIP","floor":4},{"not_picked":["Flying Knee","Acrobatics"],"picked":"Phantasmal Killer","floor":6},{"not_picked":["Bane","Choke"],"picked":"Well Laid Plans","floor":8},{"not_picked":["Escape Plan","Reflex","Cloak And Dagger"],"picked":"SKIP","floor":10},{"not_picked":["Backflip","Quick Slash+1"],"picked":"Dagger Throw+1","floor":12},{"not_picked":["Expertise","Flechettes+1","Underhanded Strike+1"],"picked":"SKIP","floor":13}],"player_experience":229934,"relics_obtained":[{"floor":6,"key":"Mercury Hourglass"},{"floor":9,"key":"Molten Egg 2"},{"floor":10,"key":"Bottled Flame"},{"floor":13,"key":"Whetstone"}],"event_choices":[{"event_name":"The Woman in Blue","player_choice":"Bought 2 Potions","floor":5,"damage_taken":0}],"is_beta":false,"boss_relics":[],"items_purged_floors":[3],"is_endless":false,"potions_floor_spawned":[1,4,6,13],"killed_by":"Gremlin Gang","ascension_level":8}