{"gold_per_floor":[119,132,148,163,177,209,209,209],"floor_reached":8,"playtime":1390,"items_purged":[],"score":60,"play_id":"223064e9-42e1-4921-8ab0-c8b753931e35","local_time":"20190103234224","is_ascension_mode":false,"campfire_choices":[{"floor":7,"key":"REST"}],"neow_cost":"NONE","seed_source_timestamp":1167613413242495,"circlet_count":0,"master_deck":["Defend_G","Defend_G","Defend_G","Defend_G","Defend_G","Strike_G","Strike_G","Strike_G","Strike_G","Strike_G","Survivor","Neutralize","Impatience","PiercingWail","Backflip","Slice","Finisher","Flying Knee","Outmaneuver","Outmaneuver+1"],"relics":["Ring of the Snake","Toxic Egg 2"],"potions_floor_usage":[6,8],"damage_taken":[{"damage":1,"enemies":"2 Louse","floor":1,"turns":3},{"damage":0,"enemies":"Cultist","floor":2,"turns":5},{"damage":4,"enemies":"Small Slimes","floor":3,"turns":4},{"damage":8,"enemies":"Exordium Thugs","floor":4,"turns":7},{"damage":22,"enemies":"Large Slime","floor":5,"turns":6},{"damage":13,"enemies":"Lagavulin","floor":6,"turns":8},{"damage":56,"enemies":"Gremlin Nob","floor":8,"turns":4}],"seed_played":"-7303215865668202400","potions_obtained":[{"floor":1,"key":"SpeedPotion"},{"floor":4,"key":"Poison Potion"}],"is_trial":false,"path_per_floor":["M","M","M","M","M","E","R","E"],"character_chosen":"THE_SILENT","items_purchased":[],"campfire_rested":1,"item_purchase_floors":[],"current_hp_per_floor":[69,69,65,57,35,22,43,0],"gold":209,"neow_bonus":"RANDOM_COLORLESS","is_prod":false,"is_daily":false,"chose_seed":false,"campfire_upgraded":0,"win_rate":0.0,"timestamp":1546587744,"path_taken":["M","M","M","M","M","E","R","E"],"build_version":"2019-01-03v2","purchased_purges":0,"victory":false,"max_hp_per_floor":[70,70,70,70,70,70,70,70],"card_choices":[{"not_picked":["Deflect","Dagger Spray"],"picked":"PiercingWail","floor":1},{"not_picked":["Slice","A Thousand Cuts"],"picked":"Backflip","floor":2},{"not_picked":["Backflip","A Thousand Cuts"],"picked":"Slice","floor":2},{"not_picked":["Terror","Well Laid Plans"],"picked":"Finisher","floor":3},{"not_picked":["Heel Hook","Masterful Stab"],"picked":"Flying Knee","floor":4},{"not_picked":["Noxious Fumes","Poisoned Stab"],"picked":"Outmaneuver","floor":5},{"not_picked":["Finisher","Blur"],"picked":"Outmaneuver","floor":6}],"player_experience":32585,"relics_obtained":[{"floor":6,"key":"Toxic Egg 2"}],"event_choices":[],"is_beta":false,"boss_relics":[],"items_purged_floors":[],"is_endless":false,"potions_floor_spawned":[1,4],"killed_by":"Gremlin Nob","ascension_level":0}