{"gold_per_floor":[20,20,20,32,9,9,37,37,64,64,64,84,84,97,97,175,175,195,205,220,234,245,245,170,170,170,48,93,123,147,171,183,195],"floor_reached":33,"playtime":3912,"items_purged":[],"score":444,"play_id":"2bccbd10-f8f0-4c16-b57b-1fc234638db1","local_time":"20180813154623","is_ascension_mode":true,"campfire_choices":[{"data":"Poisoned Stab","floor":6.0,"key":"SMITH"},{"data":"Neutralize","floor":8.0,"key":"SMITH"},{"data":"Backflip","floor":10.0,"key":"SMITH"},{"data":"Poisoned Stab","floor":13.0,"key":"SMITH"},{"data":"Burst","floor":15.0,"key":"SMITH"},{"data":"Footwork","floor":23,"key":"SMITH"},{"floor":25,"key":"REST"},{"floor":32,"key":"REST"}],"neow_cost":"NO_GOLD","seed_source_timestamp":1123777991121171,"circlet_count":0,"master_deck":["Defend_G","Defend_G","Defend_G","Defend_G","Defend_G","Survivor","Neutralize+1","AscendersBane","Quick Slash","PiercingWail","Poisoned Stab+1","Backflip+1","Well Laid Plans","Poisoned Stab+1","Burst+1","Malaise","All Out Attack+1","Tools of the Trade+1","Deadly Poison","Dodge and Roll+1","Dodge and Roll","Well Laid Plans","Footwork+1","Leg Sweep","Backflip","Corpse Explosion"],"special_seed":0,"relics":["Ring of the Snake","Bag of Marbles","Omamori","Astrolabe","The Courier","MawBank","Bag of Preparation"],"potions_floor_usage":[16,20,21,28,30],"damage_taken":[{"damage":1.0,"enemies":"Cultist","floor":1.0,"turns":5.0},{"damage":0.0,"enemies":"2 Louse","floor":4.0,"turns":4.0},{"damage":24.0,"enemies":"3 Sentries","floor":7.0,"turns":13.0},{"damage":0.0,"enemies":"Small Slimes","floor":12.0,"turns":3.0},{"damage":7.0,"enemies":"Exordium Thugs","floor":14.0,"turns":6.0},{"damage":27,"enemies":"Slime Boss","floor":16,"turns":12},{"damage":2,"enemies":"Shell Parasite","floor":18,"turns":5},{"damage":0,"enemies":"3 Byrds","floor":19,"turns":5},{"damage":2,"enemies":"Centurion and Healer","floor":20,"turns":9},{"damage":11,"enemies":"Sentry and Sphere","floor":21,"turns":6},{"damage":13,"enemies":"Snake Plant","floor":22,"turns":6},{"damage":35,"enemies":"Slavers","floor":28,"turns":10},{"damage":0,"enemies":"Chosen and Byrds","floor":29,"turns":9},{"damage":16,"enemies":"3 Cultists","floor":30,"turns":6},{"damage":0,"enemies":"Centurion and Healer","floor":31,"turns":11},{"damage":42,"enemies":"Champ","floor":33,"turns":17}],"seed_played":"-7703469551718438636","potions_obtained":[{"floor":7.0,"key":"AttackPotion"},{"floor":16,"key":"PowerPotion"},{"floor":20,"key":"AttackPotion"},{"floor":22,"key":"SpeedPotion"},{"floor":29,"key":"EssenceOfSteel"},{"floor":30,"key":"Swift Potion"}],"is_trial":false,"path_per_floor":["M","?","?","M","$","R","E","R","T","R","$","M","R","M","R","B",null,"M","M","M","M","M","R","?","R","T","$","E","M","M","M","R"],"character_chosen":"THE_SILENT","items_purchased":["Backflip","MawBank"],"campfire_rested":2,"item_purchase_floors":[5,27],"current_hp_per_floor":[76,69,69,69,69,69,45,45,45,45,45,45,45,38,38,11,66,64,64,62,51,38,38,38,63,63,63,28,28,12,12,37,0],"gold":195,"neow_bonus":"TWENTY_PERCENT_HP_BONUS","is_prod":false,"is_daily":false,"chose_seed":false,"campfire_upgraded":6,"win_rate":0,"timestamp":1534167983,"path_taken":["M","?","?","?","$","R","E","R","T","R","?","M","R","M","R","BOSS","M","M","M","M","M","R","?","R","T","$","E","M","?","M","R","BOSS"],"build_version":"2018-08-08","purchased_purges":0,"victory":false,"max_hp_per_floor":[84,84,84,84,84,84,84,84,84,84,84,84,84,84,84,84,84,84,84,84,84,84,84,84,84,84,84,84,84,84,84,84,84],"card_choices":[{"not_picked":["Concentrate","Deflect"],"picked":"Quick Slash","floor":1.0},{"not_picked":["Blade Dance","Calculated Gamble"],"picked":"Poisoned Stab","floor":4.0},{"not_picked":["Accuracy","Dodge and Roll"],"picked":"Well Laid Plans","floor":7.0},{"not_picked":["Outmaneuver","PiercingWail"],"picked":"Poisoned Stab","floor":12.0},{"not_picked":["PiercingWail","Outmaneuver"],"picked":"Burst","floor":14.0},{"not_picked":["Doppelganger","Venomology"],"picked":"Malaise","floor":16},{"not_picked":["Outmaneuver","Bane"],"picked":"Deadly Poison","floor":18},{"not_picked":["Heel Hook","Dagger Spray"],"picked":"Dodge and Roll+1","floor":19},{"not_picked":["Endless Agony","Tactician+1"],"picked":"Dodge and Roll","floor":20},{"not_picked":["Slice+1","Tactician"],"picked":"Well Laid Plans","floor":21},{"not_picked":["Outmaneuver","Prepared"],"picked":"Footwork","floor":22},{"not_picked":["Slice","Storm of Steel"],"picked":"Leg Sweep","floor":28},{"not_picked":["PiercingWail","Bane"],"picked":"Backflip","floor":29},{"not_picked":["Prepared","Dagger Throw","Flying Knee"],"picked":"SKIP","floor":30},{"not_picked":["Cloak And Dagger","PiercingWail"],"picked":"Corpse Explosion","floor":31}],"player_experience":405107,"relics_obtained":[{"floor":7.0,"key":"Bag of Marbles"},{"floor":9.0,"key":"Omamori"},{"floor":26,"key":"The Courier"},{"floor":28,"key":"Bag of Preparation"}],"event_choices":[{"event_name":"Golden Wing","player_choice":"Card Removal","floor":2.0,"damage_taken":0.0},{"event_name":"Living Wall","player_choice":"Change","floor":3.0,"damage_taken":0.0},{"event_name":"Beggar","player_choice":"Gave Gold","floor":24,"damage_taken":0}],"is_beta":true,"boss_relics":[{"not_picked":["Runic Pyramid","White Beast Statue"],"picked":"Astrolabe"}],"items_purged_floors":[],"is_endless":false,"potions_floor_spawned":[7,16,20,22,29,30],"killed_by":"Champ","ascension_level":13}