{"gold_per_floor":[114,114,129,5,5,5,18,18,18,18,25,25,50,74,74,167,167,181,152,152,28,28,53,53],"floor_reached":24,"playtime":1081,"items_purged":[],"score":340,"play_id":"b4186cb5-378c-4094-8ff8-c2f0dd929a29","local_time":"20190116020522","is_ascension_mode":true,"campfire_choices":[{"data":"Neutralize","floor":6,"key":"SMITH"},{"data":"Blur","floor":8,"key":"SMITH"},{"data":"Leg Sweep","floor":15,"key":"SMITH"}],"neow_cost":"NONE","seed_source_timestamp":954564981585795,"circlet_count":0,"master_deck":["AscendersBane","Defend_G","Defend_G","Defend_G","Defend_G","Defend_G","Strike_G+1","Strike_G","Strike_G","Strike_G","Strike_G","Survivor","Neutralize+1","Poisoned Stab","Cloak And Dagger","Footwork","Deadly Poison","Blur+1","Leg Sweep+1","Footwork","Die Die Die","All Out Attack","Writhe","Noxious Fumes","Bane+1","Prepared"],"relics":["Ring of the Snake","Bloody Idol","Unceasing Top","Juzu Bracelet","Cursed Key","Ancient Tea Set","Whetstone"],"potions_floor_usage":[11,11,16,23],"damage_taken":[{"damage":3,"enemies":"2 Louse","floor":1,"turns":3},{"damage":4,"enemies":"Jaw Worm","floor":3,"turns":4},{"damage":0,"enemies":"Small Slimes","floor":7,"turns":3},{"damage":9,"enemies":"Exordium Thugs","floor":11,"turns":5},{"damage":0,"enemies":"Large Slime","floor":13,"turns":7},{"damage":0,"enemies":"3 Louse","floor":14,"turns":3},{"damage":2,"enemies":"Hexaghost","floor":16,"turns":11},{"damage":1,"enemies":"3 Byrds","floor":18,"turns":8},{"damage":10,"enemies":"2 Thieves","floor":19,"turns":5},{"damage":41,"enemies":"Slavers","floor":23,"turns":8},{"damage":24,"enemies":"Snake Plant","floor":24,"turns":5}],"seed_played":"8150320864686620553","potions_obtained":[{"floor":3,"key":"Fruit Juice"},{"floor":7,"key":"Strength Potion"},{"floor":13,"key":"Poison Potion"},{"floor":14,"key":"Swift Potion"}],"is_trial":false,"path_per_floor":["M","?","M","$","?","R","M","R","T","?","M","?","M","M","R","B",null,"M","M","?","$","?","E","M"],"character_chosen":"THE_SILENT","items_purchased":["Footwork","Deadly Poison","Noxious Fumes","Bane"],"campfire_rested":0,"item_purchase_floors":[4,4,21,21],"current_hp_per_floor":[60,43,39,39,39,39,39,39,39,39,35,35,35,35,35,33,65,64,54,54,54,54,18,0],"gold":53,"neow_bonus":"RANDOM_COLORLESS","is_prod":false,"is_daily":false,"chose_seed":false,"campfire_upgraded":3,"win_rate":0,"timestamp":1547571922,"path_taken":["M","?","M","$","?","R","M","R","T","?","M","?","M","M","R","BOSS","M","M","?","$","?","E","M"],"build_version":"2019-01-10","purchased_purges":0,"victory":false,"max_hp_per_floor":[70,70,70,70,70,70,70,70,70,70,75,75,75,75,75,75,75,75,75,75,75,75,75,75],"card_choices":[{"not_picked":["Skewer","Outmaneuver"],"picked":"Poisoned Stab","floor":1},{"not_picked":["Quick Slash","Backflip"],"picked":"Cloak And Dagger","floor":3},{"not_picked":["Backflip","Bane"],"picked":"Blur","floor":7},{"not_picked":["Backflip","Venomology"],"picked":"Leg Sweep","floor":11},{"not_picked":["Deflect","Quick Slash","Tactician"],"picked":"SKIP","floor":13},{"not_picked":["Acrobatics","Poisoned Stab"],"picked":"Footwork","floor":14},{"not_picked":["Grand Finale","A Thousand Cuts"],"picked":"Die Die Die","floor":16},{"not_picked":["Poisoned Stab","Outmaneuver","Masterful Stab+1"],"picked":"SKIP","floor":18},{"not_picked":["Quick Slash","Masterful Stab"],"picked":"All Out Attack","floor":19},{"not_picked":["Outmaneuver","Poisoned Stab"],"picked":"Prepared","floor":23}],"player_experience":382806,"relics_obtained":[{"floor":9,"key":"Unceasing Top"},{"floor":23,"key":"Whetstone"}],"event_choices":[{"damage_healed":0,"gold_gain":0,"player_choice":"Take Damage","damage_taken":17,"relics_obtained":["Golden Idol"],"max_hp_gain":0,"max_hp_loss":0,"event_name":"Golden Idol","floor":2,"gold_loss":0},{"damage_healed":0,"gold_gain":0,"player_choice":"Leave","damage_taken":0,"max_hp_gain":0,"max_hp_loss":0,"event_name":"The Cleric","floor":5,"gold_loss":0},{"damage_healed":0,"gold_gain":0,"player_choice":"Ignored","damage_taken":0,"max_hp_gain":0,"max_hp_loss":0,"event_name":"Liars Game","floor":10,"gold_loss":0},{"cards_removed":["Forethought"],"damage_healed":0,"gold_gain":0,"player_choice":"Gave Card","damage_taken":0,"relics_obtained":["Juzu Bracelet"],"max_hp_gain":0,"max_hp_loss":0,"event_name":"WeMeetAgain","floor":12,"gold_loss":0},{"damage_healed":0,"gold_gain":0,"player_choice":"Opened","damage_taken":0,"relics_obtained":["Ancient Tea Set"],"max_hp_gain":0,"max_hp_loss":0,"event_name":"The Mausoleum","floor":20,"gold_loss":0,"cards_obtained":["Writhe"]},{"damage_healed":0,"gold_gain":0,"player_choice":"Gave Idol","damage_taken":0,"relics_obtained":["Bloody Idol"],"max_hp_gain":0,"max_hp_loss":0,"event_name":"Forgotten Altar","floor":22,"relics_lost":["Golden Idol"],"gold_loss":0}],"is_beta":false,"boss_relics":[{"not_picked":["Lizard Tail","Ring of the Serpent"],"picked":"Cursed Key"}],"items_purged_floors":[],"is_endless":false,"potions_floor_spawned":[3,7,13,14],"killed_by":"Snake Plant","ascension_level":13}