{"path_per_floor":["M","M","?","$","M","R","M","R","T","M","$","M","M","E","R","B",null,"M","M","?","?","$","R","?","M","T","M","?","M","R","M","R"],"character_chosen":"IRONCLAD","items_purchased":["Rupture","Cleave"],"gold_per_floor":[110,124,124,49,63,63,81,81,132,150,29,40,56,89,89,188,188,199,213,128,161,61,61,61,79,102,121,121,132,132,152,152,152],"floor_reached":33,"campfire_rested":4,"playtime":19629,"item_purchase_floors":[11,11],"current_hp_per_floor":[80,80,64,64,70,70,63,80,80,80,80,80,80,78,78,66,80,80,69,79,68,68,90,72,63,63,32,63,49,77,62,90,0],"items_purged":["Strike_R","Body Slam"],"gold":152,"score":276,"play_id":"60c3bf72-b844-4263-84a3-4851ee6cec73","local_time":"20180618142735","is_prod":false,"is_daily":false,"chose_seed":false,"is_ascension_mode":false,"campfire_upgraded":2,"win_rate":0,"timestamp":1529350055,"campfire_choices":[{"data":"Brutality","floor":6,"key":"SMITH"},{"floor":8,"key":"REST"},{"data":"Rupture","floor":15,"key":"SMITH"},{"floor":23,"key":"REST"},{"floor":30,"key":"REST"},{"floor":32,"key":"REST"}],"path_taken":["M","M","?","$","M","R","M","R","T","M","$","M","?","E","R","BOSS","M","M","?","?","$","R","?","M","T","M","?","?","R","M","R","BOSS"],"build_version":"2018-06-14","seed_source_timestamp":142236902803100,"purchased_purges":2,"victory":false,"master_deck":["Bash","Brutality+1","Warcry","Headbutt","Pommel Strike","Pommel Strike","Rupture+1","Cleave","Offering","Ghostly Armor","Anger","Body Slam","Warcry","Reckless Charge","Twin Strike","Pommel Strike","Combust"],"max_hp_per_floor":[80,80,80,80,80,80,80,80,80,80,80,80,80,80,80,80,80,80,80,90,90,90,90,95,95,95,95,95,95,95,95,95,95],"relics":["Burning Blood","Bronze Scales","Whetstone","Pandora\u0027s Box","Pear","Red Mask","Boot"],"card_choices":[{"not_picked":["True Grit","Clash"],"picked":"Warcry","floor":1},{"not_picked":["Reckless Charge","Cleave"],"picked":"Headbutt","floor":2},{"not_picked":["Intimidate","True Grit","Armaments"],"picked":"SKIP","floor":5},{"not_picked":["Blood for Blood","Searing Blow"],"picked":"Pommel Strike","floor":7},{"not_picked":["Sever Soul","Perfected Strike"],"picked":"Pommel Strike","floor":10},{"not_picked":["Pommel Strike","Warcry","Anger"],"picked":"SKIP","floor":12},{"not_picked":["Entrench","Clothesline","Iron Wave"],"picked":"SKIP","floor":13},{"not_picked":["Cleave","Uppercut","Perfected Strike"],"picked":"SKIP","floor":14},{"not_picked":["Juggernaut","Immolate"],"picked":"Offering","floor":16},{"not_picked":["Carnage","Sentinel"],"picked":"Combust","floor":18},{"not_picked":["True Grit","Twin Strike","Anger+1"],"picked":"SKIP","floor":19},{"not_picked":["Body Slam","Thunderclap","Iron Wave"],"picked":"SKIP","floor":25},{"not_picked":["Dual Wield","Flame Barrier","Headbutt+1"],"picked":"SKIP","floor":27},{"not_picked":["Iron Wave","Shockwave","Dual Wield"],"picked":"SKIP","floor":29},{"not_picked":["Perfected Strike","Reckless Charge+1","Sever Soul"],"picked":"SKIP","floor":31}],"player_experience":226985,"potions_floor_usage":[14,14,18,21,25,27],"damage_taken":[{"damage":2,"enemies":"2 Louse","floor":1,"turns":3},{"damage":2,"enemies":"Small Slimes","floor":2,"turns":4},{"damage":0,"enemies":"Cultist","floor":5,"turns":3},{"damage":13,"enemies":"Exordium Wildlife","floor":7,"turns":5},{"damage":3,"enemies":"Blue Slaver","floor":10,"turns":4},{"damage":4,"enemies":"Looter","floor":12,"turns":3},{"damage":4,"enemies":"Large Slime","floor":13,"turns":5},{"damage":8,"enemies":"Gremlin Nob","floor":14,"turns":3},{"damage":18,"enemies":"Slime Boss","floor":16,"turns":8},{"damage":6,"enemies":"2 Thieves","floor":18,"turns":3},{"damage":17,"enemies":"Shell Parasite","floor":19,"turns":2},{"damage":17,"floor":21,"turns":3},{"damage":15,"enemies":"Snecko","floor":25,"turns":4},{"damage":37,"enemies":"Slaver and Parasite","floor":27,"turns":4},{"damage":20,"enemies":"Sentry and Sphere","floor":29,"turns":4},{"damage":21,"enemies":"Snake Plant","floor":31,"turns":3},{"damage":90,"enemies":"Automaton","floor":33,"turns":7}],"relics_obtained":[{"floor":9,"key":"Bronze Scales"},{"floor":14,"key":"Whetstone"},{"floor":21,"key":"Red Mask"},{"floor":26,"key":"Boot"}],"event_choices":[{"event_name":"Shining Light","player_choice":"Entered Light","floor":3,"damage_taken":0},{"event_name":"Addict","player_choice":"Obtained Relic","floor":20,"damage_taken":0},{"event_name":"Masked Bandits","player_choice":"Fought over 128 gold","floor":21,"damage_taken":0},{"event_name":"Forgotten Altar","player_choice":"Shed Blood","floor":24,"damage_taken":0},{"event_name":"The Library","player_choice":"Heal","floor":28,"damage_taken":0}],"boss_relics":[{"not_picked":["Snecko Eye","Coffee Dripper"],"picked":"Pandora\u0027s Box"}],"items_purged_floors":[4,22],"is_endless":true,"potions_floor_spawned":[1,7,10,12,16,19,21,29],"seed_played":"292101456786305801","killed_by":"Automaton","ascension_level":0,"potions_obtained":[{"floor":1,"key":"SteroidPotion"},{"floor":7,"key":"Block Potion"},{"floor":10,"key":"Explosive Potion"},{"floor":16,"key":"Dexterity Potion"},{"floor":19,"key":"LiquidBronze"},{"floor":21,"key":"Fire Potion"},{"floor":29,"key":"SpeedPotion"}],"is_trial":false}