{"gold_per_floor":[212,212,50,69,69,69,100,100,100,162,162,172,200,219,219,324,324,334,334,334,10,24,24,37,37,37,49,62,0,0,72,72,72],"floor_reached":33,"playtime":1020,"items_purged":[],"score":344,"play_id":"3c1564c6-32ac-4280-9d8e-5f881de5d6e3","local_time":"20181212213803","is_ascension_mode":true,"campfire_choices":[{"floor":6,"key":"REST"},{"floor":8,"key":"REST"},{"data":"Shrug It Off","floor":11,"key":"SMITH"},{"data":"Iron Wave","floor":15,"key":"SMITH"},{"data":"Good Instincts","floor":23,"key":"SMITH"},{"data":"Demon Form","floor":25,"key":"SMITH"},{"data":"Defend_R","floor":32,"key":"SMITH"}],"neow_cost":"NONE","seed_source_timestamp":163316532951168,"circlet_count":0,"master_deck":["Strike_R+1","Strike_R","Strike_R","Strike_R","Strike_R+1","Defend_R+1","Defend_R","Defend_R","Defend_R","Bash","Anger","Feed","Cleave","Shrug It Off+1","Iron Wave+1","Rampage","Demon Form+1","Swift Strike","Inflame","Good Instincts+1","Heavy Blade+1"],"relics":["Burning Blood","Ornamental Fan","Omamori","Potion Belt","Odd Mushroom","Sozu","Anchor","Darkstone Periapt","Sundial"],"potions_floor_usage":[13,18,20],"damage_taken":[{"damage":4,"enemies":"Small Slimes","floor":1,"turns":4},{"damage":4,"enemies":"Jaw Worm","floor":4,"turns":3},{"damage":36,"enemies":"Lagavulin","floor":7,"turns":5},{"damage":0,"enemies":"2 Louse","floor":12,"turns":2},{"damage":0,"enemies":"The Mushroom Lair","floor":13,"turns":5},{"damage":2,"enemies":"2 Fungi Beasts","floor":14,"turns":3},{"damage":44,"enemies":"Slime Boss","floor":16,"turns":11},{"damage":2,"enemies":"Chosen","floor":18,"turns":5},{"damage":0,"enemies":"Spheric Guardian","floor":20,"turns":3},{"damage":7,"enemies":"Snecko","floor":22,"turns":5},{"damage":20,"enemies":"Sentry and Sphere","floor":24,"turns":6},{"damage":16,"enemies":"3 Cultists","floor":27,"turns":4},{"damage":0,"enemies":"Centurion and Healer","floor":28,"turns":5},{"damage":87,"enemies":"Collector","floor":33,"turns":6}],"seed_played":"2101313432288333561","potions_obtained":[{"floor":1,"key":"SmokeBomb"},{"floor":12,"key":"Block Potion"},{"floor":14,"key":"GamblersBrew"}],"is_trial":false,"path_per_floor":["M","?","$","M","T","R","E","R","T","?","R","M","?","M","R","B",null,"M","?","M","$","M","R","M","R","T","M","M","?","$","T","R","B"],"character_chosen":"IRONCLAD","items_purchased":["Feed","Inflame","Anchor","Good Instincts"],"campfire_rested":2,"item_purchase_floors":[3,21,21,21],"current_hp_per_floor":[74,58,58,63,63,83,53,77,77,77,77,86,89,92,92,54,83,87,87,92,92,94,94,83,83,83,76,85,85,85,85,85,0],"gold":72,"neow_bonus":"HUNDRED_GOLD","is_prod":false,"is_daily":false,"chose_seed":false,"campfire_upgraded":5,"win_rate":0,"timestamp":1544672283,"path_taken":["M","?","$","M","?","R","E","R","T","?","R","M","?","M","R","BOSS","M","?","M","$","M","R","M","R","T","M","?","?","$","?","R","BOSS"],"build_version":"2018-12-11","purchased_purges":0,"victory":false,"max_hp_per_floor":[80,80,80,83,83,83,83,83,83,83,83,86,89,92,92,92,92,92,92,92,92,95,95,98,98,98,101,104,104,104,104,104,104],"card_choices":[{"not_picked":["Intimidate","Shrug It Off"],"picked":"Anger","floor":1},{"not_picked":["Heavy Blade","Shockwave"],"picked":"Cleave","floor":4},{"not_picked":["Fiend Fire","Evolve"],"picked":"Shrug It Off","floor":7},{"not_picked":["Flex","Barricade"],"picked":"Iron Wave","floor":12},{"not_picked":["Reckless Charge","Twin Strike"],"picked":"Rampage","floor":14},{"not_picked":["Limit Break","Fiend Fire"],"picked":"Demon Form","floor":16},{"not_picked":["Seeing Red","Headbutt","Dual Wield"],"picked":"SKIP","floor":18},{"not_picked":["Rupture","Shrug It Off","Iron Wave"],"picked":"SKIP","floor":22},{"not_picked":["Carnage","True Grit+1"],"picked":"Heavy Blade+1","floor":24},{"not_picked":["Perfected Strike","Burning Pact","Combust"],"picked":"SKIP","floor":27},{"not_picked":["Havoc","Sever Soul+1","True Grit"],"picked":"SKIP","floor":28}],"player_experience":574336,"relics_obtained":[{"floor":5,"key":"Ornamental Fan"},{"floor":7,"key":"Omamori"},{"floor":9,"key":"Potion Belt"},{"floor":13,"key":"Odd Mushroom"},{"floor":26,"key":"Darkstone Periapt"},{"floor":31,"key":"Sundial"}],"event_choices":[{"damage_healed":0,"gold_gain":0,"player_choice":"Entered Light","damage_taken":16,"max_hp_gain":0,"max_hp_loss":0,"event_name":"Shining Light","floor":2,"gold_loss":0,"cards_upgraded":["Strike_R","Strike_R"]},{"damage_healed":0,"gold_gain":62,"player_choice":"Gained Gold","damage_taken":0,"max_hp_gain":0,"max_hp_loss":0,"event_name":"Golden Wing","floor":10,"gold_loss":0},{"damage_healed":0,"gold_gain":0,"player_choice":"Fought Mushrooms","damage_taken":0,"max_hp_gain":0,"max_hp_loss":0,"event_name":"Mushrooms","floor":13,"gold_loss":0},{"damage_healed":0,"gold_gain":0,"player_choice":"1 cards matched","damage_taken":0,"max_hp_gain":0,"max_hp_loss":0,"event_name":"Match and Keep!","floor":19,"gold_loss":0,"cards_obtained":["Swift Strike"]},{"damage_healed":0,"gold_gain":0,"player_choice":"Paid Fearfully","damage_taken":0,"max_hp_gain":0,"max_hp_loss":0,"event_name":"Masked Bandits","floor":29,"gold_loss":62}],"is_beta":true,"boss_relics":[{"not_picked":["Tiny House","Empty Cage"],"picked":"Sozu"}],"items_purged_floors":[],"is_endless":false,"potions_floor_spawned":[1,12,14,20,24,28],"killed_by":"Collector","ascension_level":6}