{"gold_per_floor":[113,113,129,145,220,220,239,239,239,267,24,39,53,72,72,72],"floor_reached":16,"playtime":1169,"items_purged":[],"score":140,"play_id":"c305ed45-dff9-4244-bdf6-a4830b88650e","local_time":"20180720085500","is_ascension_mode":true,"campfire_choices":[{"floor":6,"key":"REST"},{"data":"Clothesline","floor":8,"key":"SMITH"},{"floor":15,"key":"REST"}],"neow_cost":"NONE","seed_source_timestamp":554563927879079,"circlet_count":0,"master_deck":["Strike_R","Strike_R","Strike_R","Strike_R","Defend_R","Defend_R","Defend_R","Defend_R","Bash+1","Second Wind","Clothesline+1","Shrug It Off","Reaper","Shockwave","True Grit","Sever Soul+1"],"relics":["Burning Blood","Dodecahedron","Bird Faced Urn","Molten Egg 2"],"potions_floor_usage":[10,16],"damage_taken":[{"damage":8,"enemies":"Jaw Worm","floor":1,"turns":4},{"damage":0,"enemies":"2 Louse","floor":3,"turns":3},{"damage":10,"enemies":"Small Slimes","floor":4,"turns":4},{"damage":8,"enemies":"Blue Slaver","floor":7,"turns":4},{"damage":22,"enemies":"3 Sentries","floor":10,"turns":10},{"damage":28,"enemies":"Lots of Slimes","floor":12,"turns":6},{"damage":34,"enemies":"Gremlin Gang","floor":13,"turns":9},{"damage":6,"enemies":"Large Slime","floor":14,"turns":8},{"damage":74,"enemies":"The Guardian","floor":16,"turns":15}],"seed_played":"-542717831862861457","potions_obtained":[{"floor":1,"key":"GamblersBrew"},{"floor":4,"key":"Fire Potion"}],"is_trial":false,"path_per_floor":["M","?","M","M","?","R","M","R","T","E","$","M","M","M","R"],"character_chosen":"IRONCLAD","items_purchased":["Molten Egg 2"],"campfire_rested":2,"item_purchase_floors":[11],"current_hp_per_floor":[70,70,76,72,61,80,78,78,78,62,62,52,30,38,62,0],"gold":72,"neow_bonus":"UPGRADE_CARD","is_prod":false,"is_daily":false,"chose_seed":false,"campfire_upgraded":1,"win_rate":0,"timestamp":1532091300,"path_taken":["M","?","M","M","?","R","?","R","T","E","$","?","?","M","R","BOSS"],"build_version":"2018-07-12","purchased_purges":0,"victory":false,"max_hp_per_floor":[80,80,80,80,80,80,80,80,80,80,80,80,80,80,80,80],"card_choices":[{"not_picked":["Sever Soul","Wild Strike"],"picked":"Second Wind","floor":1},{"not_picked":["Armaments","Clash","Hemokinesis"],"picked":"SKIP","floor":3},{"not_picked":["True Grit","Sentinel"],"picked":"Clothesline","floor":4},{"not_picked":["Sentinel","Thunderclap"],"picked":"Shrug It Off","floor":7},{"not_picked":["Feed","Sword Boomerang"],"picked":"Reaper","floor":10},{"not_picked":["Carnage+1","Iron Wave+1"],"picked":"Shockwave","floor":12},{"not_picked":["Thunderclap+1","Shrug It Off"],"picked":"True Grit","floor":13},{"not_picked":["Intimidate","Dual Wield"],"picked":"Sever Soul+1","floor":14}],"player_experience":1177015,"relics_obtained":[{"floor":9,"key":"Dodecahedron"},{"floor":10,"key":"Bird Faced Urn"}],"event_choices":[{"event_name":"Living Wall","player_choice":"Forget","floor":2,"damage_taken":0},{"event_name":"World of Goop","player_choice":"Gather Gold","floor":5,"damage_taken":0}],"boss_relics":[],"items_purged_floors":[],"is_endless":false,"potions_floor_spawned":[1,4],"killed_by":"The Guardian","ascension_level":7}