{"gold_per_floor":[114,189,18,32,32,32,57,57,114,114,134,151,151,74,74,149,149,168,181,181,181],"floor_reached":21,"playtime":863,"items_purged":[],"score":354,"play_id":"2a6c7e34-b82b-41b9-8cda-d4e33d2f7d90","local_time":"20190211162413","is_ascension_mode":true,"campfire_choices":[{"data":"Neutralize","floor":6,"key":"SMITH"},{"data":"Dash","floor":8,"key":"SMITH"},{"data":"Terror","floor":13,"key":"SMITH"},{"data":"Envenom","floor":15,"key":"SMITH"}],"neow_cost":"CURSE","seed_source_timestamp":233017459336155,"circlet_count":0,"master_deck":["AscendersBane","Defend_G","Defend_G","Defend_G","Defend_G","Defend_G","Strike_G","Strike_G","Strike_G","Strike_G","Strike_G","Survivor","Neutralize+1","Dash+1","PiercingWail","Backstab","Terror+1","Backflip","Envenom+1","Tools of the Trade","Cloak And Dagger","Distraction"],"relics":["Ring of the Snake","WingedGreaves","PreservedInsect","Ancient Tea Set","Tiny Chest","Cursed Key"],"potions_floor_usage":[12,19,21],"damage_taken":[{"damage":8,"enemies":"Jaw Worm","floor":1,"turns":5},{"damage":0,"enemies":"2 Louse","floor":4,"turns":4},{"damage":27,"enemies":"Gremlin Nob","floor":7,"turns":5},{"damage":1,"enemies":"Cultist","floor":11,"turns":3},{"damage":0,"enemies":"2 Fungi Beasts","floor":12,"turns":2},{"damage":4,"enemies":"The Guardian","floor":16,"turns":15},{"damage":20,"enemies":"Spheric Guardian","floor":18,"turns":10},{"damage":16,"enemies":"3 Byrds","floor":19,"turns":6},{"damage":22,"enemies":"Sentry and Sphere","floor":21,"turns":6}],"seed_played":"-583054557579830146","potions_obtained":[{"floor":1,"key":"Explosive Potion"},{"floor":11,"key":"AttackPotion"},{"floor":12,"key":"Energy Potion"}],"is_trial":false,"path_per_floor":["M","?","$","M","?","R","E","R","T","?","M","M","R","$","R","B",null,"M","M","?","M"],"character_chosen":"THE_SILENT","items_purchased":["PreservedInsect","Envenom"],"campfire_rested":0,"item_purchase_floors":[3,14],"current_hp_per_floor":[51,40,40,40,45,45,18,18,18,18,17,17,17,17,17,13,57,37,21,21,0],"gold":181,"neow_bonus":"ONE_RARE_RELIC","is_prod":false,"is_daily":false,"chose_seed":false,"campfire_upgraded":4,"win_rate":0,"timestamp":1549898653,"path_taken":["M","?","$","M","?","R","E","R","T","?","M","M","R","$","R","BOSS","M","M","?","?"],"build_version":"2019-01-23","purchased_purges":0,"victory":false,"max_hp_per_floor":[66,66,66,66,71,71,71,71,71,71,71,71,71,71,71,71,71,71,71,71,71],"card_choices":[{"not_picked":["Choke","Slice"],"picked":"Dash","floor":1},{"not_picked":["Quick Slash","Flying Knee"],"picked":"PiercingWail","floor":4},{"not_picked":["Deflect","Prepared"],"picked":"Backstab","floor":7},{"not_picked":["Dagger Throw","Bane"],"picked":"Terror","floor":11},{"not_picked":["Underhanded Strike","Masterful Stab"],"picked":"Backflip","floor":12},{"not_picked":["Venomology","Storm of Steel"],"picked":"Tools of the Trade","floor":16},{"not_picked":["PiercingWail","Flying Knee+1"],"picked":"Cloak And Dagger","floor":18},{"not_picked":["Flying Knee","Deflect"],"picked":"Distraction","floor":19}],"player_experience":1400948,"relics_obtained":[{"floor":7,"key":"Ancient Tea Set"},{"floor":9,"key":"Tiny Chest"}],"event_choices":[{"damage_healed":0,"gold_gain":75,"player_choice":"Gather Gold","damage_taken":11,"max_hp_gain":0,"max_hp_loss":0,"event_name":"World of Goop","floor":2,"gold_loss":0},{"damage_healed":0,"gold_gain":0,"player_choice":"Donut","damage_taken":0,"max_hp_gain":5,"max_hp_loss":0,"event_name":"Big Fish","floor":5,"gold_loss":0},{"damage_healed":0,"gold_gain":0,"player_choice":"Ignored","damage_taken":0,"max_hp_gain":0,"max_hp_loss":0,"event_name":"Shining Light","floor":10,"gold_loss":0},{"cards_removed":["Clumsy"],"damage_healed":0,"gold_gain":0,"player_choice":"Purged","damage_taken":0,"max_hp_gain":0,"max_hp_loss":0,"event_name":"Purifier","floor":20,"gold_loss":0}],"is_beta":false,"boss_relics":[{"not_picked":["Lizard Tail","Snecko Eye"],"picked":"Cursed Key"}],"items_purged_floors":[],"is_endless":false,"potions_floor_spawned":[1,11,12],"killed_by":"Sentry and Sphere","ascension_level":20}