{"gold_per_floor":[113,132,132,147,165,165,176,208,208,238,253,253,253,268,268,365,365,383,308,318,337,354,354,365,365,365,365,383,383,394,394,394,394],"floor_reached":33,"playtime":2221,"items_purged":[],"score":354,"play_id":"191a8f7f-4fcd-4d3b-ae21-5f1e466d75cf","local_time":"20190216120416","is_ascension_mode":true,"campfire_choices":[{"data":"Leap","floor":6.0,"key":"SMITH"},{"data":"Streamline","floor":12.0,"key":"SMITH"},{"floor":15.0,"key":"REST"},{"data":"Echo Form","floor":23.0,"key":"SMITH"},{"data":"Coolheaded","floor":25,"key":"SMITH"},{"data":"Auto Shields","floor":27,"key":"SMITH"},{"floor":32,"key":"REST"}],"neow_cost":"NONE","seed_source_timestamp":0,"circlet_count":0,"master_deck":["Strike_B","Strike_B","Defend_B","Defend_B","Defend_B+1","Defend_B+1","Zap","Dualcast","Hyperbeam","Leap+1","Streamline+1","Sweeping Beam","Blizzard","Melter+1","Echo Form+1","Streamline+1","Go for the Eyes+1","Coolheaded+1","Auto Shields+1","Chill+1"],"special_seed":0,"relics":["Cracked Core","War Paint","Molten Egg 2","Meat on the Bone","Eternal Feather","Blue Candle"],"potions_floor_usage":[24,33,33],"damage_taken":[{"damage":0.0,"enemies":"Cultist","floor":1.0,"turns":2.0},{"damage":9.0,"enemies":"2 Louse","floor":2.0,"turns":2.0},{"damage":0.0,"enemies":"Jaw Worm","floor":4.0,"turns":3.0},{"damage":0.0,"enemies":"2 Fungi Beasts","floor":5.0,"turns":2.0},{"damage":6.0,"enemies":"Blue Slaver","floor":7.0,"turns":4.0},{"damage":8.0,"enemies":"3 Sentries","floor":8.0,"turns":5.0},{"damage":4.0,"enemies":"Large Slime","floor":11.0,"turns":5.0},{"damage":14.0,"enemies":"Gremlin Gang","floor":14.0,"turns":3.0},{"damage":48.0,"enemies":"Hexaghost","floor":16.0,"turns":12.0},{"damage":9.0,"enemies":"Chosen","floor":18.0,"turns":6.0},{"damage":30.0,"enemies":"3 Byrds","floor":20.0,"turns":3.0},{"damage":8.0,"enemies":"Cultist and Chosen","floor":21.0,"turns":4.0},{"damage":27.0,"enemies":"Shelled Parasite and Fungi","floor":22.0,"turns":5.0},{"damage":21,"enemies":"Snake Plant","floor":24,"turns":4},{"damage":9,"enemies":"Centurion and Healer","floor":28,"turns":5},{"damage":16,"enemies":"Cultist and Chosen","floor":30,"turns":7},{"damage":76,"enemies":"Champ","floor":33,"turns":13}],"seed_played":"-6848798227476794820","potions_obtained":[{"floor":2.0,"key":"GamblersBrew"},{"floor":11.0,"key":"FocusPotion"},{"floor":14.0,"key":"Weak Potion"},{"floor":20.0,"key":"Weak Potion"},{"floor":22.0,"key":"LiquidBronze"},{"floor":28,"key":"AttackPotion"}],"is_trial":false,"path_per_floor":["M","M","?","M","M","R","M","E","T","?","M","R","?","M","R","B",null,"M","?","M","M","M","R","M","R","T","R","M","?","M","?","R","B"],"character_chosen":"DEFECT","items_purchased":[],"campfire_rested":2,"item_purchase_floors":[],"current_hp_per_floor":[68,59,59,59,59,59,53,45,45,45,41,41,38,36,58,22,62,53,53,35,39,24,33,24,33,33,42,45,38,34,34,68,0],"gold":394,"neow_bonus":"ONE_RANDOM_RARE_CARD","is_prod":false,"is_daily":false,"chose_seed":false,"campfire_upgraded":5,"win_rate":0,"timestamp":1550289856,"path_taken":["M","?","?","M","M","R","M","E","T","?","M","R","?","M","R","BOSS","M","?","M","M","M","R","M","R","T","R","M","?","?","?","R","BOSS"],"build_version":"2019-01-23","purchased_purges":0,"victory":false,"max_hp_per_floor":[75,75,75,75,75,75,75,75,75,75,75,75,75,75,75,75,75,75,75,75,75,75,75,75,75,75,75,75,75,75,75,75,75],"card_choices":[{"not_picked":["Beam Cell","Stack","Rebound"],"picked":"SKIP","floor":1.0},{"not_picked":["Rebound","Stack"],"picked":"Leap","floor":2.0},{"not_picked":["Fusion","Compile Driver"],"picked":"Streamline","floor":4.0},{"not_picked":["Beam Cell","Darkness"],"picked":"Sweeping Beam","floor":5.0},{"not_picked":["Static Discharge","Gash"],"picked":"Blizzard","floor":7.0},{"not_picked":["Sweeping Beam","Heatsinks","Scrape"],"picked":"SKIP","floor":8.0},{"not_picked":["Leap","Redo"],"picked":"Melter+1","floor":11.0},{"not_picked":["Turbo","Genetic Algorithm","Ball Lightning+1"],"picked":"SKIP","floor":14.0},{"not_picked":["Thunder Strike+1","Fission"],"picked":"Echo Form","floor":16.0},{"not_picked":["Ball Lightning+1","Tempest+1"],"picked":"Streamline+1","floor":18.0},{"not_picked":["Chaos","Streamline+1"],"picked":"Go for the Eyes+1","floor":20.0},{"not_picked":["Redo","Beam Cell+1"],"picked":"Coolheaded","floor":21.0},{"not_picked":["Sweeping Beam+1","Turbo","Sunder+1"],"picked":"SKIP","floor":22.0},{"not_picked":["Go for the Eyes+1","Tempest+1"],"picked":"Auto Shields","floor":24},{"not_picked":["Recycle+1","Turbo","Stack"],"picked":"SKIP","floor":28},{"not_picked":["Go for the Eyes+1","FTL+1"],"picked":"Chill+1","floor":30}],"player_experience":645129,"relics_obtained":[{"floor":8.0,"key":"War Paint"},{"floor":9.0,"key":"Molten Egg 2"},{"floor":26,"key":"Blue Candle"}],"event_choices":[{"cards_removed":["Strike_B"],"damage_healed":0.0,"max_hp_gain":0.0,"max_hp_loss":0.0,"gold_gain":0.0,"event_name":"Living Wall","player_choice":"Forget","floor":3.0,"gold_loss":0.0,"damage_taken":0.0},{"damage_healed":0.0,"max_hp_gain":0.0,"max_hp_loss":0.0,"gold_gain":30.0,"event_name":"Dead Adventurer","player_choice":"Searched \u00272\u0027 times","floor":10.0,"gold_loss":0.0,"damage_taken":0.0},{"damage_healed":0.0,"max_hp_gain":0.0,"max_hp_loss":0.0,"gold_gain":0.0,"event_name":"Scrap Ooze","player_choice":"Success","floor":13.0,"gold_loss":0.0,"damage_taken":3.0,"relics_obtained":["Meat on the Bone"]},{"cards_removed":["Strike_B"],"damage_healed":0.0,"max_hp_gain":0.0,"max_hp_loss":0.0,"gold_gain":0.0,"event_name":"Beggar","player_choice":"Gave Gold","floor":19.0,"gold_loss":75.0,"damage_taken":0.0},{"damage_healed":0,"gold_gain":0,"player_choice":"","damage_taken":7,"max_hp_gain":0,"max_hp_loss":0,"event_name":"Knowing Skull","floor":29,"potions_obtained":[],"gold_loss":0,"cards_obtained":[]},{"damage_healed":0,"gold_gain":0,"player_choice":"Ignored","damage_taken":0,"max_hp_gain":0,"max_hp_loss":0,"event_name":"Vampires","floor":31,"gold_loss":0}],"is_beta":false,"boss_relics":[{"not_picked":["Runic Dome","Calling Bell"],"picked":"Eternal Feather"}],"items_purged_floors":[],"is_endless":false,"potions_floor_spawned":[2,11,14,20,22,28],"killed_by":"Champ","ascension_level":8}