{"gold_per_floor":[110,126,126,176,14,41,57,90,90,110,121,133,133,162,162,237,237,251,166,166,52,62,62],"floor_reached":23,"playtime":765,"items_purged":["Strike_B"],"score":460,"play_id":"ccfbd382-26b5-4939-b4db-42e0c38c74a8","local_time":"20190201095016","is_ascension_mode":true,"campfire_choices":[{"data":"Echo Form","floor":13,"key":"SMITH"},{"floor":15,"key":"REST"}],"neow_cost":"NONE","seed_source_timestamp":681690582540418,"circlet_count":0,"master_deck":["AscendersBane","Strike_B","Defend_B","Defend_B","Defend_B","Defend_B","Zap","Dualcast","Loop","Leap","Echo Form+1","Chill","Ball Lightning","Static Discharge","Rip and Tear","Ball Lightning","Steam","Core Surge","Ball Lightning","Machine Learning","Heatsinks","BootSequence","Auto Shields"],"special_seed":0,"relics":["Cracked Core","NeowsBlessing","Pear","Cables","Bottled Flame","Omamori","Empty Cage","Ancient Tea Set","Shuriken"],"potions_floor_usage":[11,14],"damage_taken":[{"damage":0.0,"enemies":"Small Slimes","floor":1.0,"turns":1.0},{"damage":0.0,"enemies":"Cultist","floor":2.0,"turns":1.0},{"damage":0,"enemies":"Gremlin Nob","floor":6,"turns":1},{"damage":12,"enemies":"Jaw Worm","floor":7,"turns":4},{"damage":3,"enemies":"Lagavulin","floor":8,"turns":7},{"damage":8,"enemies":"Looter","floor":10,"turns":3},{"damage":12,"enemies":"Lots of Slimes","floor":11,"turns":2},{"damage":0,"enemies":"2 Fungi Beasts","floor":12,"turns":2},{"damage":20,"enemies":"Gremlin Nob","floor":14,"turns":4},{"damage":25,"enemies":"Slime Boss","floor":16,"turns":8},{"damage":13,"enemies":"3 Byrds","floor":18,"turns":4},{"damage":20,"enemies":"Spheric Guardian","floor":22,"turns":4},{"damage":41,"enemies":"Gremlin Leader","floor":23,"turns":6}],"seed_played":"-3917646953275694466","potions_obtained":[{"floor":1.0,"key":"Swift Potion"},{"floor":6,"key":"Explosive Potion"},{"floor":11,"key":"Block Potion"},{"floor":14,"key":"SteroidPotion"}],"is_trial":false,"path_per_floor":["M","M","?","?","$","E","M","E","T","M","M","M","R","E","R","B",null,"M","?","?","$","M","E"],"character_chosen":"DEFECT","items_purchased":["Echo Form","Chill","BootSequence"],"campfire_rested":1,"item_purchase_floors":[5,5,21],"current_hp_per_floor":[64,64,69,69,69,79,67,64,64,56,44,44,44,24,49,24,71,58,58,58,58,38,0],"gold":62,"neow_bonus":"THREE_ENEMY_KILL","is_prod":false,"is_daily":false,"chose_seed":false,"campfire_upgraded":1,"win_rate":0,"timestamp":1549032616,"path_taken":["M","M","?","?","$","E","M","E","T","M","M","?","R","E","R","BOSS","M","?","?","$","M","E"],"build_version":"2019-01-23","purchased_purges":1,"victory":false,"max_hp_per_floor":[71,71,76,76,76,86,86,86,86,86,86,86,86,86,86,86,86,86,86,86,86,86,86],"card_choices":[{"not_picked":["Reprogram","Lockon"],"picked":"Loop","floor":1.0},{"not_picked":["Cold Snap","Gash"],"picked":"Leap","floor":2.0},{"not_picked":["White Noise","Sweeping Beam"],"picked":"Ball Lightning","floor":6},{"not_picked":["Echo Form","Compile Driver"],"picked":"Static Discharge","floor":7},{"not_picked":["Go for the Eyes","Fission"],"picked":"Rip and Tear","floor":8},{"not_picked":["Stack","Redo"],"picked":"Ball Lightning","floor":10},{"not_picked":["Compile Driver","Darkness"],"picked":"Steam","floor":11},{"not_picked":["Gash","Stack"],"picked":"Core Surge","floor":12},{"not_picked":["Barrage","Chaos"],"picked":"Ball Lightning","floor":14},{"not_picked":["Amplify","All For One"],"picked":"Machine Learning","floor":16},{"not_picked":["Go for the Eyes+1","Redo"],"picked":"Heatsinks","floor":18},{"not_picked":["Streamline","Sweeping Beam"],"picked":"Auto Shields","floor":22}],"player_experience":2265161,"relics_obtained":[{"floor":6,"key":"Pear"},{"floor":8,"key":"Cables"},{"floor":9,"key":"Bottled Flame"},{"floor":14,"key":"Omamori"}],"event_choices":[{"damage_healed":0.0,"max_hp_gain":5.0,"max_hp_loss":0.0,"gold_gain":0.0,"event_name":"Big Fish","player_choice":"Donut","floor":3.0,"gold_loss":0.0,"damage_taken":0.0},{"damage_healed":0.0,"max_hp_gain":0.0,"max_hp_loss":0.0,"gold_gain":50.0,"event_name":"Golden Shrine","player_choice":"Pray","floor":4.0,"gold_loss":0.0,"damage_taken":0.0},{"damage_healed":0,"gold_gain":0,"player_choice":"Obtained Relic","damage_taken":0,"relics_obtained":["Ancient Tea Set"],"max_hp_gain":0,"max_hp_loss":0,"event_name":"Addict","floor":19,"gold_loss":85},{"damage_healed":0,"gold_gain":0,"player_choice":"Gave Potion","damage_taken":0,"relics_obtained":["Shuriken"],"max_hp_gain":0,"max_hp_loss":0,"event_name":"WeMeetAgain","floor":20,"gold_loss":0}],"is_beta":false,"boss_relics":[{"not_picked":["Nuclear Battery","Runic Pyramid"],"picked":"Empty Cage"}],"items_purged_floors":[21],"is_endless":false,"potions_floor_spawned":[1,6,7,10,11,14],"killed_by":"Gremlin Leader","ascension_level":19}