{"gold_per_floor":[111,124,140,158,9,41,41,103,103,103,119,152,152,169,169,270,270,284,297,0,18,33,33,46,46,46,64,64,95,105,124,124,227,277,291,308,27,127,146,146,181,181,231,242,242,259,259,60,60,60,60,60,9,37,37],"floor_reached":56,"playtime":3551,"items_purged":["Defend_B","Strike_B","Writhe"],"score":1188,"play_id":"7dcf1e82-3ab6-4f4f-827a-4e3d01af07a4","local_time":"20190213192412","is_ascension_mode":false,"campfire_choices":[{"data":"Creative AI","floor":7,"key":"SMITH"},{"floor":10,"key":"REST"},{"floor":15,"key":"REST"},{"data":"Seek","floor":23,"key":"SMITH"},{"data":"Skim","floor":25,"key":"SMITH"},{"data":"Go for the Eyes","floor":28,"key":"SMITH"},{"data":"Hologram","floor":32,"key":"SMITH"},{"data":"Amplify","floor":40,"key":"SMITH"},{"data":"Panache","floor":42,"key":"SMITH"},{"floor":49,"key":"RECALL"},{"data":"Echo Form","floor":52,"key":"SMITH"}],"neow_cost":"NONE","seed_source_timestamp":27150180663261,"circlet_count":0,"master_deck":["Strike_B","Strike_B","Defend_B","Defend_B","Defend_B","Zap+1","Dualcast","Cold Snap","Go for the Eyes+1","Rip and Tear","Creative AI+1","Amplify+1","Sweeping Beam","Skim+1","Conserve Battery+1","Streamline","Seek+1","Self Repair","Sweeping Beam+1","Turbo+1","Hologram+1","Electrodynamics","Conserve Battery+1","Coolheaded+1","Panache+1","Heatsinks+1","Hologram+1","Biased Cognition+1","Leap","Flash of Steel","Echo Form+1","FTL+1"],"relics":["Cracked Core","Kunai","Bottled Lightning","Letter Opener","Potion Belt","Cursed Key","Thread and Needle","FossilizedHelix","Tiny House","Shovel","Mercury Hourglass","Happy Flower"],"potions_floor_usage":[3,6,6,6,19,29,29,39,41,55,55,55],"damage_taken":[{"damage":0,"enemies":"Cultist","floor":1,"turns":3},{"damage":3,"enemies":"2 Louse","floor":2,"turns":2},{"damage":0,"enemies":"Small Slimes","floor":3,"turns":2},{"damage":21,"enemies":"Gremlin Gang","floor":4,"turns":4},{"damage":13,"enemies":"Gremlin Nob","floor":6,"turns":4},{"damage":19,"enemies":"Gremlin Nob","floor":8,"turns":4},{"damage":7,"enemies":"Red Slaver","floor":11,"turns":2},{"damage":14,"enemies":"Lagavulin","floor":12,"turns":7},{"damage":10,"enemies":"Exordium Thugs","floor":14,"turns":3},{"damage":15,"enemies":"The Guardian","floor":16,"turns":10},{"damage":0,"enemies":"Chosen","floor":18,"turns":4},{"damage":6,"enemies":"2 Thieves","floor":19,"turns":4},{"damage":5,"enemies":"Snecko","floor":21,"turns":4},{"damage":2,"enemies":"3 Cultists","floor":22,"turns":4},{"damage":0,"enemies":"Cultist and Chosen","floor":24,"turns":6},{"damage":11,"enemies":"Snake Plant","floor":27,"turns":5},{"damage":21,"enemies":"Slavers","floor":29,"turns":5},{"damage":7,"enemies":"Chosen and Byrds","floor":30,"turns":6},{"damage":0,"enemies":"Centurion and Healer","floor":31,"turns":4},{"damage":32,"enemies":"Collector","floor":33,"turns":6},{"damage":0,"enemies":"3 Shapes","floor":35,"turns":3},{"damage":8,"enemies":"Orb Walker","floor":36,"turns":4},{"damage":0,"enemies":"Mind Bloom Boss Battle","floor":38,"turns":7},{"damage":0,"enemies":"4 Shapes","floor":39,"turns":3},{"damage":0,"enemies":"Reptomancer","floor":41,"turns":6},{"damage":1,"enemies":"Jaw Worm Horde","floor":44,"turns":3},{"damage":0,"enemies":"Transient","floor":46,"turns":5},{"damage":17,"enemies":"Time Eater","floor":50,"turns":9},{"damage":10,"enemies":"Shield and Spear","floor":54,"turns":4},{"damage":40,"enemies":"The Heart","floor":55,"turns":6}],"seed_played":"4256315078479980943","potions_obtained":[{"floor":1,"key":"Poison Potion"},{"floor":2,"key":"Swift Potion"},{"floor":4,"key":"AttackPotion"},{"floor":11,"key":"Dexterity Potion"},{"floor":14,"key":"Dexterity Potion"},{"floor":18,"key":"SpeedPotion"},{"floor":21,"key":"Weak Potion"},{"floor":27,"key":"EssenceOfSteel"},{"floor":30,"key":"SneckoOil"},{"floor":31,"key":"Energy Potion"},{"floor":34,"key":"Swift Potion"},{"floor":38,"key":"Block Potion"},{"floor":44,"key":"AttackPotion"},{"floor":54,"key":"LiquidBronze"}],"is_trial":false,"path_per_floor":["M","M","M","M","$","E","R","?","T","R","M","E","?","M","R","B",null,"M","M","$","M","M","R","M","R","T","M","R","E","M","M","R","B",null,"M","M","$","?","M","R","E","R","T","M","?","M","?","$","R","B",null,"R","$","E","B",null],"character_chosen":"DEFECT","items_purchased":["Regen Potion","Thread and Needle","Panache","Echo Form","Weak Potion"],"campfire_rested":2,"item_purchase_floors":[5,20,37,48,53],"current_hp_per_floor":[75,72,72,51,51,50,50,31,31,53,46,32,32,22,44,29,75,75,69,69,64,62,62,62,62,62,65,65,51,51,58,58,33,80,80,79,79,80,80,80,80,80,80,80,80,80,80,80,80,77,80,80,80,80,40],"gold":37,"neow_bonus":"UPGRADE_CARD","is_prod":false,"is_daily":false,"chose_seed":false,"campfire_upgraded":8,"win_rate":0,"timestamp":1550085852,"path_taken":["M","?","M","?","?","E","R","?","T","R","M","E","?","M","R","BOSS","M","M","$","M","M","R","M","R","T","?","R","E","M","M","R","BOSS","M","M","$","?","M","R","E","R","T","M","?","?","?","$","R","BOSS","R","$","E","BOSS"],"build_version":"2019-02-06","purchased_purges":3,"victory":true,"max_hp_per_floor":[75,75,75,75,75,75,75,75,75,75,75,75,75,75,75,75,75,75,75,75,75,75,75,75,75,75,75,75,75,75,75,75,75,80,80,80,80,80,80,80,80,80,80,80,80,80,80,80,80,80,80,80,80,80,80],"card_choices":[{"not_picked":["Redo","Darkness"],"picked":"Cold Snap","floor":1},{"not_picked":["Force Field","Tempest"],"picked":"Go for the Eyes","floor":2},{"not_picked":["Go for the Eyes","Beam Cell"],"picked":"Rip and Tear","floor":3},{"not_picked":["Streamline","Loop"],"picked":"Creative AI","floor":4},{"not_picked":["Lockon","Storm"],"picked":"Amplify","floor":6},{"not_picked":["Sunder","Doom and Gloom"],"picked":"Sweeping Beam","floor":8},{"not_picked":["Consume","Sweeping Beam"],"picked":"Skim","floor":11},{"not_picked":["Stack","Sweeping Beam"],"picked":"Conserve Battery","floor":12},{"not_picked":["Scrape","Sweeping Beam"],"picked":"Streamline","floor":14},{"not_picked":["Multi-Cast","Hyperbeam"],"picked":"Seek","floor":16},{"not_picked":["Hello World+1","Gash","Go for the Eyes"],"picked":"SKIP","floor":18},{"not_picked":["Cold Snap","Barrage","Go for the Eyes"],"picked":"SKIP","floor":19},{"not_picked":["Steam Power","Stack","Beam Cell"],"picked":"SKIP","floor":21},{"not_picked":["Turbo+1","Tempest","Amplify"],"picked":"SKIP","floor":22},{"not_picked":["Ball Lightning+1","Leap+1"],"picked":"Self Repair","floor":24},{"not_picked":["Redo","Ball Lightning","Turbo"],"picked":"SKIP","floor":27},{"not_picked":["Genetic Algorithm","Rebound"],"picked":"Sweeping Beam+1","floor":29},{"not_picked":["Ball Lightning+1","Fusion"],"picked":"Turbo+1","floor":30},{"not_picked":["Tempest+1","Scrape"],"picked":"Hologram","floor":31},{"not_picked":["Core Surge","Thunder Strike"],"picked":"Electrodynamics","floor":33},{"not_picked":["Doom and Gloom","Stack"],"picked":"Conserve Battery+1","floor":34},{"not_picked":["Heatsinks","Beam Cell+1"],"picked":"Coolheaded+1","floor":35},{"not_picked":["Redo","Melter+1","Rebound+1"],"picked":"SKIP","floor":36},{"not_picked":["Chaos","Redo+1"],"picked":"Heatsinks+1","floor":38},{"not_picked":["Redo","Undo"],"picked":"Hologram+1","floor":39},{"not_picked":["Beam Cell+1","Multi-Cast","Glacier"],"picked":"SKIP","floor":41},{"not_picked":["Glacier","Gash","Beam Cell+1"],"picked":"SKIP","floor":44},{"not_picked":["Stack+1","Chaos+1","Reprogram"],"picked":"SKIP","floor":46},{"not_picked":["Stack+1","Chaos+1","Reprogram"],"picked":"SKIP","floor":46},{"not_picked":["Undo","Reboot"],"picked":"FTL+1","floor":54}],"player_experience":901454,"relics_obtained":[{"floor":6,"key":"Kunai"},{"floor":8,"key":"Bottled Lightning"},{"floor":9,"key":"Letter Opener"},{"floor":12,"key":"Potion Belt"},{"floor":29,"key":"FossilizedHelix"},{"floor":38,"key":"Shovel"},{"floor":41,"key":"Mercury Hourglass"},{"floor":54,"key":"Happy Flower"}],"event_choices":[{"damage_healed":0,"gold_gain":0,"player_choice":"Searched \u00272\u0027 times","damage_taken":0,"max_hp_gain":0,"max_hp_loss":0,"event_name":"Dead Adventurer","floor":8,"gold_loss":0},{"cards_removed":["Strike_B"],"damage_healed":0,"gold_gain":0,"player_choice":"Purged","damage_taken":0,"max_hp_gain":0,"max_hp_loss":0,"event_name":"Purifier","floor":13,"gold_loss":0},{"damage_healed":0,"gold_gain":0,"player_choice":"Fight","damage_taken":0,"max_hp_gain":0,"max_hp_loss":0,"event_name":"MindBloom","floor":38,"gold_loss":0},{"damage_healed":0,"gold_gain":0,"player_choice":"3 cards matched","damage_taken":0,"max_hp_gain":0,"max_hp_loss":0,"event_name":"Match and Keep!","floor":45,"gold_loss":0,"cards_obtained":["Biased Cognition","Leap","Flash of Steel"]},{"damage_healed":0,"gold_gain":0,"player_choice":"Upgraded","damage_taken":0,"max_hp_gain":0,"max_hp_loss":0,"event_name":"Upgrade Shrine","floor":47,"gold_loss":0,"cards_upgraded":["Biased Cognition"]}],"is_beta":true,"boss_relics":[{"not_picked":["Calling Bell","Sozu"],"picked":"Cursed Key"},{"not_picked":["Fusion Hammer","Runic Dome"],"picked":"Tiny House"}],"items_purged_floors":[5,37,48],"is_endless":false,"potions_floor_spawned":[1,2,4,11,14,18,21,27,30,31,38,44,54],"ascension_level":0}