{"gold_per_floor":[115,135,155,155,168,168,196,196,196,209,239,239,253,50,50,147,147,162,177,31,45,60,95,95,129,182,182,182,200,200,200,200,305,305,325,249,249,260,273,307,307,307,307,307,338,358,386,398,398,398],"floor_reached":51,"playtime":5117,"items_purged":[],"score":1152,"play_id":"79ffc35e-3819-46a5-93ea-f75ec460cb18","local_time":"20180730204527","is_ascension_mode":true,"campfire_choices":[{"data":"Cloak And Dagger","floor":6.0,"key":"SMITH"},{"data":"Dash","floor":8.0,"key":"SMITH"},{"data":"Neutralize","floor":15.0,"key":"SMITH"},{"floor":24,"key":"REST"},{"data":"A Thousand Cuts","floor":27,"key":"SMITH"},{"data":"Poisoned Stab","floor":32,"key":"SMITH"},{"data":"Noxious Fumes","floor":41,"key":"SMITH"},{"data":"Tools of the Trade","floor":44,"key":"SMITH"},{"data":"Poisoned Stab","floor":49,"key":"SMITH"}],"neow_cost":"NONE","seed_source_timestamp":17695550520590,"circlet_count":0,"master_deck":["Defend_G","Defend_G","Defend_G","Defend_G","Defend_G","Survivor","Neutralize+1","Cloak And Dagger+1","Backflip","Dash+1","Infinite Blades","Sucker Punch","Dodge and Roll+1","Crippling Poison+1","A Thousand Cuts+1","Blur+1","Dodge and Roll+1","Poisoned Stab+1","Crippling Poison+1","Crippling Poison+1","Poisoned Stab+1","Corpse Explosion+1","Bite","Bite","Bite","Bite","Bite","Backflip+1","Tools of the Trade+1","Cloak And Dagger+1","Noxious Fumes+1","Madness+1","Madness+1","Backflip+1","PiercingWail+1","Infinite Blades"],"special_seed":0,"relics":["Ring of the Snake","Question Card","Toxic Egg 2","Centennial Puzzle","Paper Crane","Sling","Sozu","Vajra","Dream Catcher","Kunai","Tiny Chest","Smiling Mask","Busted Crown","Bag of Preparation","Pen Nib","Pantograph","Bag of Marbles"],"potions_floor_usage":[21,25],"damage_taken":[{"damage":1.0,"enemies":"Cultist","floor":1.0,"turns":6.0},{"damage":0.0,"enemies":"2 Louse","floor":2.0,"turns":3.0},{"damage":2.0,"enemies":"Small Slimes","floor":3.0,"turns":4.0},{"damage":0.0,"enemies":"2 Fungi Beasts","floor":5.0,"turns":5.0},{"damage":22.0,"enemies":"Lagavulin","floor":7.0,"turns":6.0},{"damage":1.0,"enemies":"Red Slaver","floor":10.0,"turns":5.0},{"damage":1.0,"enemies":"Gremlin Nob","floor":11.0,"turns":5.0},{"damage":0.0,"enemies":"Looter","floor":13.0,"turns":3.0},{"damage":16.0,"enemies":"The Guardian","floor":16.0,"turns":17.0},{"damage":0.0,"enemies":"2 Thieves","floor":18.0,"turns":5.0},{"damage":1.0,"enemies":"3 Byrds","floor":19.0,"turns":5.0},{"damage":0,"enemies":"Slaver and Parasite","floor":21,"turns":6},{"damage":3,"enemies":"Snake Plant","floor":22,"turns":5},{"damage":26,"enemies":"Gremlin Leader","floor":23,"turns":7},{"damage":4,"enemies":"Slavers","floor":25,"turns":4},{"damage":0,"enemies":"Cultist and Chosen","floor":29,"turns":3},{"damage":5,"enemies":"Collector","floor":33,"turns":9},{"damage":0,"enemies":"3 Shapes","floor":35,"turns":2},{"damage":1,"enemies":"Flame Bruiser 1 Orb","floor":38,"turns":5},{"damage":0,"enemies":"Transient","floor":39,"turns":5},{"damage":10,"enemies":"Nemesis","floor":40,"turns":7},{"damage":0,"enemies":"2 Orb Walkers","floor":45,"turns":3},{"damage":0,"enemies":"Sphere and 2 Shapes","floor":46,"turns":4},{"damage":0,"enemies":"Giant Head","floor":47,"turns":7},{"damage":2,"enemies":"4 Shapes","floor":48,"turns":3},{"damage":22,"enemies":"Awakened One","floor":50,"turns":13}],"seed_played":"-3468197336554124371","potions_obtained":[{"floor":2.0,"key":"Swift Potion"},{"floor":3.0,"key":"GamblersBrew"},{"floor":5.0,"key":"FearPotion"},{"floor":10.0,"key":"Swift Potion"},{"floor":11.0,"key":"Energy Potion"}],"is_trial":false,"path_per_floor":["M","M","M","?","M","R","E","R","T","M","E","?","M","$","R","B",null,"M","M","$","M","M","E","R","E","T","R","?","M","T","?","R","B",null,"M","$","?","M","M","E","R","?","T","R","E","M","E","M","R","B"],"character_chosen":"THE_SILENT","items_purchased":["Sling","Vajra","Noxious Fumes"],"campfire_rested":1,"item_purchase_floors":[14,20,36],"current_hp_per_floor":[62,62,60,65,65,65,43,43,43,42,41,38,38,38,38,22,62,62,61,61,61,58,32,54,50,50,50,50,52,52,52,52,49,51,52,52,45,50,52,44,44,44,44,44,48,48,52,52,52,52],"gold":398,"neow_bonus":"ONE_RANDOM_RARE_CARD","is_prod":false,"is_daily":false,"chose_seed":false,"campfire_upgraded":8,"win_rate":0,"timestamp":1532976327,"path_taken":["M","?","M","?","?","R","E","R","T","M","E","?","M","$","R","BOSS","M","M","$","M","M","E","R","E","T","R","?","M","?","?","R","BOSS","M","$","?","?","M","E","R","?","T","R","E","M","E","M","R","BOSS"],"build_version":"2018-07-26","purchased_purges":0,"victory":true,"max_hp_per_floor":[70,70,70,75,75,75,75,75,75,75,75,75,75,75,75,75,75,75,75,75,75,75,75,75,75,75,75,52,52,52,52,52,52,52,52,52,52,52,52,52,52,52,52,52,52,52,52,52,52,52],"card_choices":[{"not_picked":["PiercingWail","Flying Knee"],"picked":"Cloak And Dagger","floor":1.0},{"not_picked":["Flechettes","Blade Dance"],"picked":"Backflip","floor":2.0},{"not_picked":["Bane","Outmaneuver"],"picked":"Dash","floor":3.0},{"not_picked":["Outmaneuver","Deadly Poison"],"picked":"Infinite Blades","floor":5.0},{"not_picked":["Eviscerate","Dagger Throw"],"picked":"Sucker Punch","floor":7.0},{"not_picked":["Outmaneuver+1","Quick Slash","Reflex+1"],"picked":"Dodge and Roll+1","floor":10.0},{"not_picked":["Outmaneuver+1","Burst+1","Masterful Stab"],"picked":"Crippling Poison+1","floor":11.0},{"not_picked":["Sucker Punch","Concentrate+1","Accuracy","Setup+1"],"picked":"SKIP","floor":13.0},{"not_picked":["Die Die Die","Venomology+1","Glass Knife"],"picked":"A Thousand Cuts","floor":16.0},{"not_picked":["Endless Agony","Slice+1","Expertise+1"],"picked":"Blur+1","floor":18.0},{"not_picked":["Quick Slash","Flechettes+1","Bane+1"],"picked":"Dodge and Roll+1","floor":19.0},{"not_picked":["Night Terror+1","Prepared+1","Catalyst+1"],"picked":"Poisoned Stab","floor":21},{"not_picked":["Poisoned Stab+1","Caltrops+1","Quick Slash+1"],"picked":"Crippling Poison+1","floor":22},{"not_picked":["Underhanded Strike","Flying Knee","Outmaneuver+1"],"picked":"Crippling Poison+1","floor":23},{"not_picked":["Riddle With Holes+1","Finisher","Choke"],"picked":"Poisoned Stab","floor":24},{"not_picked":["Concentrate+1","Phantasmal Killer+1","PiercingWail+1"],"picked":"Corpse Explosion+1","floor":25},{"not_picked":["Poisoned Stab","Outmaneuver+1","Slice+1"],"picked":"Backflip+1","floor":29},{"not_picked":["Burst+1","Venomology+1","Grand Finale"],"picked":"Tools of the Trade","floor":33},{"not_picked":["Flying Knee+1"],"picked":"Cloak And Dagger+1","floor":35},{"not_picked":["Deflect+1"],"picked":"Backflip+1","floor":38},{"not_picked":["Distraction+1"],"picked":"PiercingWail+1","floor":39},{"not_picked":["Distraction+1","Bane"],"picked":"SKIP","floor":40},{"not_picked":["Dagger Spray+1","Endless Agony"],"picked":"SKIP","floor":45},{"not_picked":["Endless Agony+1","Bane"],"picked":"SKIP","floor":46},{"not_picked":["Calculated Gamble+1"],"picked":"Infinite Blades","floor":47},{"not_picked":["Outmaneuver+1","Dagger Spray"],"picked":"SKIP","floor":48}],"player_experience":358259,"relics_obtained":[{"floor":7.0,"key":"Question Card"},{"floor":9.0,"key":"Toxic Egg 2"},{"floor":11.0,"key":"Centennial Puzzle"},{"floor":23,"key":"Dream Catcher"},{"floor":25,"key":"Kunai"},{"floor":26,"key":"Tiny Chest"},{"floor":30,"key":"Smiling Mask"},{"floor":40,"key":"Bag of Preparation"},{"floor":43,"key":"Pen Nib"},{"floor":45,"key":"Pantograph"},{"floor":47,"key":"Bag of Marbles"}],"event_choices":[{"event_name":"Big Fish","player_choice":"Donut","floor":4.0,"damage_taken":0.0},{"event_name":"Scrap Ooze","player_choice":"success","floor":12.0,"damage_taken":3.0},{"event_name":"Vampires","player_choice":"Became a vampire","floor":28,"damage_taken":0},{"event_name":"Purifier","player_choice":"One Purge","floor":31,"damage_taken":0},{"event_name":"Winding Halls","player_choice":"Embrace Madness","floor":37,"damage_taken":0},{"event_name":"SecretPortal","player_choice":"Rejected Portal.","floor":42,"damage_taken":0}],"is_beta":true,"boss_relics":[{"not_picked":["Orrery","Velvet Choker"],"picked":"Sozu"},{"not_picked":["Black Star","Cursed Key"],"picked":"Busted Crown"}],"items_purged_floors":[],"is_endless":false,"potions_floor_spawned":[2,3,5,10,11,18,19,22,38,45,47],"ascension_level":8}