{"gold_per_floor":[10,23,40,58,71,87,87,98,98,62,73,90,105,122,122,196,196,210,210,224,236,249,249,268,280,310,310,321,41,140,170,170,241,241,255,255,40,55,70,70,21,21,71,0,0,13,23,34,34,34],"floor_reached":51,"playtime":22964,"items_purged":["Strike_G+1"],"score":1119,"play_id":"9e27dd01-75a9-4d24-8210-a6233ce24066","local_time":"20190215225506","is_ascension_mode":true,"campfire_choices":[{"floor":15.0,"key":"REST"},{"data":"Catalyst","floor":23.0,"key":"SMITH"},{"data":"Deadly Poison","floor":27,"key":"SMITH"},{"data":"Well Laid Plans","floor":32,"key":"SMITH"},{"data":"Footwork","floor":40,"key":"SMITH"},{"data":"Dash","floor":42,"key":"SMITH"},{"data":"After Image","floor":49,"key":"SMITH"}],"neow_cost":"NO_GOLD","seed_source_timestamp":145355768026941,"circlet_count":0,"master_deck":["AscendersBane","Defend_G+1","Defend_G+1","Defend_G+1","Defend_G+1","Strike_G+1","Strike_G+1","Strike_G+1","Survivor+1","Neutralize+1","Catalyst+1","Catalyst+1","Dodge and Roll+1","Backflip+1","Leg Sweep+1","All Out Attack+1","PiercingWail+1","Terror+1","Catalyst+1","Dagger Spray+1","Distraction+1","Cloak And Dagger+1","Burst+1","Deadly Poison+1","After Image+1","Poisoned Stab+1","Catalyst+1","Cloak And Dagger+1","Deadly Poison+1","Blur+1","Crippling Poison+1","Bouncing Flask+1","Well Laid Plans+1","PiercingWail+1","Deadly Poison+1","Burst+1","Footwork+1","Dash+1","Parasite","After Image+1"],"special_seed":0,"relics":["Ring of the Snake","Meat on the Bone","Orrery","Singing Bowl","Tiny Chest","Oddly Smooth Stone","Dream Catcher","Snecko Eye","Mark of the Bloom","Potion Belt","Red Mask","Orichalcum"],"potions_floor_usage":[33,35,50,50],"damage_taken":[{"damage":0.0,"enemies":"2 Louse","floor":1.0,"turns":4.0},{"damage":1.0,"enemies":"Jaw Worm","floor":2.0,"turns":6.0},{"damage":5.0,"enemies":"Cultist","floor":3.0,"turns":5.0},{"damage":4.0,"enemies":"Blue Slaver","floor":4.0,"turns":7.0},{"damage":1.0,"enemies":"Looter","floor":5.0,"turns":5.0},{"damage":5.0,"enemies":"Large Slime","floor":6.0,"turns":9.0},{"damage":0.0,"enemies":"Blue Slaver","floor":8.0,"turns":5.0},{"damage":0.0,"enemies":"Exordium Wildlife","floor":11.0,"turns":4.0},{"damage":9.0,"enemies":"2 Fungi Beasts","floor":12.0,"turns":4.0},{"damage":1.0,"enemies":"Looter","floor":13.0,"turns":4.0},{"damage":2.0,"enemies":"Red Slaver","floor":14.0,"turns":8.0},{"damage":48.0,"enemies":"Slime Boss","floor":16.0,"turns":16.0},{"damage":2.0,"enemies":"Spheric Guardian","floor":18.0,"turns":5.0},{"damage":5.0,"enemies":"3 Byrds","floor":20.0,"turns":7.0},{"damage":43.0,"enemies":"3 Cultists","floor":21.0,"turns":8.0},{"damage":10.0,"enemies":"Snecko","floor":22.0,"turns":3.0},{"damage":20,"enemies":"Chosen and Byrds","floor":24,"turns":8},{"damage":0,"enemies":"Centurion and Healer","floor":25,"turns":9},{"damage":13,"enemies":"Snake Plant","floor":28,"turns":4},{"damage":9,"enemies":"Gremlin Leader","floor":31,"turns":5},{"damage":25,"enemies":"Automaton","floor":33,"turns":5},{"damage":28,"enemies":"3 Darklings","floor":35,"turns":13},{"damage":4,"enemies":"3 Shapes","floor":38,"turns":5},{"damage":0,"enemies":"Writhing Mass","floor":39,"turns":3},{"damage":0,"enemies":"4 Shapes","floor":46,"turns":5},{"damage":0,"enemies":"3 Darklings","floor":47,"turns":4},{"damage":3,"enemies":"Spire Growth","floor":48,"turns":3},{"damage":2,"enemies":"Time Eater","floor":50,"turns":6}],"seed_played":"-3769089147005124722","potions_obtained":[{"floor":2.0,"key":"Ancient Potion"},{"floor":3.0,"key":"Fire Potion"},{"floor":6.0,"key":"SkillPotion"},{"floor":12.0,"key":"AttackPotion"},{"floor":16.0,"key":"FearPotion"},{"floor":18.0,"key":"SneckoOil"},{"floor":20.0,"key":"Fire Potion"},{"floor":28,"key":"Strength Potion"},{"floor":31,"key":"Energy Potion"},{"floor":33,"key":"SpeedPotion"},{"floor":47,"key":"Regen Potion"},{"floor":48,"key":"AttackPotion"}],"is_trial":false,"path_per_floor":["M","M","M","M","M","M","?","M","T","$","M","M","M","M","R","B",null,"M","?","M","M","M","R","M","M","T","R","M","$","?","E","R","B",null,"M","?","$","M","M","R","$","R","T","?","T","M","M","M","R","B",null],"character_chosen":"THE_SILENT","items_purchased":["Catalyst","Well Laid Plans","Oddly Smooth Stone","PiercingWail","Footwork","Dash","Swift Potion"],"campfire_rested":1,"item_purchase_floors":[10,29,29,29,37,37,41],"current_hp_per_floor":[63,62,57,53,52,47,47,47,47,47,47,38,37,47,68,32,61,59,59,54,25,29,29,21,33,33,33,32,32,32,35,35,22,61,47,47,47,43,43,43,43,43,43,43,43,43,43,40,40,38],"gold":34,"neow_bonus":"TRANSFORM_TWO_CARDS","is_prod":false,"is_daily":false,"chose_seed":true,"campfire_upgraded":6,"win_rate":0,"timestamp":1550289306,"path_taken":["M","M","M","M","M","M","?","M","T","$","M","M","M","M","R","BOSS","M","?","M","M","M","R","M","?","T","R","M","$","?","E","R","BOSS","M","?","$","M","M","R","$","R","T","?","?","M","M","M","R","BOSS"],"build_version":"2019-01-23","purchased_purges":1,"victory":true,"max_hp_per_floor":[70,70,70,70,70,70,70,70,70,70,70,70,70,70,70,70,70,70,70,70,72,74,74,74,74,74,74,74,74,74,74,74,74,74,76,76,76,78,80,80,80,80,80,80,80,80,82,84,84,84],"card_choices":[{"not_picked":["Acrobatics","Caltrops"],"picked":"Dodge and Roll","floor":1.0},{"not_picked":["Flying Knee","Blade Dance"],"picked":"Backflip","floor":2.0},{"not_picked":["Blade Dance","Quick Slash","Prepared"],"picked":"SKIP","floor":3.0},{"not_picked":["Heel Hook","Acrobatics"],"picked":"Leg Sweep","floor":4.0},{"not_picked":["Masterful Stab","Flying Knee"],"picked":"All Out Attack","floor":5.0},{"not_picked":["Sucker Punch","Caltrops"],"picked":"PiercingWail","floor":6.0},{"not_picked":["Dodge and Roll","Outmaneuver"],"picked":"Terror","floor":8.0},{"not_picked":["Outmaneuver","Quick Slash"],"picked":"Dagger Spray","floor":11.0},{"not_picked":["A Thousand Cuts","Outmaneuver"],"picked":"Distraction","floor":12.0},{"not_picked":["Prepared","Underhanded Strike","Outmaneuver"],"picked":"SKIP","floor":13.0},{"not_picked":["Finisher","Acrobatics"],"picked":"Cloak And Dagger","floor":14.0},{"not_picked":["Doppelganger","A Thousand Cuts"],"picked":"Burst","floor":16.0},{"not_picked":["Bane","Blade Dance"],"picked":"Deadly Poison","floor":17.0},{"not_picked":["Deflect","Underhanded Strike"],"picked":"After Image","floor":17.0},{"not_picked":["Prepared","Deflect"],"picked":"Poisoned Stab","floor":17.0},{"not_picked":["All Out Attack","Blade Dance"],"picked":"Catalyst","floor":17.0},{"not_picked":["Skewer","Predator"],"picked":"Cloak And Dagger","floor":18.0},{"not_picked":["Dagger Spray","Deflect"],"picked":"Deadly Poison","floor":20.0},{"not_picked":["Flechettes","Infinite Blades","Endless Agony"],"picked":"Singing Bowl","floor":21.0},{"not_picked":["Tools of the Trade","Reflex+1","Dodge and Roll"],"picked":"Singing Bowl","floor":22.0},{"not_picked":["Dodge and Roll","Blade Dance"],"picked":"Blur","floor":24},{"not_picked":["Caltrops+1","Acrobatics"],"picked":"Crippling Poison+1","floor":25},{"not_picked":["Cloak And Dagger","Accuracy"],"picked":"Bouncing Flask","floor":28},{"not_picked":["Backstab","Die Die Die"],"picked":"Deadly Poison","floor":31},{"not_picked":["Doppelganger","Malaise"],"picked":"Burst","floor":33},{"not_picked":["Expertise","Dagger Throw","Setup+1"],"picked":"Singing Bowl","floor":35},{"not_picked":["Cloak And Dagger+1","Deadly Poison","Endless Agony"],"picked":"Singing Bowl","floor":38},{"not_picked":["Blade Dance","Infinite Blades","Deflect"],"picked":"Singing Bowl","floor":39},{"not_picked":["Endless Agony","PiercingWail"],"picked":"After Image","floor":46},{"not_picked":["Noxious Fumes","Dagger Throw","Acrobatics"],"picked":"Singing Bowl","floor":47},{"not_picked":["Cloak And Dagger+1","Outmaneuver","Tactician"],"picked":"Singing Bowl","floor":48}],"player_experience":3629775,"relics_obtained":[{"floor":9.0,"key":"Meat on the Bone"},{"floor":26,"key":"Tiny Chest"},{"floor":31,"key":"Dream Catcher"},{"floor":43,"key":"Potion Belt"},{"floor":45,"key":"Orichalcum"}],"event_choices":[{"damage_healed":0.0,"max_hp_gain":0.0,"max_hp_loss":0.0,"gold_gain":0.0,"event_name":"Living Wall","player_choice":"Grow","floor":7.0,"gold_loss":0.0,"damage_taken":0.0,"cards_upgraded":["All Out Attack"]},{"damage_healed":0.0,"max_hp_gain":0.0,"max_hp_loss":0.0,"gold_gain":0.0,"event_name":"WeMeetAgain","player_choice":"Gave Potion","floor":19.0,"gold_loss":0.0,"damage_taken":0.0,"relics_obtained":["Singing Bowl"]},{"damage_healed":0,"gold_gain":99,"player_choice":"Stole From Cult","damage_taken":0,"max_hp_gain":0,"max_hp_loss":0,"event_name":"Nest","floor":30,"gold_loss":0},{"damage_healed":0,"gold_gain":0,"player_choice":"Upgrade","damage_taken":0,"relics_obtained":["Mark of the Bloom"],"max_hp_gain":0,"max_hp_loss":0,"event_name":"MindBloom","floor":36,"gold_loss":0,"cards_upgraded":["Defend_G","Defend_G","Defend_G","Defend_G","Strike_G","Strike_G","Strike_G","Strike_G","Survivor","Neutralize","Catalyst","Catalyst","Dodge and Roll","Backflip","Leg Sweep","PiercingWail","Terror","Dagger Spray","Distraction","Cloak And Dagger","Burst","After Image","Poisoned Stab","Catalyst","Cloak And Dagger","Deadly Poison","Blur","Bouncing Flask","PiercingWail","Deadly Poison","Burst"]},{"damage_healed":0,"gold_gain":0,"player_choice":"Paid","damage_taken":0,"relics_obtained":["Red Mask"],"max_hp_gain":0,"max_hp_loss":0,"event_name":"Tomb of Lord Red Mask","floor":44,"gold_loss":71}],"is_beta":false,"boss_relics":[{"not_picked":["Ring of the Serpent","Philosopher\u0027s Stone"],"picked":"Orrery"},{"not_picked":["WristBlade","Calling Bell"],"picked":"Snecko Eye"}],"items_purged_floors":[37],"is_endless":false,"potions_floor_spawned":[2,3,6,12,13,16,18,20,28,31,33,47,48],"ascension_level":13}