{"gold_per_floor":[217,217,233,248,3,3,29,79,105,105],"floor_reached":10,"playtime":405,"items_purged":[],"score":122,"play_id":"32ba58f2-4b53-4b59-a934-2440bf5c1d25","local_time":"20190212194904","is_ascension_mode":true,"campfire_choices":[{"floor":6,"key":"REST"}],"neow_cost":"NONE","seed_source_timestamp":797878594484018,"circlet_count":0,"master_deck":["AscendersBane","Strike_R","Strike_R","Strike_R","Strike_R","Strike_R","Defend_R","Defend_R","Defend_R","Defend_R","Bash","Heavy Blade","Shrug It Off","Armaments","Feed","Disarm","Pommel Strike"],"relics":["Burning Blood","Boot","Centennial Puzzle","Orichalcum"],"potions_floor_usage":[7,10],"damage_taken":[{"damage":3,"enemies":"2 Louse","floor":1,"turns":4},{"damage":7,"enemies":"Jaw Worm","floor":3,"turns":3},{"damage":9,"enemies":"Cultist","floor":4,"turns":4},{"damage":36,"enemies":"Gremlin Nob","floor":7,"turns":5},{"damage":43,"enemies":"Lagavulin","floor":10,"turns":6}],"seed_played":"6237835590688573722","potions_obtained":[{"floor":1,"key":"Strength Potion"},{"floor":4,"key":"Poison Potion"}],"is_trial":false,"path_per_floor":["M","?","M","M","$","R","E","?","T","E"],"character_chosen":"IRONCLAD","items_purchased":["Feed","Disarm"],"campfire_rested":1,"item_purchase_floors":[5,5],"current_hp_per_floor":[71,53,52,49,49,71,41,41,41,0],"gold":105,"neow_bonus":"HUNDRED_GOLD","is_prod":false,"is_daily":false,"chose_seed":false,"campfire_upgraded":0,"win_rate":0,"timestamp":1550018944,"path_taken":["M","?","M","M","$","R","E","?","T","E"],"build_version":"2019-01-23","purchased_purges":0,"victory":false,"max_hp_per_floor":[75,75,75,75,75,75,75,75,75,75],"card_choices":[{"not_picked":["Combust","Entrench"],"picked":"Heavy Blade","floor":1},{"not_picked":["Havoc","Thunderclap"],"picked":"Shrug It Off","floor":3},{"not_picked":["Warcry","Sword Boomerang"],"picked":"Armaments","floor":4},{"not_picked":["Havoc","Armaments"],"picked":"Pommel Strike","floor":7}],"player_experience":2419450,"relics_obtained":[{"floor":7,"key":"Centennial Puzzle"},{"floor":9,"key":"Orichalcum"}],"event_choices":[{"damage_healed":0,"gold_gain":0,"player_choice":"Success","damage_taken":18,"relics_obtained":["Boot"],"max_hp_gain":0,"max_hp_loss":0,"event_name":"Scrap Ooze","floor":2,"gold_loss":0},{"damage_healed":0,"gold_gain":50,"player_choice":"Pray","damage_taken":0,"max_hp_gain":0,"max_hp_loss":0,"event_name":"Golden Shrine","floor":8,"gold_loss":0}],"is_beta":false,"boss_relics":[],"items_purged_floors":[],"is_endless":false,"potions_floor_spawned":[1,4],"killed_by":"Lagavulin","ascension_level":17}