{"gold_per_floor":[119,44,44,44,56,88,111,111,137,137,154,188,188,188,188,277,277,251,251,251],"floor_reached":20,"playtime":684,"items_purged":[],"score":376,"play_id":"b0dc00df-0a36-473d-be77-07bcdde037ae","local_time":"20190204155938","is_ascension_mode":true,"campfire_choices":[{"data":"Juggernaut","floor":8,"key":"SMITH"},{"data":"Infernal Blade","floor":10,"key":"SMITH"},{"data":"Body Slam","floor":13,"key":"SMITH"},{"data":"Bash","floor":15,"key":"SMITH"}],"neow_cost":"NONE","seed_source_timestamp":92696862540260,"circlet_count":0,"master_deck":["AscendersBane","Strike_R+1","Strike_R+1","Defend_R","Defend_R","Defend_R","Defend_R","Bash+1","Carnage","Ghostly Armor","Juggernaut+1","Infernal Blade+1","Body Slam+1","Metallicize","Feed","Iron Wave"],"relics":["Burning Blood","NeowsBlessing","Bag of Marbles","Strawberry","Odd Mushroom","Whetstone","Regal Pillow","Golden Idol","Empty Cage"],"potions_floor_usage":[6,7,16,16,20],"damage_taken":[{"damage":0,"enemies":"Cultist","floor":1,"turns":1},{"damage":0,"enemies":"Jaw Worm","floor":5,"turns":1},{"damage":0,"enemies":"3 Sentries","floor":6,"turns":2},{"damage":25,"enemies":"The Mushroom Lair","floor":7,"turns":5},{"damage":3,"enemies":"Small Slimes","floor":11,"turns":2},{"damage":32,"enemies":"Lagavulin","floor":12,"turns":6},{"damage":25,"enemies":"The Guardian","floor":16,"turns":10},{"damage":28,"enemies":"2 Thieves","floor":18,"turns":4},{"damage":43,"enemies":"Spheric Guardian","floor":20,"turns":7}],"seed_played":"-3971816825777365734","potions_obtained":[{"floor":5,"key":"EntropicBrew"},{"floor":12,"key":"Strength Potion"},{"floor":18,"key":"AttackPotion"}],"is_trial":false,"path_per_floor":["M","?","?","$","M","E","?","R","T","R","M","E","R","?","R","B",null,"M","?","M"],"character_chosen":"IRONCLAD","items_purchased":[],"campfire_rested":0,"item_purchase_floors":[],"current_hp_per_floor":[74,74,63,63,69,82,63,63,63,63,66,40,40,40,40,21,61,42,42,0],"gold":251,"neow_bonus":"THREE_ENEMY_KILL","is_prod":false,"is_daily":false,"chose_seed":false,"campfire_upgraded":4,"win_rate":0,"timestamp":1549313978,"path_taken":["M","?","?","?","M","E","?","R","T","R","M","E","R","?","R","BOSS","M","?","M"],"build_version":"2019-01-23","purchased_purges":0,"victory":false,"max_hp_per_floor":[75,75,75,75,75,82,82,82,82,82,82,82,82,74,74,74,74,77,77,77],"card_choices":[{"not_picked":["Clash","Twin Strike"],"picked":"Carnage","floor":1},{"not_picked":["Shrug It Off","Flame Barrier"],"picked":"Ghostly Armor","floor":5},{"not_picked":["True Grit","Perfected Strike"],"picked":"Juggernaut","floor":6},{"not_picked":["Warcry","Perfected Strike"],"picked":"Infernal Blade","floor":7},{"not_picked":["Combust","Thunderclap"],"picked":"Body Slam","floor":11},{"not_picked":["Shrug It Off","Warcry"],"picked":"Metallicize","floor":12},{"not_picked":["Reaper","Limit Break"],"picked":"Feed","floor":16},{"not_picked":["Intimidate","Reckless Charge"],"picked":"Iron Wave","floor":18}],"player_experience":2314149,"relics_obtained":[{"floor":6,"key":"Strawberry"},{"floor":7,"key":"Odd Mushroom"},{"floor":9,"key":"Whetstone"},{"floor":12,"key":"Regal Pillow"}],"event_choices":[{"cards_removed":["Strike_R"],"damage_healed":0,"gold_gain":0,"player_choice":"Card Removal","damage_taken":0,"max_hp_gain":0,"max_hp_loss":0,"event_name":"The Cleric","floor":2,"gold_loss":75},{"damage_healed":0,"gold_gain":0,"player_choice":"Success","damage_taken":11,"relics_obtained":["Bag of Marbles"],"max_hp_gain":0,"max_hp_loss":0,"event_name":"Scrap Ooze","floor":3,"gold_loss":0},{"damage_healed":0,"gold_gain":0,"player_choice":"Fought Mushrooms","damage_taken":0,"max_hp_gain":0,"max_hp_loss":0,"event_name":"Mushrooms","floor":7,"gold_loss":0},{"damage_healed":0,"gold_gain":0,"player_choice":"Lose Max HP","damage_taken":0,"relics_obtained":["Golden Idol"],"max_hp_gain":0,"max_hp_loss":8,"event_name":"Golden Idol","floor":14,"gold_loss":0},{"damage_healed":0,"gold_gain":0,"player_choice":"Ignored","damage_taken":0,"max_hp_gain":0,"max_hp_loss":0,"event_name":"Cursed Tome","floor":19,"gold_loss":0}],"is_beta":false,"boss_relics":[{"not_picked":["Philosopher\u0027s Stone","Runic Cube"],"picked":"Empty Cage"}],"items_purged_floors":[],"is_endless":false,"potions_floor_spawned":[5,12,18],"killed_by":"Spheric Guardian","ascension_level":17}