{"gold_per_floor":[118,118,118,129,142,142,159,120,120,49,49,64,83,100,100,100],"floor_reached":16,"playtime":758,"items_purged":[],"score":141,"play_id":"ae8dc872-84d4-440a-8cbf-89f8a1a454b6","local_time":"20190102153011","is_ascension_mode":true,"campfire_choices":[{"data":"Dodge and Roll","floor":6,"key":"SMITH"},{"floor":11,"key":"REST"},{"data":"Crippling Poison","floor":15,"key":"SMITH"}],"neow_cost":"NONE","seed_source_timestamp":55281302322406,"circlet_count":0,"master_deck":["AscendersBane","Defend_G","Defend_G","Defend_G","Defend_G","Defend_G+1","Strike_G","Strike_G","Strike_G+1","Strike_G","Strike_G","Survivor","Neutralize+1","Leg Sweep","Crippling Poison+1","Dodge and Roll+1","Prepared","Dodge and Roll","Flying Knee"],"relics":["Ring of the Snake","Bag of Preparation","Ornamental Fan"],"potions_floor_usage":[13,13],"damage_taken":[{"damage":2,"enemies":"Small Slimes","floor":1,"turns":4},{"damage":0,"enemies":"2 Louse","floor":4,"turns":3},{"damage":0,"enemies":"Jaw Worm","floor":5,"turns":8},{"damage":1,"enemies":"Exordium Wildlife","floor":7,"turns":7},{"damage":0,"enemies":"Blue Slaver","floor":12,"turns":5},{"damage":10,"enemies":"Exordium Thugs","floor":13,"turns":6},{"damage":0,"enemies":"Exordium Wildlife","floor":14,"turns":3},{"damage":61,"enemies":"Hexaghost","floor":16,"turns":16}],"seed_played":"8159791435896924863","potions_obtained":[{"floor":1,"key":"LiquidBronze"},{"floor":7,"key":"GamblersBrew"},{"floor":12,"key":"Poison Potion"}],"is_trial":false,"path_per_floor":["M","?","?","M","M","R","M","?","T","?","R","M","M","M","R","B"],"character_chosen":"THE_SILENT","items_purchased":[],"campfire_rested":1,"item_purchase_floors":[],"current_hp_per_floor":[61,61,47,47,47,47,46,46,46,46,67,67,57,57,57,0],"gold":100,"neow_bonus":"UPGRADE_CARD","is_prod":false,"is_daily":false,"chose_seed":false,"campfire_upgraded":2,"win_rate":0,"timestamp":1546410611,"path_taken":["M","?","?","M","?","R","M","?","T","?","R","M","M","?","R","BOSS"],"build_version":"2018-12-20","purchased_purges":0,"victory":false,"max_hp_per_floor":[70,70,70,70,70,70,70,70,70,70,70,70,70,70,70,70],"card_choices":[{"not_picked":["Underhanded Strike","PiercingWail"],"picked":"Leg Sweep","floor":1},{"not_picked":["Reflex","Choke"],"picked":"Crippling Poison","floor":4},{"not_picked":["Poisoned Stab","Cloak And Dagger"],"picked":"Dodge and Roll","floor":5},{"not_picked":["Outmaneuver","Riddle With Holes"],"picked":"Prepared","floor":7},{"not_picked":["Blade Dance","Sucker Punch","Caltrops"],"picked":"SKIP","floor":12},{"not_picked":["Backflip","Caltrops"],"picked":"Dodge and Roll","floor":13},{"not_picked":["Slice","Masterful Stab"],"picked":"Flying Knee","floor":14}],"player_experience":311850,"relics_obtained":[{"floor":9,"key":"Bag of Preparation"}],"event_choices":[{"damage_healed":0,"gold_gain":0,"player_choice":"Ignored","damage_taken":0,"max_hp_gain":0,"max_hp_loss":0,"event_name":"Liars Game","floor":2,"gold_loss":0},{"damage_healed":0,"gold_gain":0,"player_choice":"Entered Light","damage_taken":14,"max_hp_gain":0,"max_hp_loss":0,"event_name":"Shining Light","floor":3,"gold_loss":0,"cards_upgraded":["Strike_G","Defend_G"]},{"damage_healed":0,"gold_gain":0,"player_choice":"Left Gold","damage_taken":0,"max_hp_gain":0,"max_hp_loss":0,"event_name":"World of Goop","floor":8,"gold_loss":39},{"damage_healed":0,"gold_gain":0,"player_choice":"Paid Gold","damage_taken":0,"relics_obtained":["Ornamental Fan"],"max_hp_gain":0,"max_hp_loss":0,"event_name":"WeMeetAgain","floor":10,"gold_loss":71}],"is_beta":false,"boss_relics":[],"items_purged_floors":[],"is_endless":false,"potions_floor_spawned":[1,7,12],"killed_by":"Hexaghost","ascension_level":10}