{"gold_per_floor":[113,38,213,231,242,272,272,297,377,223,236,336,352,370,370,473,473,488,413,235,253,53,53,63,81,81,95,124,124,143,21,21,21],"floor_reached":33,"playtime":1964,"items_purged":["Doubt","Strike_R"],"score":279,"play_id":"a19842b0-9213-41ff-bd27-1d0b3be5ad39","local_time":"20190104143842","is_ascension_mode":false,"campfire_choices":[{"data":"Bash","floor":7.0,"key":"SMITH"},{"floor":15.0,"key":"REST"},{"data":"Rage","floor":23,"key":"SMITH"},{"floor":29,"key":"REST"},{"data":"True Grit","floor":32,"key":"SMITH"}],"neow_cost":"NONE","seed_source_timestamp":26711880416226,"circlet_count":0,"master_deck":["Strike_R","Strike_R","Strike_R","Defend_R","Defend_R","Defend_R","Defend_R","Bash+1","Dropkick","Sever Soul","Pummel","Evolve","Rampage","Fire Breathing","True Grit+1","Rage+1","Intimidate","Sentinel","Metallicize","Fiend Fire","True Grit+1","Feel No Pain","Power Through+1","Shrug It Off","Shrug It Off","Flame Barrier","Feel No Pain","Headbutt"],"special_seed":0,"relics":["Burning Blood","Bag of Marbles","Magic Flower","Bag of Preparation","Kunai","Sozu","ClockworkSouvenir","Lantern","Thread and Needle"],"potions_floor_usage":[16,16,18],"damage_taken":[{"damage":1.0,"enemies":"2 Louse","floor":1.0,"turns":2.0},{"damage":1.0,"enemies":"Cultist","floor":4.0,"turns":3.0},{"damage":6.0,"enemies":"Jaw Worm","floor":5.0,"turns":2.0},{"damage":36.0,"enemies":"Lagavulin","floor":6.0,"turns":5.0},{"damage":28.0,"enemies":"Gremlin Nob","floor":8.0,"turns":4.0},{"damage":14.0,"enemies":"Exordium Thugs","floor":11.0,"turns":4.0},{"damage":13.0,"enemies":"Red Slaver","floor":13.0,"turns":4.0},{"damage":8.0,"enemies":"Exordium Wildlife","floor":14.0,"turns":5.0},{"damage":37,"enemies":"Slime Boss","floor":16,"turns":13},{"damage":25,"enemies":"3 Byrds","floor":18,"turns":8},{"damage":0,"enemies":"Chosen","floor":21,"turns":5},{"damage":0,"enemies":"Snecko","floor":24,"turns":7},{"damage":53,"enemies":"3 Cultists","floor":25,"turns":7},{"damage":0,"enemies":"Shelled Parasite and Fungi","floor":27,"turns":8},{"damage":28,"enemies":"Book of Stabbing","floor":28,"turns":6},{"damage":0,"enemies":"Snake Plant","floor":30,"turns":5},{"damage":61,"enemies":"Automaton","floor":33,"turns":12}],"seed_played":"-3970434843117059198","potions_obtained":[{"floor":1.0,"key":"SteroidPotion"},{"floor":11.0,"key":"FearPotion"},{"floor":13.0,"key":"GamblersBrew"},{"floor":16,"key":"Weak Potion"}],"is_trial":false,"path_per_floor":["M","$","?","M","M","E","R","E","T","$","M","?","M","M","R","B",null,"M","?","$","M","$","R","M","M","T","M","E","R","M","$","R","B"],"character_chosen":"IRONCLAD","items_purchased":["Sever Soul","True Grit","Rage","Feel No Pain","ClockworkSouvenir","Feel No Pain","Headbutt"],"campfire_rested":2,"item_purchase_floors":[2,10,10,20,22,31,31],"current_hp_per_floor":[80,80,80,80,80,50,50,31,31,31,26,26,22,23,47,19,80,64,64,64,73,73,73,80,36,36,45,26,50,59,59,59,0],"gold":21,"neow_bonus":"RANDOM_COMMON_RELIC","is_prod":false,"is_daily":false,"chose_seed":false,"campfire_upgraded":3,"win_rate":0,"timestamp":1546630722,"path_taken":["M","$","?","M","M","E","R","E","T","$","M","?","?","M","R","BOSS","M","?","?","M","$","R","M","M","T","M","E","R","M","$","R","BOSS"],"build_version":"2019-01-03v3","purchased_purges":2,"victory":false,"max_hp_per_floor":[80,80,80,80,80,80,80,80,80,80,80,80,80,80,80,80,80,80,80,80,80,80,80,80,80,80,80,80,80,80,80,80,80],"card_choices":[{"not_picked":["Entrench","Iron Wave"],"picked":"Dropkick","floor":1.0},{"not_picked":["Perfected Strike","Clothesline"],"picked":"Pummel","floor":4.0},{"not_picked":["Sword Boomerang","Whirlwind"],"picked":"Evolve","floor":5.0},{"not_picked":["Offering","Evolve"],"picked":"Rampage","floor":6.0},{"not_picked":["Body Slam","Clothesline"],"picked":"Fire Breathing","floor":8.0},{"not_picked":["Clash","Thunderclap"],"picked":"Intimidate","floor":11.0},{"not_picked":["Havoc","Power Through"],"picked":"Sentinel","floor":13.0},{"not_picked":["Sword Boomerang","True Grit"],"picked":"Metallicize","floor":14.0},{"not_picked":["Demon Form","Juggernaut"],"picked":"Fiend Fire","floor":16},{"not_picked":["Wild Strike","Sword Boomerang"],"picked":"True Grit+1","floor":18},{"not_picked":["Clothesline+1","Perfected Strike"],"picked":"Power Through+1","floor":21},{"not_picked":["Rupture","Perfected Strike","Sever Soul"],"picked":"SKIP","floor":24},{"not_picked":["Whirlwind","Limit Break"],"picked":"Shrug It Off","floor":25},{"not_picked":["Power Through+1","Entrench"],"picked":"Shrug It Off","floor":27},{"not_picked":["Armaments","Havoc","Clothesline"],"picked":"SKIP","floor":28},{"not_picked":["Warcry","Body Slam"],"picked":"Flame Barrier","floor":30}],"player_experience":2008118,"relics_obtained":[{"floor":6.0,"key":"Magic Flower"},{"floor":8.0,"key":"Bag of Preparation"},{"floor":9.0,"key":"Kunai"},{"floor":26,"key":"Lantern"},{"floor":28,"key":"Thread and Needle"}],"event_choices":[{"damage_healed":0.0,"max_hp_gain":0.0,"max_hp_loss":0.0,"gold_gain":175.0,"event_name":"Liars Game","player_choice":"AGREE","floor":3.0,"gold_loss":0.0,"damage_taken":0.0,"cards_obtained":["Doubt"]},{"damage_healed":0.0,"max_hp_gain":0.0,"max_hp_loss":0.0,"gold_gain":100.0,"event_name":"Golden Shrine","player_choice":"Pray","floor":12.0,"gold_loss":0.0,"damage_taken":0.0},{"cards_removed":["Strike_R"],"damage_healed":0,"gold_gain":0,"player_choice":"Gave Gold","damage_taken":0,"max_hp_gain":0,"max_hp_loss":0,"event_name":"Beggar","floor":19,"gold_loss":75}],"is_beta":false,"boss_relics":[{"not_picked":["Ectoplasm","Orrery"],"picked":"Sozu"}],"items_purged_floors":[10,20],"is_endless":false,"potions_floor_spawned":[1,11,13,16,21,27,28],"killed_by":"Automaton","ascension_level":0}