{"path_per_floor":["M","M","?","?","M","R","M","R","T","R","?","?","$","M","R","B",null,"M","?"],"character_chosen":"DEFECT","items_purchased":["Doom and Gloom"],"gold_per_floor":[119,133,133,133,147,147,158,158,158,158,158,158,4,17,17,120,120,139,168,168],"floor_reached":20,"campfire_rested":1,"playtime":742,"item_purchase_floors":[13],"current_hp_per_floor":[57,50,75,75,69,69,61,61,61,61,61,58,58,50,72,44,75,52,20,0],"items_purged":["Strike_B"],"gold":168,"score":186,"play_id":"8755fda5-cf32-48ef-9e8d-61b39e109963","local_time":"20180614165411","is_prod":false,"is_daily":false,"chose_seed":false,"is_ascension_mode":true,"campfire_upgraded":3,"win_rate":0,"timestamp":1529009651,"campfire_choices":[{"data":"Static Discharge","floor":6,"key":"SMITH"},{"data":"Consume","floor":8,"key":"SMITH"},{"data":"Redo","floor":10,"key":"SMITH"},{"floor":15,"key":"REST"}],"path_taken":["M","M","?","?","M","R","M","R","T","R","?","?","$","M","R","BOSS","M","?","?"],"build_version":"2018-06-07v3","seed_source_timestamp":48264393562969,"purchased_purges":1,"victory":false,"master_deck":["Strike_B","Strike_B","Defend_B","Defend_B","Defend_B","Defend_B","Zap","Dualcast","Static Discharge+1","Redo+1","Zap","Consume+1","Doom and Gloom","Storm","Rainbow","Storm+1","Sweeping Beam"],"max_hp_per_floor":[75,75,75,75,75,75,75,75,75,75,75,75,75,75,75,75,75,80,80,80],"relics":["Cracked Core","Bottled Lightning","Matryoshka","Lizard Tail","Red Mask"],"card_choices":[{"not_picked":["Sweeping Beam","Go for the Eyes"],"picked":"Static Discharge","floor":1},{"not_picked":["Leap","Undo"],"picked":"Redo","floor":2},{"not_picked":["Scrape","Compile Driver"],"picked":"Consume","floor":5},{"not_picked":["Consume","Hologram","Beam Cell"],"picked":"SKIP","floor":7},{"not_picked":["Conserve Battery","Leap"],"picked":"Storm","floor":14},{"not_picked":["Core Surge","Multi-Cast"],"picked":"Rainbow","floor":16},{"not_picked":["Rebound","Gash"],"picked":"Storm+1","floor":18},{"not_picked":["Fusion+1","Streamline"],"picked":"Sweeping Beam","floor":19}],"player_experience":533895,"potions_floor_usage":[7,18,19],"damage_taken":[{"damage":18,"enemies":"Small Slimes","floor":1,"turns":4},{"damage":7,"enemies":"Jaw Worm","floor":2,"turns":3},{"damage":6,"enemies":"Cultist","floor":5,"turns":3},{"damage":8,"enemies":"Exordium Wildlife","floor":7,"turns":4},{"damage":8,"enemies":"3 Louse","floor":14,"turns":2},{"damage":28,"enemies":"The Guardian","floor":16,"turns":7},{"damage":28,"enemies":"2 Thieves","floor":18,"turns":3},{"damage":85,"floor":19,"turns":4},{"damage":23,"enemies":"Shell Parasite","floor":20,"turns":3}],"relics_obtained":[{"floor":9,"key":"Bottled Lightning"},{"floor":19,"key":"Red Mask"}],"event_choices":[{"event_name":"Big Fish","player_choice":"Banana","floor":3,"damage_taken":0},{"event_name":"Match and Keep!","player_choice":"1 cards matched","floor":4,"damage_taken":0},{"event_name":"Bonfire Elementals","player_choice":"BASIC","floor":11,"damage_taken":0},{"event_name":"Scrap Ooze","player_choice":"success","floor":12,"damage_taken":3},{"event_name":"Masked Bandits","player_choice":"Fought over 139 gold","floor":19,"damage_taken":0}],"boss_relics":[{"not_picked":["Black Star","Inserter"],"picked":"Lizard Tail"}],"items_purged_floors":[13],"potions_floor_spawned":[5,16,18],"seed_played":"3950533967375602249","killed_by":"Shell Parasite","ascension_level":3,"potions_obtained":[{"floor":5,"key":"SkillPotion"},{"floor":16,"key":"Fruit Juice"},{"floor":18,"key":"Dexterity Potion"}],"is_trial":false}