{"gold_per_floor":[110,110,110,110,110,110,11,82,82,82,101,119,119,66,66,66],"floor_reached":16,"playtime":546,"items_purged":["Injury"],"score":145,"play_id":"813ea7c6-8225-402b-b559-76c071bf7fd2","local_time":"20180626211334","is_ascension_mode":true,"campfire_choices":[{"floor":6,"key":"REST"},{"data":"Shrug It Off","floor":10,"key":"SMITH"},{"data":"Bash","floor":13,"key":"SMITH"},{"data":"Intimidate","floor":15,"key":"SMITH"}],"neow_cost":"NONE","seed_source_timestamp":178558471420757,"circlet_count":0,"master_deck":["Strike_R","Strike_R","Strike_R","Strike_R","Strike_R","Defend_R","Defend_R","Defend_R","Defend_R","Bash+1","Intimidate+1","Shrug It Off+1","Ghostly Armor","Headbutt","Thunderclap"],"relics":["Burning Blood","NeowsBlessing","Mummified Hand","Frozen Egg 2","Golden Idol","Tiny Chest","Singing Bowl"],"potions_floor_usage":[16,16,16],"damage_taken":[{"damage":0,"enemies":"Cultist","floor":1,"turns":1},{"damage":0,"enemies":"3 Sentries","floor":8,"turns":1},{"damage":0,"enemies":"Jaw Worm","floor":11,"turns":1},{"damage":6,"enemies":"2 Louse","floor":12,"turns":3},{"damage":83,"enemies":"Hexaghost","floor":16,"turns":15}],"seed_played":"-2739726308643497970","potions_obtained":[{"floor":8,"key":"EntropicBrew"},{"floor":11,"key":"Weak Potion"}],"is_trial":false,"path_per_floor":["M","T","?","?","?","R","$","E","T","R","M","M","R","$","R"],"character_chosen":"IRONCLAD","items_purchased":["Shrug It Off","Thunderclap"],"campfire_rested":1,"item_purchase_floors":[7,14],"current_hp_per_floor":[80,80,80,55,55,79,79,80,80,80,82,82,82,82,82,0],"gold":66,"neow_bonus":"THREE_ENEMY_KILL","is_prod":false,"is_daily":false,"chose_seed":false,"campfire_upgraded":3,"win_rate":0,"timestamp":1530062014,"path_taken":["M","?","?","?","?","R","?","E","T","R","M","M","R","$","R","BOSS"],"build_version":"2018-06-21v2","purchased_purges":1,"victory":false,"max_hp_per_floor":[80,80,80,80,80,80,80,80,80,80,82,82,82,82,82,82],"card_choices":[{"not_picked":["Armaments","Havoc"],"picked":"Intimidate","floor":1},{"not_picked":["Shrug It Off","Body Slam"],"picked":"Ghostly Armor","floor":8},{"not_picked":["Ghostly Armor","Sword Boomerang","Iron Wave"],"picked":"Singing Bowl","floor":11},{"not_picked":["Searing Blow","Sever Soul"],"picked":"Headbutt","floor":12}],"player_experience":805962,"relics_obtained":[{"floor":2,"key":"Mummified Hand"},{"floor":8,"key":"Tiny Chest"},{"floor":9,"key":"Singing Bowl"}],"event_choices":[{"event_name":"Liars Game","player_choice":"disagreed","floor":3,"damage_taken":0},{"event_name":"Scrap Ooze","player_choice":"success","floor":4,"damage_taken":25},{"event_name":"Golden Idol","player_choice":"Take Wound","floor":5,"damage_taken":0}],"boss_relics":[],"items_purged_floors":[7],"is_endless":false,"potions_floor_spawned":[8,11],"killed_by":"Hexaghost","ascension_level":4}