{"gold_per_floor":[118,193,193,211,211,241,253,253,253,288,39,102,114,126,126,203,203,215,215,15,26,45,77,77,77,101,101,135,60,71,97,97,97],"floor_reached":33,"playtime":968,"items_purged":["Strike_G"],"score":746,"play_id":"be0929de-7913-4cd2-a9e8-9f26df43c6c5","local_time":"20190111151314","is_ascension_mode":true,"campfire_choices":[{"data":"Poisoned Stab","floor":8,"key":"SMITH"},{"data":"Glass Knife","floor":15,"key":"SMITH"},{"floor":27,"key":"REST"},{"data":"Glass Knife","floor":32,"key":"SMITH"}],"neow_cost":"NONE","seed_source_timestamp":348245613697948,"circlet_count":0,"master_deck":["AscendersBane","Defend_G","Defend_G","Defend_G+1","Defend_G+1","Defend_G","Strike_G","Strike_G","Survivor","Neutralize+1","Poisoned Stab+1","Dagger Spray","Backstab","Poisoned Stab","Glass Knife+1","PiercingWail","Sucker Punch","Glass Knife+1","Malaise","Dodge and Roll"],"relics":["Ring of the Snake","NeowsBlessing","Paper Crane","Mercury Hourglass","The Courier","Bag of Marbles","Orichalcum","Tiny Chest","Busted Crown","War Paint","MutagenicStrength","Potion Belt","Prayer Wheel","Smiling Mask"],"potions_floor_usage":[10,16,23,33,33],"damage_taken":[{"damage":0,"enemies":"Small Slimes","floor":1,"turns":1},{"damage":0,"enemies":"2 Louse","floor":4,"turns":1},{"damage":0,"enemies":"3 Sentries","floor":6,"turns":1},{"damage":0,"enemies":"Cultist","floor":7,"turns":3},{"damage":5,"enemies":"Lagavulin","floor":10,"turns":5},{"damage":4,"enemies":"3 Sentries","floor":12,"turns":5},{"damage":0,"enemies":"2 Fungi Beasts","floor":13,"turns":1},{"damage":0,"enemies":"Looter","floor":14,"turns":1},{"damage":11,"enemies":"Slime Boss","floor":16,"turns":6},{"damage":5,"enemies":"3 Byrds","floor":18,"turns":3},{"damage":0,"enemies":"2 Thieves","floor":21,"turns":2},{"damage":3,"enemies":"Centurion and Healer","floor":22,"turns":3},{"damage":22,"enemies":"Gremlin Leader","floor":23,"turns":6},{"damage":6,"enemies":"Book of Stabbing","floor":28,"turns":7},{"damage":3,"enemies":"Snake Plant","floor":30,"turns":3},{"damage":0,"enemies":"Slavers","floor":31,"turns":5},{"damage":42,"enemies":"Collector","floor":33,"turns":6}],"seed_played":"569902487520905427","potions_obtained":[{"floor":1,"key":"SkillPotion"},{"floor":13,"key":"SteroidPotion"},{"floor":14,"key":"FearPotion"},{"floor":16,"key":"Ancient Potion"},{"floor":21,"key":"GhostInAJar"},{"floor":31,"key":"Fire Potion"}],"is_trial":false,"path_per_floor":["M","?","?","M","?","E","M","R","T","E","$","E","M","M","R","B",null,"M","?","$","M","M","E","?","?","T","R","E","?","M","E","R","B"],"character_chosen":"THE_SILENT","items_purchased":["Bag of Marbles","Orichalcum","Malaise"],"campfire_rested":1,"item_purchase_floors":[11,11,20],"current_hp_per_floor":[59,48,39,39,39,39,39,39,39,34,34,30,30,30,30,19,54,49,49,49,49,46,24,24,24,24,43,37,37,34,34,34,0],"gold":97,"neow_bonus":"THREE_ENEMY_KILL","is_prod":false,"is_daily":false,"chose_seed":false,"campfire_upgraded":3,"win_rate":0,"timestamp":1547215994,"path_taken":["M","?","?","?","?","E","M","R","T","E","$","E","M","M","R","BOSS","M","?","$","M","?","E","?","?","T","R","E","?","M","E","R","BOSS"],"build_version":"2019-01-10","purchased_purges":1,"victory":false,"max_hp_per_floor":[66,66,66,66,66,66,66,66,66,66,66,66,66,66,66,66,66,66,66,66,66,66,66,66,66,66,66,66,66,66,66,66,66],"card_choices":[{"not_picked":["Setup","Catalyst"],"picked":"Poisoned Stab","floor":1},{"not_picked":["Outmaneuver","Cloak And Dagger"],"picked":"Dagger Spray","floor":4},{"not_picked":["Prepared","Terror"],"picked":"Backstab","floor":6},{"not_picked":["Terror","Cloak And Dagger"],"picked":"Poisoned Stab","floor":7},{"not_picked":["Slice","Concentrate"],"picked":"Glass Knife","floor":10},{"not_picked":["Prepared","Infinite Blades","Heel Hook"],"picked":"SKIP","floor":12},{"not_picked":["Prepared","Underhanded Strike"],"picked":"PiercingWail","floor":13},{"not_picked":["Bouncing Flask","Accuracy"],"picked":"Sucker Punch","floor":14},{"not_picked":["Die Die Die","A Thousand Cuts"],"picked":"Glass Knife","floor":16},{"not_picked":["Poisoned Stab"],"picked":"SKIP","floor":18},{"not_picked":["Sucker Punch"],"picked":"SKIP","floor":21},{"not_picked":["Infinite Blades"],"picked":"SKIP","floor":22},{"not_picked":[],"picked":"Dodge and Roll","floor":23},{"not_picked":["Masterful Stab"],"picked":"SKIP","floor":28},{"not_picked":["Flying Knee"],"picked":"SKIP","floor":30},{"not_picked":["Endless Agony"],"picked":"SKIP","floor":30},{"not_picked":["Setup"],"picked":"SKIP","floor":31},{"not_picked":["Setup"],"picked":"SKIP","floor":31}],"player_experience":1874211,"relics_obtained":[{"floor":6,"key":"Paper Crane"},{"floor":9,"key":"Mercury Hourglass"},{"floor":10,"key":"The Courier"},{"floor":12,"key":"Tiny Chest"},{"floor":23,"key":"War Paint"},{"floor":26,"key":"Potion Belt"},{"floor":28,"key":"Prayer Wheel"},{"floor":31,"key":"Smiling Mask"}],"event_choices":[{"damage_healed":0,"gold_gain":75,"player_choice":"Gather Gold","damage_taken":11,"max_hp_gain":0,"max_hp_loss":0,"event_name":"World of Goop","floor":2,"gold_loss":0},{"damage_healed":0,"gold_gain":0,"player_choice":"Damaged","damage_taken":9,"max_hp_gain":0,"max_hp_loss":0,"event_name":"Wheel of Change","floor":3,"gold_loss":0},{"damage_healed":0,"gold_gain":0,"player_choice":"Grow","damage_taken":0,"max_hp_gain":0,"max_hp_loss":0,"event_name":"Living Wall","floor":5,"gold_loss":0,"cards_upgraded":["Neutralize"]},{"cards_removed":["Strike_G"],"damage_healed":0,"gold_gain":0,"player_choice":"Card Removal","damage_taken":0,"max_hp_gain":0,"max_hp_loss":0,"event_name":"Wheel of Change","floor":19,"gold_loss":0},{"damage_healed":0,"gold_gain":0,"player_choice":"Ignored","damage_taken":0,"max_hp_gain":0,"max_hp_loss":0,"event_name":"The Mausoleum","floor":24,"gold_loss":0},{"damage_healed":0,"gold_gain":0,"player_choice":"Inject Mutagens","damage_taken":0,"relics_obtained":["MutagenicStrength"],"max_hp_gain":0,"max_hp_loss":0,"event_name":"Drug Dealer","floor":25,"gold_loss":0},{"cards_removed":["Strike_G"],"damage_healed":0,"gold_gain":0,"player_choice":"Gave Gold","damage_taken":0,"max_hp_gain":0,"max_hp_loss":0,"event_name":"Beggar","floor":29,"gold_loss":75}],"is_beta":false,"boss_relics":[{"not_picked":["Snecko Eye","Philosopher\u0027s Stone"],"picked":"Busted Crown"}],"items_purged_floors":[20],"is_endless":false,"potions_floor_spawned":[1,13,14,16,18,21,31],"killed_by":"Collector","ascension_level":20}