{"gold_per_floor":[118,133,133,133,152,152,163,179,179,34,34,68,68,82,82,177,177,197,74,89,189,189,189],"floor_reached":23,"playtime":1137,"items_purged":[],"score":191,"play_id":"a6ce7b40-e6b9-4dc0-8761-0d8ebb9e57d3","local_time":"20180711110421","is_ascension_mode":false,"campfire_choices":[{"data":"Bash","floor":6,"key":"SMITH"},{"data":"Perfected Strike","floor":11,"key":"SMITH"},{"data":"Cleave","floor":15,"key":"SMITH"}],"neow_cost":"NONE","seed_source_timestamp":23326463507828,"circlet_count":0,"master_deck":["Strike_R+1","Strike_R","Strike_R","Strike_R+1","Strike_R","Defend_R","Defend_R","Defend_R","Defend_R","Bash+1","Flex+1","Perfected Strike+1","Cleave+1","Impervious","Shrug It Off","Dramatic Entrance","Thunderclap","Whirlwind","Shrug It Off"],"relics":["Burning Blood","Meat on the Bone","Dodecahedron","Whetstone","Pantograph","Eternal Feather"],"potions_floor_usage":[14,14,16],"damage_taken":[{"damage":6,"enemies":"2 Louse","floor":1,"turns":4},{"damage":5,"enemies":"Jaw Worm","floor":2,"turns":4},{"damage":0,"enemies":"Cultist","floor":5,"turns":2},{"damage":9,"enemies":"Blue Slaver","floor":7,"turns":3},{"damage":10,"enemies":"Looter","floor":8,"turns":3},{"damage":17,"enemies":"3 Sentries","floor":12,"turns":8},{"damage":6,"enemies":"3 Louse","floor":14,"turns":2},{"damage":49,"enemies":"Hexaghost","floor":16,"turns":6},{"damage":10,"enemies":"3 Byrds","floor":18,"turns":5},{"damage":33,"enemies":"Shell Parasite","floor":20,"turns":7},{"damage":52,"enemies":"Gremlin Leader","floor":23,"turns":4}],"seed_played":"6849746886194182685","potions_obtained":[{"floor":8,"key":"BloodPotion"},{"floor":12,"key":"SteroidPotion"},{"floor":14,"key":"PowerPotion"},{"floor":16,"key":"Ancient Potion"}],"is_trial":false,"path_per_floor":["M","M","?","?","M","R","M","M","T","$","R","E","$","M","R","B",null,"M","$","M","?","?"],"character_chosen":"IRONCLAD","items_purchased":["Whetstone","Dramatic Entrance","Thunderclap"],"campfire_rested":0,"item_purchase_floors":[10,19,19],"current_hp_per_floor":[80,80,80,77,80,80,77,73,73,73,73,62,62,70,70,49,80,76,76,49,49,49,0],"gold":189,"neow_bonus":"THREE_CARDS","is_prod":false,"is_daily":false,"chose_seed":false,"campfire_upgraded":3,"win_rate":0,"timestamp":1531325061,"path_taken":["M","M","?","?","M","R","M","?","T","$","R","E","$","M","R","BOSS","M","$","M","?","?","E"],"build_version":"2018-07-09","purchased_purges":0,"victory":false,"max_hp_per_floor":[80,80,80,80,80,80,80,80,80,80,80,80,80,80,80,80,80,80,80,80,80,80,80],"card_choices":[{"not_picked":["Headbutt","Disarm"],"picked":"Flex","floor":0},{"not_picked":["Headbutt","Warcry"],"picked":"Perfected Strike","floor":1},{"not_picked":["Headbutt","Iron Wave","Combust"],"picked":"SKIP","floor":2},{"not_picked":["Warcry","Spot Weakness","Wild Strike"],"picked":"SKIP","floor":5},{"not_picked":["Havoc","Heavy Blade","Clash"],"picked":"SKIP","floor":7},{"not_picked":["Headbutt","Dark Embrace","Disarm"],"picked":"SKIP","floor":8},{"not_picked":["True Grit","Sword Boomerang","Armaments"],"picked":"SKIP","floor":12},{"not_picked":["Heavy Blade","Infernal Blade"],"picked":"Cleave","floor":14},{"not_picked":["Exhume","Fiend Fire"],"picked":"Impervious","floor":16},{"not_picked":["Wild Strike","Searing Blow"],"picked":"Shrug It Off","floor":18},{"not_picked":["Evolve","Flex"],"picked":"Whirlwind","floor":20}],"player_experience":337900,"relics_obtained":[{"floor":9,"key":"Dodecahedron"},{"floor":12,"key":"Pantograph"}],"event_choices":[{"event_name":"Living Wall","player_choice":"Grow","floor":3,"damage_taken":0},{"event_name":"Scrap Ooze","player_choice":"success","floor":4,"damage_taken":3},{"event_name":"Golden Shrine","player_choice":"Pray","floor":21,"damage_taken":0},{"event_name":"Duplicator","player_choice":"One dupe","floor":22,"damage_taken":0}],"boss_relics":[{"not_picked":["White Beast Statue","Ectoplasm"],"picked":"Eternal Feather"}],"items_purged_floors":[],"is_endless":false,"potions_floor_spawned":[8,12,14,16],"killed_by":"Gremlin Leader","ascension_level":0}