{"gold_per_floor":[118,39,49,65,65,65,106,106,106,28,28,28,28,41,41,130,130,150,150,166,18,34,34,47,70,70,70,93,93,93,106,106,202,202,216,239,239,139,264,264,288,288,288,308,326,326,351,371,371,371],"floor_reached":50,"playtime":2264,"items_purged":["Strike_G","Strike_G"],"score":915,"play_id":"f4e3c042-0691-4509-a230-b436707c8c5b","local_time":"20190121210156","is_ascension_mode":true,"campfire_choices":[{"data":"Riddle With Holes","floor":6.0,"key":"SMITH"},{"floor":8.0,"key":"REST"},{"floor":13.0,"key":"REST"},{"data":"Dagger Spray","floor":15.0,"key":"SMITH"},{"floor":27.0,"key":"REST"},{"floor":29.0,"key":"REST"},{"data":"Burst","floor":32.0,"key":"SMITH"},{"floor":40.0,"key":"REST"},{"floor":46.0,"key":"REST"},{"floor":49.0,"key":"REST"}],"neow_cost":"NONE","seed_source_timestamp":1453406126544960,"circlet_count":0,"master_deck":["AscendersBane","Defend_G","Defend_G+1","Defend_G","Defend_G","Defend_G+1","Strike_G","Strike_G","Strike_G","Survivor","Neutralize+1","Crippling Poison","Heel Hook","Riddle With Holes+1","Escape Plan","Burst+1","Cloak And Dagger+1","PiercingWail+1","Dagger Spray+1","Malaise+1","Riddle With Holes+1","Catalyst+1","Catalyst+1","Poisoned Stab","Deadly Poison+1","Dodge and Roll+1","Die Die Die","Deadly Poison+1","Catalyst+1","Malaise+1","Prepared+1"],"special_seed":0,"relics":["Ring of the Snake","Golden Idol","Bottled Lightning","Toxic Egg 2","Cursed Key","Sozu","FossilizedHelix"],"potions_floor_usage":[],"damage_taken":[{"damage":4.0,"enemies":"Small Slimes","floor":1.0,"turns":5.0},{"damage":2.0,"enemies":"Jaw Worm","floor":3.0,"turns":4.0},{"damage":0.0,"enemies":"2 Louse","floor":4.0,"turns":3.0},{"damage":25.0,"enemies":"3 Sentries","floor":7.0,"turns":10.0},{"damage":0.0,"enemies":"Looter","floor":14.0,"turns":3.0},{"damage":18.0,"enemies":"The Guardian","floor":16.0,"turns":15.0},{"damage":10.0,"enemies":"Chosen","floor":18.0,"turns":8.0},{"damage":1.0,"enemies":"2 Thieves","floor":20.0,"turns":4.0},{"damage":6.0,"enemies":"Centurion and Healer","floor":22.0,"turns":9.0},{"damage":0.0,"enemies":"3 Cultists","floor":23.0,"turns":4.0},{"damage":27.0,"enemies":"Sentry and Sphere","floor":24.0,"turns":8.0},{"damage":2.0,"enemies":"Shelled Parasite and Fungi","floor":25.0,"turns":3.0},{"damage":7.0,"enemies":"Chosen and Byrds","floor":28.0,"turns":5.0},{"damage":5.0,"enemies":"3 Cultists","floor":31.0,"turns":5.0},{"damage":0.0,"enemies":"Champ","floor":33.0,"turns":1.0},{"damage":21.0,"enemies":"3 Shapes","floor":35.0,"turns":4.0},{"damage":3.0,"enemies":"3 Darklings","floor":36.0,"turns":5.0},{"damage":0.0,"enemies":"Mind Bloom Boss Battle","floor":39.0,"turns":4.0},{"damage":13.0,"enemies":"Writhing Mass","floor":41.0,"turns":4.0},{"damage":14.0,"enemies":"Jaw Worm Horde","floor":44.0,"turns":3.0},{"damage":0.0,"enemies":"Maw","floor":45.0,"turns":5.0},{"damage":6.0,"enemies":"Writhing Mass","floor":47.0,"turns":6.0},{"damage":9.0,"enemies":"4 Shapes","floor":48.0,"turns":6.0},{"damage":46,"enemies":"Time Eater","floor":50,"turns":8}],"seed_played":"-7086506280717997932","potions_obtained":[{"floor":1.0,"key":"Ancient Potion"},{"floor":14.0,"key":"Strength Potion"},{"floor":20.0,"key":"SmokeBomb"},{"floor":28.0,"key":"SteroidPotion"},{"floor":31.0,"key":"SkillPotion"}],"is_trial":false,"path_per_floor":["M","$","M","M","?","R","E","R","T","$","?","?","R","M","R","B",null,"M","?","M","$","M","M","M","M","T","R","M","R","?","M","R","B",null,"M","M","?","$","?","R","M","?","T","M","M","R","M","M","R","B"],"character_chosen":"THE_SILENT","items_purchased":["Heel Hook","Cloak And Dagger+1","PiercingWail+1","Catalyst+1"],"campfire_rested":7,"item_purchase_floors":[2,10,10,21],"current_hp_per_floor":[55,55,53,53,53,53,28,46,46,46,46,28,46,46,46,28,52,42,42,41,41,35,35,8,6,6,24,17,35,47,42,42,42,56,35,32,32,32,32,50,37,37,37,23,23,41,35,26,44,0],"gold":371,"neow_bonus":"UPGRADE_CARD","is_prod":false,"is_daily":false,"chose_seed":false,"campfire_upgraded":3,"win_rate":0,"timestamp":1548072116,"path_taken":["M","$","M","M","?","R","E","R","T","$","?","?","R","M","R","BOSS","M","?","M","$","M","M","M","M","T","R","M","R","?","M","R","BOSS","M","M","?","$","?","R","M","?","T","M","M","R","?","M","R","BOSS"],"build_version":"2019-01-17v2","purchased_purges":2,"victory":false,"max_hp_per_floor":[66,66,66,66,60,60,60,60,60,60,60,60,60,60,60,60,60,60,60,60,60,60,60,60,60,60,60,60,60,60,60,60,60,60,60,60,60,60,60,60,60,60,60,60,60,60,60,60,60,60],"card_choices":[{"not_picked":["Setup","Quick Slash"],"picked":"Crippling Poison","floor":1.0},{"not_picked":["Prepared","Dagger Throw"],"picked":"Riddle With Holes","floor":3.0},{"not_picked":["A Thousand Cuts","Blade Dance"],"picked":"Escape Plan","floor":4.0},{"not_picked":["Dodge and Roll","Prepared"],"picked":"Burst","floor":7.0},{"not_picked":["Cloak And Dagger+1","Slice"],"picked":"Dagger Spray","floor":14.0},{"not_picked":["Night Terror+1","Envenom"],"picked":"Malaise+1","floor":16.0},{"not_picked":["Deflect+1","Backflip+1"],"picked":"Riddle With Holes+1","floor":18.0},{"not_picked":["Skewer","Eviscerate"],"picked":"Catalyst+1","floor":20.0},{"not_picked":["Expertise+1","Underhanded Strike","Acrobatics+1"],"picked":"SKIP","floor":22.0},{"not_picked":["Dagger Spray","Acrobatics+1","Tactician+1"],"picked":"SKIP","floor":24.0},{"not_picked":["Bane","Reflex+1"],"picked":"Poisoned Stab","floor":25.0},{"not_picked":["Quick Slash","Dagger Throw"],"picked":"Deadly Poison+1","floor":28.0},{"not_picked":["Quick Slash","Choke"],"picked":"Dodge and Roll+1","floor":31.0},{"not_picked":["Grand Finale","Night Terror+1"],"picked":"Die Die Die","floor":33.0},{"not_picked":["Calculated Gamble+1","Poisoned Stab"],"picked":"Deadly Poison+1","floor":35.0},{"not_picked":["Dodge and Roll+1","Bouncing Flask+1"],"picked":"Catalyst+1","floor":36.0},{"not_picked":["Concentrate+1","Underhanded Strike","Masterful Stab"],"picked":"SKIP","floor":41.0},{"not_picked":["Flechettes","Heel Hook","Infinite Blades+1"],"picked":"SKIP","floor":44.0},{"not_picked":["Deflect+1","Skewer","Underhanded Strike"],"picked":"SKIP","floor":45.0},{"not_picked":["Flechettes","Footwork"],"picked":"Prepared+1","floor":47.0},{"not_picked":["Deadly Poison+1","Slice+1","Masterful Stab"],"picked":"SKIP","floor":48.0}],"player_experience":420633,"relics_obtained":[{"floor":7.0,"key":"Bottled Lightning"},{"floor":9.0,"key":"Toxic Egg 2"},{"floor":39.0,"key":"FossilizedHelix"}],"event_choices":[{"damage_healed":0.0,"max_hp_gain":0.0,"max_hp_loss":6.0,"gold_gain":0.0,"event_name":"Golden Idol","player_choice":"Lose Max HP","floor":5.0,"gold_loss":0.0,"damage_taken":0.0,"relics_obtained":["Golden Idol"]},{"damage_healed":0.0,"max_hp_gain":0.0,"max_hp_loss":0.0,"gold_gain":0.0,"event_name":"Liars Game","player_choice":"Ignored","floor":11.0,"gold_loss":0.0,"damage_taken":0.0},{"damage_healed":0.0,"max_hp_gain":0.0,"max_hp_loss":0.0,"gold_gain":0.0,"event_name":"Shining Light","player_choice":"Entered Light","floor":12.0,"gold_loss":0.0,"damage_taken":18.0,"cards_upgraded":["Defend_G","Defend_G"]},{"damage_healed":0.0,"max_hp_gain":0.0,"max_hp_loss":0.0,"gold_gain":0.0,"event_name":"The Mausoleum","player_choice":"Ignored","floor":19.0,"gold_loss":0.0,"damage_taken":0.0},{"damage_healed":12.0,"max_hp_gain":0.0,"max_hp_loss":0.0,"gold_gain":0.0,"event_name":"The Library","player_choice":"Heal","floor":30.0,"gold_loss":0.0,"damage_taken":0.0},{"damage_healed":0.0,"max_hp_gain":0.0,"max_hp_loss":0.0,"gold_gain":0.0,"event_name":"Mysterious Sphere","player_choice":"Ignored","floor":37.0,"gold_loss":0.0,"damage_taken":0.0},{"damage_healed":0.0,"max_hp_gain":0.0,"max_hp_loss":0.0,"gold_gain":0.0,"event_name":"MindBloom","player_choice":"Fight","floor":39.0,"gold_loss":0.0,"damage_taken":0.0},{"damage_healed":0.0,"max_hp_gain":0.0,"max_hp_loss":0.0,"gold_gain":0.0,"event_name":"Duplicator","player_choice":"Copied","floor":42.0,"gold_loss":0.0,"damage_taken":0.0,"cards_obtained":["Malaise"]}],"is_beta":false,"boss_relics":[{"not_picked":["Ectoplasm","Runic Pyramid"],"picked":"Cursed Key"},{"not_picked":["HoveringKite","Ring of the Serpent"],"picked":"Sozu"}],"items_purged_floors":[21,38],"is_endless":false,"potions_floor_spawned":[1,14,20,23,28,31,39,41,44,47],"killed_by":"Time Eater","ascension_level":15}