{"gold_per_floor":[110,110,24,43,43,43,43,43,43,53,53,70,80,98,98,200,200,213,213,213,213,232,232,232,249,249,105,115,141,141,203,203,305,305,320,420,420,437,437,455,465,172,172,172,183,202,202,219,219,219],"floor_reached":50,"playtime":2072,"items_purged":["Defend_R"],"score":691,"play_id":"0cc153e6-d312-4138-84fa-4f6698e547fb","local_time":"20190108084856","is_ascension_mode":true,"campfire_choices":[{"data":"Bash","floor":6.0,"key":"SMITH"},{"data":"Whirlwind","floor":11.0,"key":"SMITH"},{"data":"Trip","floor":15.0,"key":"SMITH"},{"data":"Warcry","floor":23.0,"key":"SMITH"},{"data":"Shockwave","floor":30.0,"key":"SMITH"},{"data":"Immolate","floor":32.0,"key":"SMITH"},{"data":"Offering","floor":44.0,"key":"SMITH"},{"floor":49.0,"key":"REST"}],"neow_cost":"NONE","seed_source_timestamp":286400347194800,"circlet_count":0,"master_deck":["Defend_R","Defend_R+1","Defend_R","Bash+1","Clothesline","Whirlwind+1","Warcry+1","Shrug It Off","Reaper","Trip+1","Spot Weakness","Shockwave+1","Immolate+1","Bite","Bite","Bite","Bite","Ghostly","Ghostly","Ghostly","Ghostly","Ghostly","Ghostly Armor","Offering+1","Whirlwind+1"],"special_seed":0,"relics":["Sozu","Blue Candle","Cursed Key","Smiling Mask","Lantern","Oddly Smooth Stone","Tiny Chest","Busted Crown","Nunchaku","Mercury Hourglass"],"potions_floor_usage":[],"damage_taken":[{"damage":3.0,"enemies":"Small Slimes","floor":1.0,"turns":3.0},{"damage":0.0,"enemies":"2 Louse","floor":4.0,"turns":2.0},{"damage":0.0,"enemies":"Cultist","floor":10.0,"turns":2.0},{"damage":9.0,"enemies":"Lots of Slimes","floor":12.0,"turns":2.0},{"damage":0.0,"enemies":"2 Fungi Beasts","floor":13.0,"turns":2.0},{"damage":0.0,"enemies":"3 Louse","floor":14.0,"turns":1.0},{"damage":41.0,"enemies":"The Guardian","floor":16.0,"turns":12.0},{"damage":17.0,"enemies":"2 Thieves","floor":18.0,"turns":3.0},{"damage":3.0,"enemies":"Shell Parasite","floor":22.0,"turns":5.0},{"damage":4.0,"enemies":"Cultist and Chosen","floor":25.0,"turns":5.0},{"damage":3.0,"enemies":"Snake Plant","floor":28.0,"turns":3.0},{"damage":1.0,"enemies":"Book of Stabbing","floor":29.0,"turns":6.0},{"damage":21.0,"enemies":"Gremlin Leader","floor":31.0,"turns":6.0},{"damage":19.0,"enemies":"Collector","floor":33.0,"turns":9.0},{"damage":3.0,"enemies":"Orb Walker","floor":35.0,"turns":3.0},{"damage":1.0,"enemies":"Mind Bloom Boss Battle","floor":36.0,"turns":6.0},{"damage":0.0,"enemies":"3 Shapes","floor":38.0,"turns":1.0},{"damage":23.0,"enemies":"Maw","floor":40.0,"turns":8.0},{"damage":2.0,"enemies":"Transient","floor":41.0,"turns":5.0},{"damage":1.0,"enemies":"3 Darklings","floor":45.0,"turns":3.0},{"damage":18.0,"enemies":"Sphere and 2 Shapes","floor":46.0,"turns":3.0},{"damage":1.0,"enemies":"4 Shapes","floor":48.0,"turns":2.0},{"damage":43,"enemies":"Awakened One","floor":50,"turns":7}],"seed_played":"-2745815285436573041","potions_obtained":[],"is_trial":false,"path_per_floor":["M","?","$","M","?","R","?","$","T","M","R","M","M","M","R","B",null,"M","?","?","?","M","R","?","M","T","$","M","E","R","E","R","B",null,"M","?","?","M","T","M","M","$","T","R","M","M","?","M","R","B"],"character_chosen":"IRONCLAD","items_purchased":["Whirlwind","Warcry","Lantern","Mercury Hourglass"],"campfire_rested":1,"item_purchase_floors":[3,3,27,42],"current_hp_per_floor":[69,53,53,53,79,79,79,79,79,79,79,70,70,70,70,39,70,72,56,28,28,27,27,27,26,26,26,25,28,28,20,20,13,24,28,28,27,27,27,10,22,22,22,22,27,11,11,20,27,0],"gold":219,"neow_bonus":"BOSS_RELIC","is_prod":false,"is_daily":false,"chose_seed":false,"campfire_upgraded":7,"win_rate":0,"timestamp":1546904936,"path_taken":["M","?","$","M","?","R","?","$","T","?","R","M","?","M","R","BOSS","M","?","?","?","?","R","?","M","T","$","M","E","R","E","R","BOSS","M","?","?","M","?","M","M","$","T","R","M","?","?","M","R","BOSS"],"build_version":"2019-01-03v4","purchased_purges":1,"victory":false,"max_hp_per_floor":[80,80,80,80,80,80,80,80,80,80,80,80,80,80,80,80,80,80,56,28,28,28,28,28,28,28,28,28,28,28,28,28,28,28,28,28,27,27,27,27,27,27,27,27,27,27,27,27,27,27],"card_choices":[{"not_picked":["Body Slam","Warcry"],"picked":"Clothesline","floor":1.0},{"not_picked":["Blood for Blood","Body Slam"],"picked":"Shrug It Off","floor":4.0},{"not_picked":["Sword Boomerang","Twin Strike","Perfected Strike"],"picked":"SKIP","floor":10.0},{"not_picked":["Wild Strike","Evolve"],"picked":"Spot Weakness","floor":12.0},{"not_picked":["Infernal Blade","Warcry"],"picked":"Shockwave","floor":13.0},{"not_picked":["Pommel Strike","Fiend Fire","Perfected Strike"],"picked":"SKIP","floor":14.0},{"not_picked":["Reaper","Berserk"],"picked":"Immolate","floor":16.0},{"not_picked":["Anger","True Grit","Twin Strike"],"picked":"SKIP","floor":18.0},{"not_picked":["Wild Strike","Rampage","Anger+1"],"picked":"SKIP","floor":22.0},{"not_picked":["Anger","Clothesline","Heavy Blade"],"picked":"SKIP","floor":25.0},{"not_picked":["Havoc","Intimidate","Seeing Red"],"picked":"SKIP","floor":28.0},{"not_picked":["Cleave","Heavy Blade+1"],"picked":"Ghostly Armor","floor":29.0},{"not_picked":["Searing Blow+1","Uppercut+1","Heavy Blade"],"picked":"SKIP","floor":31.0},{"not_picked":["Fiend Fire","Limit Break"],"picked":"Offering","floor":33.0},{"not_picked":["Bloodletting+1"],"picked":"SKIP","floor":35.0},{"not_picked":[],"picked":"Whirlwind+1","floor":36.0},{"not_picked":["Perfected Strike+1"],"picked":"SKIP","floor":38.0},{"not_picked":["Perfected Strike+1"],"picked":"SKIP","floor":40.0},{"not_picked":["Havoc+1"],"picked":"SKIP","floor":41.0},{"not_picked":["Entrench"],"picked":"SKIP","floor":45.0},{"not_picked":["Perfected Strike"],"picked":"SKIP","floor":46.0},{"not_picked":["Whirlwind"],"picked":"SKIP","floor":48.0}],"player_experience":346246,"relics_obtained":[{"floor":9.0,"key":"Blue Candle"},{"floor":29.0,"key":"Oddly Smooth Stone"},{"floor":31.0,"key":"Tiny Chest"},{"floor":36.0,"key":"Nunchaku"}],"event_choices":[{"damage_healed":0.0,"max_hp_gain":0.0,"max_hp_loss":0.0,"gold_gain":0.0,"event_name":"Shining Light","player_choice":"Entered Light","floor":2.0,"gold_loss":0.0,"damage_taken":16.0,"cards_upgraded":["Defend_R","Strike_R"]},{"damage_healed":26.0,"max_hp_gain":0.0,"max_hp_loss":0.0,"gold_gain":0.0,"event_name":"Big Fish","player_choice":"Banana","floor":5.0,"gold_loss":0.0,"damage_taken":0.0},{"damage_healed":0.0,"max_hp_gain":0.0,"max_hp_loss":0.0,"gold_gain":0.0,"event_name":"Match and Keep!","player_choice":"2 cards matched","floor":7.0,"gold_loss":0.0,"damage_taken":0.0,"cards_obtained":["Reaper","Trip"]},{"damage_healed":0.0,"max_hp_gain":0.0,"max_hp_loss":24.0,"gold_gain":0.0,"event_name":"Vampires","player_choice":"Became a vampire","floor":19.0,"gold_loss":0.0,"damage_taken":0.0,"cards_obtained":["Bite","Bite","Bite","Bite","Bite"]},{"damage_healed":0.0,"max_hp_gain":0.0,"max_hp_loss":28.0,"gold_gain":0.0,"event_name":"Ghosts","player_choice":"Became a Ghost","floor":20.0,"gold_loss":0.0,"damage_taken":0.0,"cards_obtained":["Ghostly","Ghostly","Ghostly","Ghostly","Ghostly"]},{"cards_removed":["Bite"],"damage_healed":5.0,"max_hp_gain":0.0,"max_hp_loss":0.0,"gold_gain":0.0,"event_name":"Bonfire Elementals","player_choice":"Offered Special","floor":21.0,"gold_loss":0.0,"damage_taken":0.0},{"damage_healed":0.0,"max_hp_gain":0.0,"max_hp_loss":0.0,"gold_gain":0.0,"event_name":"The Mausoleum","player_choice":"Opened","floor":24.0,"gold_loss":0.0,"damage_taken":0.0,"relics_obtained":["Smiling Mask"]},{"damage_healed":0.0,"max_hp_gain":0.0,"max_hp_loss":0.0,"gold_gain":0.0,"event_name":"MindBloom","player_choice":"Fight","floor":36.0,"gold_loss":0.0,"damage_taken":0.0},{"damage_healed":0.0,"max_hp_gain":0.0,"max_hp_loss":1.0,"gold_gain":0.0,"event_name":"Winding Halls","player_choice":"Max HP","floor":37.0,"gold_loss":0.0,"damage_taken":0.0},{"damage_healed":0.0,"max_hp_gain":0.0,"max_hp_loss":0.0,"gold_gain":0.0,"event_name":"SensoryStone","player_choice":"Memory 1","floor":47.0,"gold_loss":0.0,"damage_taken":0.0}],"is_beta":false,"boss_relics":[{"not_picked":["Pandora\u0027s Box","Astrolabe"],"picked":"Cursed Key"},{"not_picked":["Mark of Pain","Tiny House"],"picked":"Busted Crown"}],"items_purged_floors":[42],"is_endless":false,"potions_floor_spawned":[4,12,16,25,29,31,38,40,46,48],"killed_by":"Awakened One","ascension_level":6}