{"gold_per_floor":[119,132,148,198,209,237,237,267,314,314,376,405,422,440,440,516,516,534,550,313,313,10,10,21,36,112,112,112,142,142,169,169,169],"floor_reached":33,"playtime":1426,"items_purged":[],"score":559,"play_id":"173dcc43-3f28-44c1-8901-1044d53182c8","local_time":"20180719234307","is_ascension_mode":true,"campfire_choices":[{"data":"Skewer","floor":7,"key":"SMITH"},{"data":"Neutralize","floor":10,"key":"SMITH"},{"floor":15,"key":"REST"},{"data":"Malaise","floor":23,"key":"SMITH"},{"data":"Noxious Fumes","floor":27,"key":"SMITH"},{"floor":32,"key":"REST"}],"neow_cost":"NONE","seed_source_timestamp":0,"circlet_count":0,"master_deck":["Defend_G+1","Defend_G+1","Defend_G+1","Defend_G+1","Defend_G+1","Strike_G+1","Strike_G+1","Strike_G+1","Strike_G+1","Strike_G+1","Survivor+1","Neutralize+1","AscendersBane","Skewer+1","All Out Attack","Dodge and Roll","Riddle With Holes","Cloak And Dagger","Deadly Poison","Malaise+1","Riddle With Holes","Dash","Die Die Die","Noxious Fumes+1","Well Laid Plans","Noxious Fumes","Sucker Punch","Poisoned Stab+1","Parasite","Deflect","Writhe","Leg Sweep"],"special_seed":0,"relics":["Ring of the Snake","NeowsBlessing","Happy Flower","Matryoshka","Boot","War Paint","Darkstone Periapt","Cursed Key","Anchor","Bag of Preparation","Snake Skull","Vajra","The Courier","Strawberry","Omamori","Juzu Bracelet"],"potions_floor_usage":[8,16,33,33],"damage_taken":[{"damage":0.0,"enemies":"Cultist","floor":1.0,"turns":1.0},{"damage":0.0,"enemies":"Small Slimes","floor":2.0,"turns":1.0},{"damage":0.0,"enemies":"2 Louse","floor":3.0,"turns":1.0},{"damage":0,"enemies":"Large Slime","floor":5,"turns":5},{"damage":20,"enemies":"3 Sentries","floor":6,"turns":9},{"damage":2,"enemies":"Lagavulin","floor":8,"turns":7},{"damage":4,"enemies":"3 Sentries","floor":12,"turns":6},{"damage":8,"enemies":"Exordium Thugs","floor":13,"turns":6},{"damage":15,"enemies":"3 Louse","floor":14,"turns":3},{"damage":17,"enemies":"The Guardian","floor":16,"turns":13},{"damage":13,"enemies":"Shell Parasite","floor":18,"turns":5},{"damage":0,"enemies":"3 Byrds","floor":19,"turns":4},{"damage":0,"enemies":"Snake Plant","floor":24,"turns":5},{"damage":0,"enemies":"Centurion and Healer","floor":25,"turns":4},{"damage":4,"enemies":"Gremlin Leader","floor":29,"turns":5},{"damage":30,"enemies":"Slavers","floor":31,"turns":5},{"damage":52,"enemies":"Collector","floor":33,"turns":6}],"seed_played":"5588238266657588242","potions_obtained":[{"floor":1.0,"key":"PowerPotion"},{"floor":6,"key":"SteroidPotion"},{"floor":8,"key":"Block Potion"},{"floor":24,"key":"PowerPotion"}],"is_trial":false,"path_per_floor":["M","M","M","?","M","E","R","E","T","R","?","E","M","M","R","B",null,"M","M","$","?","$","R","M","M","T","R","?","E","?","E","R"],"character_chosen":"THE_SILENT","items_purchased":["Anchor","Noxious Fumes","Bag of Preparation","Snake Skull"],"campfire_rested":2,"item_purchase_floors":[20,20,22,22],"current_hp_per_floor":[59,59,59,59,59,39,39,37,37,37,37,33,25,10,29,12,53,40,40,40,40,40,40,40,40,46,46,46,49,55,25,50,0],"gold":169,"neow_bonus":"THREE_ENEMY_KILL","is_prod":false,"is_daily":false,"chose_seed":false,"campfire_upgraded":4,"win_rate":0,"timestamp":1532036587,"path_taken":["M","M","?","?","M","E","R","E","T","R","?","E","M","?","R","BOSS","M","M","$","?","$","R","M","M","T","R","?","E","?","E","R","BOSS"],"build_version":"2018-07-12","purchased_purges":0,"victory":false,"max_hp_per_floor":[66,66,66,66,66,66,66,66,66,66,66,66,66,66,66,66,66,66,66,66,66,66,66,66,66,72,72,72,79,85,85,85,85],"card_choices":[{"not_picked":["Poisoned Stab","Prepared"],"picked":"Skewer","floor":1.0},{"not_picked":["Reflex","Quick Slash"],"picked":"All Out Attack","floor":2.0},{"not_picked":["Prepared","Quick Slash"],"picked":"Dodge and Roll","floor":3.0},{"not_picked":["Dagger Throw","Quick Slash"],"picked":"Riddle With Holes","floor":5},{"not_picked":["Bane","Prepared"],"picked":"Cloak And Dagger","floor":6},{"not_picked":["Grand Finale","Blade Dance"],"picked":"Deadly Poison","floor":8},{"not_picked":["Well Laid Plans","Outmaneuver"],"picked":"Malaise","floor":12},{"not_picked":["Slice","Caltrops"],"picked":"Riddle With Holes","floor":13},{"not_picked":["Concentrate","Acrobatics"],"picked":"Dash","floor":14},{"not_picked":["Burst","Night Terror"],"picked":"Die Die Die","floor":16},{"not_picked":["Dodge and Roll+1","Expertise"],"picked":"Noxious Fumes","floor":18},{"not_picked":["Outmaneuver+1","Acrobatics"],"picked":"Well Laid Plans","floor":19},{"not_picked":["Bullet Time","Flying Knee"],"picked":"Sucker Punch","floor":24},{"not_picked":["Outmaneuver","Endless Agony"],"picked":"Poisoned Stab+1","floor":25},{"not_picked":["Flying Knee","Setup+1"],"picked":"Deflect","floor":29},{"not_picked":["Underhanded Strike","Deflect"],"picked":"Leg Sweep","floor":31}],"player_experience":1103550,"relics_obtained":[{"floor":6,"key":"Happy Flower"},{"floor":8,"key":"Matryoshka"},{"floor":9,"key":"Boot"},{"floor":9,"key":"War Paint"},{"floor":12,"key":"Darkstone Periapt"},{"floor":26,"key":"Vajra"},{"floor":26,"key":"The Courier"},{"floor":29,"key":"Strawberry"},{"floor":31,"key":"Juzu Bracelet"}],"event_choices":[{"event_name":"Golden Shrine","player_choice":"Pray","floor":4.0,"damage_taken":0.0},{"event_name":"Golden Wing","player_choice":"Gained Gold","floor":11,"damage_taken":0},{"event_name":"Beggar","player_choice":"Ignored","floor":21,"damage_taken":0},{"event_name":"Back to Basics","player_choice":"Simplicity","floor":28,"damage_taken":0},{"event_name":"The Mausoleum","player_choice":"Yes","floor":30,"damage_taken":0}],"boss_relics":[{"not_picked":["Black Star","Ectoplasm"],"picked":"Cursed Key"}],"items_purged_floors":[],"is_endless":false,"potions_floor_spawned":[1,6,8,14,24,29,31],"killed_by":"Collector","ascension_level":15}