{"gold_per_floor":[117,117,131,142,160,160,175,175,175,175,186,196,5,23,23,125,125,142,159,177,197,197,213,213,213,213,213,54,54,54,73,73,175,175,185,185,285,297,316,316,328,344,344,355,368,382,393,89,89,89],"floor_reached":51,"playtime":3276,"items_purged":["Tempest"],"score":831,"play_id":"62b4cd50-7681-4985-b831-ac5731bd637c","local_time":"20180626134527","is_ascension_mode":true,"campfire_choices":[{"floor":6,"key":"REST"},{"data":"Redo","floor":8,"key":"SMITH"},{"data":"Gash","floor":15,"key":"SMITH"},{"floor":24,"key":"REST"},{"floor":27,"key":"REST"},{"data":"Echo Form","floor":29,"key":"SMITH"},{"floor":32,"key":"REST"},{"floor":40,"key":"REST"},{"floor":49,"key":"REST"}],"neow_cost":"NONE","seed_source_timestamp":148926501255747,"circlet_count":0,"master_deck":["Zap+1","Dualcast","Beam Cell","Chill","BootSequence","Coolheaded","Redo+1","BootSequence","Undo","Gash+1","Echo Form+1","Leap","FTL","Conserve Battery","Gash","Compile Driver","Blizzard","Scrape","FTL","Streamline+1","Scrape","All For One","Chill","All For One","Gash","Gash+1","Hologram","Gash+1","Go for the Eyes+1","Gash+1","Hologram+1","Sadistic Nature"],"relics":["Cracked Core","Pantograph","Smiling Mask","Bronze Scales","Pandora\u0027s Box","Meat on the Bone","Strawberry","Inserter","Singing Bowl"],"potions_floor_usage":[16,16,18,21,33,50,50,50],"damage_taken":[{"damage":2,"enemies":"Jaw Worm","floor":1,"turns":3},{"damage":8,"enemies":"2 Louse","floor":3,"turns":2},{"damage":0,"enemies":"Cultist","floor":4,"turns":3},{"damage":2,"enemies":"Red Slaver","floor":5,"turns":3},{"damage":0,"enemies":"Blue Slaver","floor":7,"turns":4},{"damage":0,"enemies":"2 Fungi Beasts","floor":11,"turns":4},{"damage":0,"enemies":"Exordium Wildlife","floor":12,"turns":3},{"damage":0,"enemies":"Red Slaver","floor":14,"turns":4},{"damage":34,"enemies":"Hexaghost","floor":16,"turns":9},{"damage":24,"enemies":"Shell Parasite","floor":18,"turns":4},{"damage":0,"enemies":"3 Byrds","floor":19,"turns":3},{"damage":16,"enemies":"Snecko","floor":20,"turns":5},{"damage":22,"enemies":"Snake Plant","floor":21,"turns":4},{"damage":6,"enemies":"Centurion and Healer","floor":23,"turns":6},{"damage":40,"enemies":"Slaver and Parasite","floor":31,"turns":6},{"damage":64,"enemies":"Collector","floor":33,"turns":10},{"damage":0,"enemies":"3 Shapes","floor":35,"turns":3},{"damage":6,"enemies":"Orb Walker","floor":38,"turns":3},{"damage":14,"enemies":"4 Shapes","floor":39,"turns":9},{"damage":18,"enemies":"Sphere and 2 Shapes","floor":41,"turns":4},{"damage":12,"enemies":"Maw","floor":42,"turns":6},{"damage":8,"enemies":"4 Shapes","floor":44,"turns":5},{"damage":15,"enemies":"Sphere and 2 Shapes","floor":45,"turns":7},{"damage":15,"enemies":"3 Darklings","floor":46,"turns":6},{"damage":20,"enemies":"Maw","floor":47,"turns":7},{"damage":77,"enemies":"Time Eater","floor":50,"turns":6}],"seed_played":"7290951906328765644","potions_obtained":[{"floor":5,"key":"GamblersBrew"},{"floor":7,"key":"Energy Potion"},{"floor":12,"key":"FocusPotion"},{"floor":16,"key":"Fruit Juice"},{"floor":19,"key":"SteroidPotion"},{"floor":20,"key":"Dexterity Potion"},{"floor":33,"key":"SteroidPotion"},{"floor":35,"key":"AttackPotion"},{"floor":42,"key":"LiquidBronze"}],"is_trial":false,"path_per_floor":["M","?","M","M","M","R","M","R","T","?","M","M","$","M","R","B",null,"M","M","M","M","?","M","R","?","T","R","$","R","$","M","R","B",null,"M","?","?","M","M","R","M","M","T","M","M","M","M","$","R","B"],"character_chosen":"DEFECT","items_purchased":["Gash","Bronze Scales","All For One","Sadistic Nature","Fire Potion"],"campfire_rested":6,"item_purchase_floors":[13,13,28,48,48],"current_hp_per_floor":[66,59,51,51,49,71,71,71,71,71,71,71,71,71,71,41,67,48,48,32,10,10,4,28,28,35,61,61,61,61,33,59,32,73,73,73,73,67,53,79,61,49,49,53,50,47,41,41,67,24],"gold":89,"neow_bonus":"UPGRADE_CARD","is_prod":false,"is_daily":false,"chose_seed":false,"campfire_upgraded":3,"win_rate":0,"timestamp":1530035127,"path_taken":["M","?","M","M","?","R","M","R","T","?","M","M","$","M","R","BOSS","M","M","M","M","?","M","R","?","T","R","$","R","?","M","R","BOSS","M","?","?","M","M","R","M","M","T","M","M","M","?","$","R","BOSS"],"build_version":"2018-06-21v2","purchased_purges":1,"victory":true,"max_hp_per_floor":[75,75,75,75,75,75,75,75,75,75,75,75,75,75,75,75,75,80,80,80,80,80,80,80,80,87,87,87,87,87,87,87,87,87,87,87,87,87,87,87,87,87,87,87,87,87,89,89,89,89],"card_choices":[{"not_picked":["Turbo","Hologram"],"picked":"Beam Cell","floor":1},{"not_picked":["Stack","Rebound"],"picked":"Chill","floor":3},{"not_picked":["Force Field","Stack"],"picked":"BootSequence","floor":4},{"not_picked":["Undo","Stack"],"picked":"Coolheaded","floor":5},{"not_picked":["Sweeping Beam","Chill"],"picked":"Redo","floor":7},{"not_picked":["Consume","Conserve Battery"],"picked":"BootSequence","floor":11},{"not_picked":["Skim","Rebound"],"picked":"Undo","floor":12},{"not_picked":["Steam Power","Redo"],"picked":"Tempest","floor":14},{"not_picked":["Electrodynamics","Core Surge"],"picked":"Echo Form","floor":16},{"not_picked":["Stack+1","Coolheaded","Turbo"],"picked":"SKIP","floor":18},{"not_picked":["Ball Lightning","Genetic Algorithm"],"picked":"Scrape","floor":19},{"not_picked":["Storm+1","Rainbow"],"picked":"FTL","floor":20},{"not_picked":["Rip and Tear","Redo+1"],"picked":"Streamline+1","floor":21},{"not_picked":["Rebound","Coolheaded"],"picked":"Scrape","floor":23},{"not_picked":["Auto Shields","Sweeping Beam"],"picked":"Chill","floor":31},{"not_picked":["Echo Form","Rainbow"],"picked":"All For One","floor":33},{"not_picked":["Loop+1","Beam Cell+1"],"picked":"Gash","floor":35},{"not_picked":["Compile Driver","Cold Snap+1","Reprogram"],"picked":"SKIP","floor":38},{"not_picked":["Static Discharge","Cold Snap"],"picked":"Hologram","floor":39},{"not_picked":["Go for the Eyes","Rebound"],"picked":"Gash+1","floor":41},{"not_picked":["Barrage+1","Leap+1","Seek"],"picked":"SKIP","floor":42},{"not_picked":["Rebound+1","Cold Snap"],"picked":"Go for the Eyes+1","floor":44},{"not_picked":["Ball Lightning+1","Leap+1"],"picked":"Gash+1","floor":45},{"not_picked":["Conserve Battery+1","Force Field+1"],"picked":"Hologram+1","floor":46},{"not_picked":["Defragment","Leap","Cold Snap+1"],"picked":"Singing Bowl","floor":47}],"player_experience":792586,"relics_obtained":[{"floor":9,"key":"Smiling Mask"},{"floor":26,"key":"Strawberry"},{"floor":43,"key":"Singing Bowl"}],"event_choices":[{"event_name":"Scrap Ooze","player_choice":"success","floor":2,"damage_taken":7},{"event_name":"Living Wall","player_choice":"Forget","floor":10,"damage_taken":0},{"event_name":"Purifier","player_choice":"One Purge","floor":22,"damage_taken":0},{"event_name":"Wheel of Change","player_choice":"Relic","floor":25,"damage_taken":0},{"event_name":"Duplicator","player_choice":"One dupe","floor":36,"damage_taken":0},{"event_name":"Golden Shrine","player_choice":"Pray","floor":37,"damage_taken":0}],"boss_relics":[{"not_picked":["Black Star","Snecko Eye"],"picked":"Pandora\u0027s Box"},{"not_picked":["Orrery","Cursed Key"],"picked":"Inserter"}],"items_purged_floors":[48],"is_endless":false,"potions_floor_spawned":[5,7,12,14,16,19,20,33,35,39,42,47],"ascension_level":6}