{"gold_per_floor":[117,135,135,11,22,22,49,49,49,81,46,46,46,63,63,136,136,149,181,192,107,107],"floor_reached":22,"playtime":1314,"items_purged":[],"score":369,"play_id":"5e713796-120e-4927-a0e3-90d0ad04aeed","local_time":"20190129194828","is_ascension_mode":true,"campfire_choices":[{"floor":6,"key":"REST"},{"floor":8,"key":"REST"},{"data":"Zap","floor":13,"key":"SMITH"},{"data":"Barrage","floor":15,"key":"SMITH"}],"neow_cost":"NONE","seed_source_timestamp":457881693595185,"circlet_count":0,"master_deck":["AscendersBane","Strike_B","Strike_B","Strike_B","Defend_B","Defend_B","Defend_B","Defend_B","Zap+1","Dualcast","Rainbow","White Noise","Ball Lightning","Capacitor","Force Field","Barrage+1","Core Surge","Glacier","Steam","Rainbow","Ball Lightning","Coolheaded","Force Field"],"relics":["Cracked Core","Omamori","Oddly Smooth Stone","Shuriken","Pantograph","Sozu","Red Mask","Dream Catcher"],"potions_floor_usage":[10,16],"damage_taken":[{"damage":4,"enemies":"Cultist","floor":1,"turns":4},{"damage":0,"enemies":"Small Slimes","floor":2,"turns":3},{"damage":12,"enemies":"Jaw Worm","floor":3,"turns":3},{"damage":10,"enemies":"Looter","floor":5,"turns":4},{"damage":48,"enemies":"Lagavulin","floor":7,"turns":7},{"damage":8,"enemies":"3 Sentries","floor":10,"turns":3},{"damage":25,"enemies":"Exordium Wildlife","floor":14,"turns":3},{"damage":9,"enemies":"The Guardian","floor":16,"turns":11},{"damage":17,"enemies":"3 Byrds","floor":18,"turns":4},{"damage":36,"enemies":"Masked Bandits","floor":19,"turns":4},{"damage":4,"enemies":"Spheric Guardian","floor":20,"turns":4},{"damage":4,"enemies":"Snake Plant","floor":22,"turns":1}],"seed_played":"5182151348336502126","potions_obtained":[{"floor":5,"key":"Explosive Potion"},{"floor":14,"key":"EssenceOfSteel"}],"is_trial":false,"path_per_floor":["M","M","M","$","M","R","E","R","T","E","?","?","R","M","R","B",null,"M","?","M","?","M"],"character_chosen":"DEFECT","items_purchased":["Capacitor","Force Field"],"campfire_rested":2,"item_purchase_floors":[4,4],"current_hp_per_floor":[60,60,48,48,38,59,11,32,32,24,41,36,36,11,11,27,60,43,7,3,3,0],"gold":107,"neow_bonus":"TRANSFORM_CARD","is_prod":false,"is_daily":false,"chose_seed":false,"campfire_upgraded":2,"win_rate":0,"timestamp":1548809308,"path_taken":["M","M","?","$","M","R","E","R","T","E","?","?","R","M","R","BOSS","M","?","M","?","M"],"build_version":"2019-01-23","purchased_purges":0,"victory":false,"max_hp_per_floor":[71,71,71,71,71,71,71,71,71,71,71,71,71,71,71,71,71,71,71,71,71,71],"card_choices":[{"not_picked":["Steam","Rebound"],"picked":"White Noise","floor":1},{"not_picked":["Beam Cell","Turbo"],"picked":"Ball Lightning","floor":2},{"not_picked":["Rip and Tear","Rebound"],"picked":"Barrage","floor":5},{"not_picked":["Meteor Strike","Cold Snap"],"picked":"Core Surge","floor":7},{"not_picked":["Compile Driver","Heatsinks"],"picked":"Glacier","floor":10},{"not_picked":["Stack","Compile Driver"],"picked":"Steam","floor":14},{"not_picked":["Core Surge","Meteor Strike"],"picked":"Rainbow","floor":16},{"not_picked":["Compile Driver+1","Barrage"],"picked":"Ball Lightning","floor":18},{"not_picked":["Force Field","Conserve Battery"],"picked":"Coolheaded","floor":19},{"not_picked":["Rip and Tear","Sunder"],"picked":"Force Field","floor":20}],"player_experience":2212704,"relics_obtained":[{"floor":7,"key":"Omamori"},{"floor":9,"key":"Oddly Smooth Stone"},{"floor":10,"key":"Shuriken"},{"floor":19,"key":"Red Mask"}],"event_choices":[{"damage_healed":17,"gold_gain":0,"player_choice":"Healed","damage_taken":0,"max_hp_gain":0,"max_hp_loss":0,"event_name":"The Cleric","floor":11,"gold_loss":35},{"damage_healed":0,"gold_gain":0,"player_choice":"Success","damage_taken":5,"relics_obtained":["Pantograph"],"max_hp_gain":0,"max_hp_loss":0,"event_name":"Scrap Ooze","floor":12,"gold_loss":0},{"damage_healed":0,"gold_gain":0,"player_choice":"Fought Bandits","damage_taken":0,"max_hp_gain":0,"max_hp_loss":0,"event_name":"Masked Bandits","floor":19,"gold_loss":0},{"damage_healed":0,"gold_gain":0,"player_choice":"Obtained Relic","damage_taken":0,"relics_obtained":["Dream Catcher"],"max_hp_gain":0,"max_hp_loss":0,"event_name":"Addict","floor":21,"gold_loss":85}],"is_beta":false,"boss_relics":[{"not_picked":["Pandora\u0027s Box","Orrery"],"picked":"Sozu"}],"items_purged_floors":[],"is_endless":false,"potions_floor_spawned":[3,5,14,18,19],"killed_by":"Snake Plant","ascension_level":18}