{"gold_per_floor":[115,115,140,153,153,153,174,174,174,174,187,187,207,228,228,359,359,377,76,90,103,103,134,134,153,222,222,243,279,279],"floor_reached":30,"playtime":1652,"items_purged":["Strike_G"],"score":354,"play_id":"b669c947-9d98-420f-88ec-a8ca3840a868","local_time":"20180806085621","is_ascension_mode":true,"campfire_choices":[{"floor":6,"key":"REST"},{"data":"Neutralize","floor":8,"key":"SMITH"},{"floor":12,"key":"REST"},{"floor":15,"key":"REST"},{"floor":24,"key":"REST"}],"neow_cost":"","seed_source_timestamp":1004701590290847,"circlet_count":0,"master_deck":["Defend_G","Defend_G","Defend_G","Defend_G","Defend_G+1","Strike_G","Strike_G","Strike_G","Survivor","Neutralize+1","Poisoned Stab","Injury","Backflip","Caltrops+1","PiercingWail","Dagger Spray","Distraction","Infinite Blades","After Image","PiercingWail","Blade Dance","Finisher","Backflip+1","Predator","Blade Dance","Distraction+1"],"relics":["Ring of the Snake","Golden Idol","Mercury Hourglass","Lizard Tail","Pen Nib","Matryoshka","Blue Candle","Ornamental Fan","Red Mask"],"potions_floor_usage":[16,16,16,20,23,28],"damage_taken":[{"damage":6,"enemies":"2 Louse","floor":1,"turns":3},{"damage":6,"enemies":"Cultist","floor":3,"turns":4},{"damage":0,"enemies":"Small Slimes","floor":4,"turns":3},{"damage":11,"enemies":"Looter","floor":7,"turns":3},{"damage":11,"enemies":"Gremlin Gang","floor":11,"turns":5},{"damage":17,"enemies":"Exordium Thugs","floor":13,"turns":3},{"damage":0,"enemies":"Blue Slaver","floor":14,"turns":4},{"damage":17,"enemies":"Slime Boss","floor":16,"turns":9},{"damage":0,"enemies":"Chosen","floor":18,"turns":5},{"damage":13,"enemies":"Spheric Guardian","floor":20,"turns":5},{"damage":14,"enemies":"Centurion and Healer","floor":21,"turns":9},{"damage":24,"enemies":"Gremlin Leader","floor":23,"turns":6},{"damage":8,"enemies":"Snake Plant","floor":25,"turns":5},{"damage":31,"enemies":"Slaver and Parasite","floor":28,"turns":7},{"damage":25,"floor":29,"turns":5},{"damage":16,"enemies":"Snecko","floor":30,"turns":5}],"seed_played":"3259362650487813816","potions_obtained":[{"floor":3,"key":"Poison Potion"},{"floor":11,"key":"SkillPotion"},{"floor":14,"key":"GhostInAJar"},{"floor":16,"key":"Strength Potion"},{"floor":18,"key":"Block Potion"},{"floor":25,"key":"Explosive Potion"}],"is_trial":false,"path_per_floor":["M","?","M","M","?","R","M","R","T","?","M","R","M","M","R","B",null,"M","$","M","M","?","E","R","M","T","?","M","?"],"character_chosen":"THE_SILENT","items_purchased":["Pen Nib","Blade Dance","Finisher"],"campfire_rested":4,"item_purchase_floors":[19,19,19],"current_hp_per_floor":[57,57,51,51,37,58,47,47,47,40,29,50,33,33,54,37,62,62,62,49,35,35,11,32,24,24,24,35,10,0],"gold":279,"neow_bonus":"","is_prod":false,"is_daily":false,"chose_seed":false,"campfire_upgraded":1,"win_rate":0,"timestamp":1533560181,"path_taken":["M","?","M","?","?","R","M","R","T","?","M","R","?","M","R","BOSS","M","$","M","M","?","E","R","M","T","?","M","?","M"],"build_version":"2018-08-02","purchased_purges":1,"victory":false,"max_hp_per_floor":[70,70,70,70,70,70,70,70,70,70,70,70,70,70,70,70,70,70,70,70,70,70,70,70,70,70,70,70,70,70],"card_choices":[{"not_picked":["Prepared","Backstab"],"picked":"Poisoned Stab","floor":1},{"not_picked":["Flying Knee","PiercingWail"],"picked":"Backflip","floor":3},{"not_picked":["Well Laid Plans","Backflip"],"picked":"Caltrops","floor":4},{"not_picked":["Underhanded Strike","Quick Slash"],"picked":"PiercingWail","floor":7},{"not_picked":["Burst","Setup"],"picked":"Dagger Spray","floor":11},{"not_picked":["Bane","Masterful Stab"],"picked":"Distraction","floor":13},{"not_picked":["Skewer","Dagger Throw"],"picked":"Infinite Blades","floor":14},{"not_picked":["Wraith Form v2","Phantasmal Killer"],"picked":"After Image","floor":16},{"not_picked":["Dagger Throw","Heel Hook"],"picked":"PiercingWail","floor":18},{"not_picked":["Concentrate","PiercingWail"],"picked":"Backflip+1","floor":20},{"not_picked":["All Out Attack","Dagger Spray"],"picked":"Predator","floor":21},{"not_picked":["Bane","Night Terror","Outmaneuver"],"picked":"SKIP","floor":23},{"not_picked":["Bane","Deflect","Slice"],"picked":"SKIP","floor":25},{"not_picked":["Outmaneuver","Flying Knee","Underhanded Strike"],"picked":"SKIP","floor":28},{"not_picked":["Phantasmal Killer","Sucker Punch+1"],"picked":"Distraction+1","floor":29}],"player_experience":1440663,"relics_obtained":[{"floor":9,"key":"Mercury Hourglass"},{"floor":23,"key":"Matryoshka"},{"floor":26,"key":"Blue Candle"},{"floor":26,"key":"Ornamental Fan"},{"floor":29,"key":"Red Mask"}],"event_choices":[{"event_name":"Golden Idol","player_choice":"Take Wound","floor":2,"damage_taken":0},{"event_name":"Shining Light","player_choice":"Entered Light","floor":5,"damage_taken":0},{"event_name":"Golden Wing","player_choice":"Card Removal","floor":10,"damage_taken":0},{"event_name":"Addict","player_choice":"Ignored","floor":22,"damage_taken":0},{"event_name":"Duplicator","player_choice":"One dupe","floor":27,"damage_taken":0},{"event_name":"Masked Bandits","player_choice":"Fought over 243 gold","floor":29,"damage_taken":0}],"is_beta":false,"boss_relics":[{"not_picked":["Eternal Feather","Ectoplasm"],"picked":"Lizard Tail"}],"items_purged_floors":[19],"is_endless":false,"potions_floor_spawned":[3,11,14,16,18,25],"killed_by":"Snecko","ascension_level":9}