{"gold_per_floor":[119,132,132,147,147,179,179,179,179,179,195,226,226,226,226,304,304,323,303,322,333,14,14,14],"floor_reached":24,"playtime":998,"items_purged":[],"score":367,"play_id":"8178ad74-5dd1-450a-8a63-e9fcb1ac1d9a","local_time":"20181119224436","is_ascension_mode":true,"campfire_choices":[{"floor":7,"key":"REST"},{"floor":10,"key":"RECALL"},{"data":"Zap","floor":13,"key":"SMITH"},{"floor":15,"key":"REST"},{"floor":23,"key":"REST"}],"neow_cost":"NONE","seed_source_timestamp":169505559151143,"circlet_count":0,"master_deck":["AscendersBane","Strike_B","Defend_B","Defend_B","Defend_B","Defend_B","Zap+1","Dualcast","Capacitor","Ball Lightning","Beam Cell","Glacier","Thunder Strike","Conserve Battery","Echo Form","Cold Snap","Ball Lightning","Leap","Leap"],"relics":["Cracked Core","NeowsBlessing","Calipers","Meat on the Bone","Dodecahedron","Empty Cage","Cables"],"potions_floor_usage":[16,20,21,24],"damage_taken":[{"damage":0,"enemies":"Small Slimes","floor":1,"turns":1},{"damage":0,"enemies":"Cultist","floor":2,"turns":1},{"damage":0,"enemies":"2 Louse","floor":4,"turns":1},{"damage":30,"enemies":"Lagavulin","floor":6,"turns":5},{"damage":3,"enemies":"Large Slime","floor":11,"turns":6},{"damage":22,"enemies":"Gremlin Nob","floor":12,"turns":4},{"damage":12,"enemies":"The Guardian","floor":16,"turns":10},{"damage":18,"enemies":"Shell Parasite","floor":18,"turns":6},{"damage":29,"enemies":"3 Byrds","floor":20,"turns":6},{"damage":9,"enemies":"Centurion and Healer","floor":21,"turns":6},{"damage":63,"enemies":"Book of Stabbing","floor":24,"turns":7}],"seed_played":"-8643020701619757750","potions_obtained":[{"floor":1,"key":"Strength Potion"},{"floor":12,"key":"Fire Potion"},{"floor":19,"key":"Explosive Potion"},{"floor":20,"key":"Poison Potion"},{"floor":21,"key":"Explosive Potion"}],"is_trial":false,"path_per_floor":["M","M","?","M","?","E","R","?","T","R","M","E","R","?","R","B",null,"M","?","M","M","$","R","E"],"character_chosen":"DEFECT","items_purchased":["Cables","Leap"],"campfire_rested":3,"item_purchase_floors":[22,22],"current_hp_per_floor":[64,64,64,64,64,34,55,60,60,60,57,47,47,47,69,57,71,53,53,36,39,39,61,0],"gold":14,"neow_bonus":"THREE_ENEMY_KILL","is_prod":false,"is_daily":false,"chose_seed":false,"campfire_upgraded":1,"win_rate":0,"timestamp":1542685476,"path_taken":["M","M","?","?","?","E","R","?","T","R","M","E","R","?","R","BOSS","M","?","?","M","?","R","E"],"build_version":"2018-11-15","purchased_purges":0,"victory":false,"max_hp_per_floor":[71,71,71,71,71,71,71,76,76,76,76,76,76,76,76,76,76,76,76,76,76,76,76,76],"card_choices":[{"not_picked":["Tempest","Conserve Battery"],"picked":"Capacitor","floor":1},{"not_picked":["Barrage","Hologram"],"picked":"Ball Lightning","floor":2},{"not_picked":["Force Field","Auto Shields"],"picked":"Beam Cell","floor":4},{"not_picked":["Coolheaded","Undo"],"picked":"Glacier","floor":6},{"not_picked":["Heatsinks","Hello World"],"picked":"Thunder Strike","floor":11},{"not_picked":["Steam","Melter"],"picked":"Conserve Battery","floor":12},{"not_picked":["Rainbow","Fission"],"picked":"Echo Form","floor":16},{"not_picked":["Chaos","Undo+1"],"picked":"Cold Snap","floor":18},{"not_picked":["Gash","Beam Cell"],"picked":"Ball Lightning","floor":20},{"not_picked":["Streamline","Hello World+1"],"picked":"Leap","floor":21}],"player_experience":1726993,"relics_obtained":[{"floor":6,"key":"Meat on the Bone"},{"floor":12,"key":"Dodecahedron"}],"event_choices":[{"damage_healed":0,"gold_gain":0,"player_choice":"Gave Potion","damage_taken":0,"relics_obtained":["Calipers"],"max_hp_gain":0,"max_hp_loss":0,"event_name":"WeMeetAgain","floor":3,"gold_loss":0},{"damage_healed":0,"gold_gain":0,"player_choice":"Ignored","damage_taken":0,"max_hp_gain":0,"max_hp_loss":0,"event_name":"Liars Game","floor":5,"gold_loss":0},{"damage_healed":0,"gold_gain":0,"player_choice":"Donut","damage_taken":0,"max_hp_gain":5,"max_hp_loss":0,"event_name":"Big Fish","floor":8,"gold_loss":0},{"cards_removed":["Strike_B"],"damage_healed":0,"gold_gain":0,"player_choice":"Forget","damage_taken":0,"max_hp_gain":0,"max_hp_loss":0,"event_name":"Living Wall","floor":14,"gold_loss":0},{"damage_healed":0,"gold_gain":0,"player_choice":"Bought 1 Potion","damage_taken":0,"max_hp_gain":0,"max_hp_loss":0,"event_name":"The Woman in Blue","floor":19,"gold_loss":0}],"is_beta":false,"boss_relics":[{"not_picked":["Tiny House","Astrolabe"],"picked":"Empty Cage"}],"items_purged_floors":[],"is_endless":false,"potions_floor_spawned":[1,12,20,21],"killed_by":"Book of Stabbing","ascension_level":16}