{"gold_per_floor":[110,121,196,215,114,114,39,39,39,39,53,67,67,77,77,178,178,196,196,196,22,22,22,51,51,51,51,61,61,76,76],"floor_reached":31,"playtime":1321,"items_purged":["Pain","Strike_G+1"],"score":243,"play_id":"0b0858b3-4244-4b88-b011-1883548675ab","local_time":"20180815163812","is_ascension_mode":false,"campfire_choices":[{"data":"After Image","floor":6,"key":"SMITH"},{"data":"Footwork","floor":8,"key":"SMITH"},{"data":"Outmaneuver","floor":13,"key":"SMITH"},{"data":"Neutralize","floor":15,"key":"SMITH"},{"data":"Catalyst","floor":23,"key":"SMITH"},{"data":"Adrenaline","floor":25,"key":"SMITH"},{"data":"Well Laid Plans","floor":29,"key":"SMITH"}],"neow_cost":"CURSE","seed_source_timestamp":7497160606560,"circlet_count":0,"master_deck":["Defend_G+1","Defend_G+1","Defend_G+1","Defend_G+1","Defend_G+1","Strike_G+1","Strike_G+1","Strike_G+1","Strike_G+1","Survivor","Neutralize+1","Corpse Explosion","Well Laid Plans+1","Deadly Poison","After Image+1","Deadly Poison","Footwork+1","Outmaneuver+1","Deflect","Adrenaline+1","Slice+1","Catalyst+1","Deflect","Deadly Poison","Deflect"],"relics":["Ring of the Snake","Letter Opener"],"potions_floor_usage":[16,16,24],"damage_taken":[{"damage":9,"enemies":"Jaw Worm","floor":1,"turns":5},{"damage":1,"enemies":"2 Louse","floor":2,"turns":3},{"damage":1,"enemies":"Small Slimes","floor":4,"turns":3},{"damage":6,"enemies":"3 Louse","floor":11,"turns":4},{"damage":10,"enemies":"Lots of Slimes","floor":12,"turns":2},{"damage":12,"enemies":"Gremlin Gang","floor":14,"turns":3},{"damage":21,"enemies":"Slime Boss","floor":16,"turns":13},{"damage":4,"enemies":"Shell Parasite","floor":18,"turns":7},{"damage":18,"enemies":"Slavers","floor":24,"turns":3},{"damage":0,"enemies":"2 Thieves","floor":28,"turns":4},{"damage":19,"enemies":"Cultist and Chosen","floor":30,"turns":6},{"damage":34,"enemies":"Gremlin Leader","floor":31,"turns":2}],"seed_played":"3899495376774615099","potions_obtained":[{"floor":1,"key":"Strength Potion"},{"floor":4,"key":"SpeedPotion"},{"floor":16,"key":"AttackPotion"}],"is_trial":false,"path_per_floor":["M","M","?","M","$","R","$","R","T","?","M","M","R","M","R","B",null,"M","?","?","$","$","R","E","R","T","?","M","R","M"],"character_chosen":"THE_SILENT","items_purchased":["Deadly Poison","Footwork","Catalyst"],"campfire_rested":0,"item_purchase_floors":[5,7,21],"current_hp_per_floor":[61,60,49,48,48,48,48,48,48,53,47,37,37,25,25,4,75,71,71,71,71,71,71,53,53,53,53,53,53,34,0],"gold":76,"neow_bonus":"THREE_RARE_CARDS","is_prod":false,"is_daily":false,"chose_seed":false,"campfire_upgraded":7,"win_rate":0,"timestamp":1534316892,"path_taken":["M","M","?","M","$","R","$","R","T","?","M","?","R","M","R","BOSS","M","?","?","?","$","R","E","R","T","?","M","R","?","E"],"build_version":"2018-08-09","purchased_purges":2,"victory":false,"max_hp_per_floor":[70,70,70,70,70,70,70,70,70,75,75,75,75,75,75,75,75,75,75,75,75,75,75,75,75,75,75,75,75,75,75],"card_choices":[{"not_picked":["Bullet Time","Storm of Steel"],"picked":"Corpse Explosion","floor":0},{"not_picked":["Skewer","Quick Slash"],"picked":"Well Laid Plans","floor":1},{"not_picked":["Deflect","Underhanded Strike"],"picked":"Deadly Poison","floor":2},{"not_picked":["Finisher","Quick Slash"],"picked":"After Image","floor":4},{"not_picked":["Dodge and Roll","Dagger Spray"],"picked":"Outmaneuver","floor":11},{"not_picked":["Tactician","Well Laid Plans"],"picked":"Deflect","floor":12},{"not_picked":["PiercingWail","Prepared","Dodge and Roll"],"picked":"SKIP","floor":14},{"not_picked":["Grand Finale","Doppelganger"],"picked":"Adrenaline","floor":16},{"not_picked":["PiercingWail","Choke"],"picked":"Slice+1","floor":18},{"not_picked":["Choke+1","Dagger Spray"],"picked":"Deflect","floor":24},{"not_picked":["Infinite Blades","Terror"],"picked":"Deadly Poison","floor":28},{"not_picked":["Deadly Poison","Flechettes+1"],"picked":"Deflect","floor":30}],"player_experience":357483,"relics_obtained":[{"floor":24,"key":"Letter Opener"}],"event_choices":[{"event_name":"World of Goop","player_choice":"Gather Gold","floor":3,"damage_taken":0},{"event_name":"Big Fish","player_choice":"Donut","floor":10,"damage_taken":0},{"event_name":"Back to Basics","player_choice":"Simplicity","floor":19,"damage_taken":0},{"event_name":"Addict","player_choice":"Ignored","floor":20,"damage_taken":0},{"event_name":"Ghosts","player_choice":"Ignored","floor":27,"damage_taken":0}],"is_beta":false,"boss_relics":[{"not_picked":["Empty Cage","Ectoplasm","Tiny House"]}],"items_purged_floors":[5,21],"is_endless":false,"potions_floor_spawned":[1,4,16],"killed_by":"Gremlin Leader","ascension_level":0}