{"gold_per_floor":[114,114,114,132,132,165,165,176,176,176,195,212,222,256,256,356,356,376,376,376,396,416,442,454,454,478,478,46,146,146,177,177,275,275,289,389,237,254,254,281,307,307,353,353,401,401,417,449,449,449],"floor_reached":51,"playtime":4005,"items_purged":[],"score":831,"play_id":"5c368613-09ed-494a-bd9c-5e5407a6b317","local_time":"20180924130423","is_ascension_mode":false,"campfire_choices":[{"data":"Infinite Blades","floor":7,"key":"SMITH"},{"data":"Flying Knee","floor":10,"key":"SMITH"},{"data":"Noxious Fumes","floor":15,"key":"SMITH"},{"floor":25,"key":"REST"},{"data":"Glass Knife","floor":27,"key":"SMITH"},{"floor":30,"key":"REST"},{"floor":32,"key":"REST"},{"data":"Dash","floor":42,"key":"SMITH"},{"floor":46,"key":"REST"},{"data":"Adrenaline","floor":49,"key":"SMITH"}],"neow_cost":"NONE","seed_source_timestamp":9007023038419,"circlet_count":0,"master_deck":["Defend_G","Defend_G","Defend_G+1","Defend_G","Strike_G","Survivor","Neutralize+1","Infinite Blades+1","Slice","All Out Attack","Well Laid Plans","Flying Knee+1","Deadly Poison","Dash+1","Backflip+1","Noxious Fumes+1","Glass Knife+1","Bouncing Flask+1","Adrenaline+1","Accuracy","Dash","Dodge and Roll+1","Dash","Backflip","Adrenaline","Dodge and Roll+1","Deflect+1","Escape Plan","Calculated Gamble+1","Dramatic Entrance","Flechettes","Sucker Punch+1"],"relics":["Ring of the Snake","NeowsBlessing","Question Card","PreservedInsect","Juzu Bracelet","Busted Crown","MutagenicStrength","WingedGreaves","Art of War","Oddly Smooth Stone","Prayer Wheel","Potion Belt","Empty Cage","War Paint","Shuriken","Bird Faced Urn","Blood Vial","FossilizedHelix","Frozen Egg 2"],"potions_floor_usage":[23,33,33,33,45,50,50],"damage_taken":[{"damage":0,"enemies":"Jaw Worm","floor":1,"turns":1},{"damage":0,"enemies":"2 Louse","floor":4,"turns":1},{"damage":0,"enemies":"Gremlin Nob","floor":6,"turns":1},{"damage":0,"enemies":"Cultist","floor":8,"turns":3},{"damage":0,"enemies":"2 Fungi Beasts","floor":11,"turns":3},{"damage":0,"enemies":"Looter","floor":12,"turns":3},{"damage":1,"enemies":"Large Slime","floor":13,"turns":5},{"damage":4,"enemies":"3 Sentries","floor":14,"turns":5},{"damage":11,"enemies":"Slime Boss","floor":16,"turns":8},{"damage":0,"enemies":"Chosen","floor":18,"turns":4},{"damage":0,"enemies":"Spheric Guardian","floor":21,"turns":3},{"damage":25,"enemies":"Snake Plant","floor":22,"turns":5},{"damage":22,"enemies":"Gremlin Leader","floor":23,"turns":4},{"damage":6,"enemies":"Centurion and Healer","floor":24,"turns":5},{"damage":23,"enemies":"Slavers","floor":31,"turns":4},{"damage":0,"enemies":"Collector","floor":33,"turns":10},{"damage":0,"enemies":"Orb Walker","floor":35,"turns":4},{"damage":0,"enemies":"3 Shapes","floor":38,"turns":3},{"damage":0,"enemies":"Nemesis","floor":40,"turns":7},{"damage":25,"enemies":"2 Orb Walkers","floor":41,"turns":5},{"damage":2,"enemies":"Mysterious Sphere","floor":45,"turns":5},{"damage":0,"enemies":"3 Darklings","floor":47,"turns":4},{"damage":1,"enemies":"Giant Head","floor":48,"turns":6},{"damage":28,"enemies":"Awakened One","floor":50,"turns":15}],"seed_played":"1139920841734727319","potions_obtained":[{"floor":1,"key":"SteroidPotion"},{"floor":4,"key":"Fire Potion"},{"floor":11,"key":"Dexterity Potion"},{"floor":31,"key":"AttackPotion"},{"floor":33,"key":"GhostInAJar"},{"floor":35,"key":"Strength Potion"},{"floor":38,"key":"Swift Potion"},{"floor":45,"key":"SteroidPotion"},{"floor":48,"key":"Fire Potion"}],"is_trial":false,"path_per_floor":["M","?","?","M","?","E","R","M","T","R","M","M","M","E","R","B",null,"M","?","?","M","M","E","M","R","T","R","$","?","R","E","R","B",null,"M","?","$","M","?","E","E","R","T","?","?","R","M","E","R","B"],"character_chosen":"THE_SILENT","items_purchased":["Oddly Smooth Stone","Prayer Wheel","War Paint"],"campfire_rested":4,"item_purchase_floors":[28,28,37],"current_hp_per_floor":[70,75,75,75,75,75,75,75,75,75,75,75,74,70,70,59,75,75,75,75,75,50,28,22,44,44,44,44,44,66,43,65,65,75,75,75,75,75,75,75,50,50,50,50,56,75,75,74,74,51],"gold":449,"neow_bonus":"THREE_ENEMY_KILL","is_prod":false,"is_daily":false,"chose_seed":false,"campfire_upgraded":6,"win_rate":0,"timestamp":1537787063,"path_taken":["M","?","?","?","?","E","R","M","T","R","?","M","?","E","R","BOSS","M","?","?","M","M","E","M","R","T","R","$","?","R","E","R","BOSS","M","?","?","M","?","E","E","R","T","?","?","R","M","E","R","BOSS"],"build_version":"2018-09-20","purchased_purges":0,"victory":true,"max_hp_per_floor":[70,75,75,75,75,75,75,75,75,75,75,75,75,75,75,75,75,75,75,75,75,75,75,75,75,75,75,75,75,75,75,75,75,75,75,75,75,75,75,75,75,75,75,75,75,75,75,75,75,75],"card_choices":[{"not_picked":["Backflip","Flying Knee"],"picked":"Infinite Blades","floor":1},{"not_picked":["Acrobatics","Backflip"],"picked":"Slice","floor":4},{"not_picked":["Outmaneuver","Choke"],"picked":"Well Laid Plans","floor":6},{"not_picked":["Dagger Throw","Prepared","Endless Agony"],"picked":"Flying Knee","floor":8},{"not_picked":["Quick Slash","Prepared","Distraction"],"picked":"Deadly Poison","floor":11},{"not_picked":["Acrobatics","Grand Finale","Poisoned Stab"],"picked":"Dash","floor":12},{"not_picked":["Well Laid Plans","Flechettes","Acrobatics"],"picked":"Backflip","floor":13},{"not_picked":["Dodge and Roll","Sucker Punch","Calculated Gamble"],"picked":"Noxious Fumes","floor":14},{"not_picked":["Adrenaline","Unload","Envenom"],"picked":"Glass Knife","floor":16},{"not_picked":["Terror+1"],"picked":"Bouncing Flask+1","floor":18},{"not_picked":["Quick Slash"],"picked":"Accuracy","floor":21},{"not_picked":["Acrobatics+1"],"picked":"Dash","floor":22},{"not_picked":["Bouncing Flask"],"picked":"Dodge and Roll+1","floor":23},{"not_picked":["Predator+1"],"picked":"Dash","floor":24},{"not_picked":["Well Laid Plans"],"picked":"Backflip","floor":31},{"not_picked":["Burst"],"picked":"Adrenaline","floor":33},{"not_picked":["Underhanded Strike"],"picked":"Dodge and Roll+1","floor":35},{"not_picked":["Endless Agony+1","Deadly Poison"],"picked":"SKIP","floor":35},{"not_picked":["Concentrate+1"],"picked":"Deflect+1","floor":38},{"not_picked":["Well Laid Plans","Acrobatics"],"picked":"SKIP","floor":38},{"not_picked":["Underhanded Strike"],"picked":"Escape Plan","floor":40},{"not_picked":["Blade Dance"],"picked":"Calculated Gamble+1","floor":41},{"not_picked":["Flash of Steel"],"picked":"Dramatic Entrance","floor":44},{"not_picked":["Deflect"],"picked":"Flechettes","floor":47},{"not_picked":["Outmaneuver+1"],"picked":"Sucker Punch+1","floor":47},{"not_picked":["Acrobatics","Slice"],"picked":"SKIP","floor":48}],"player_experience":1463549,"relics_obtained":[{"floor":6,"key":"Question Card"},{"floor":9,"key":"PreservedInsect"},{"floor":14,"key":"Juzu Bracelet"},{"floor":23,"key":"WingedGreaves"},{"floor":26,"key":"Art of War"},{"floor":31,"key":"Potion Belt"},{"floor":40,"key":"Shuriken"},{"floor":41,"key":"Bird Faced Urn"},{"floor":43,"key":"Blood Vial"},{"floor":45,"key":"FossilizedHelix"},{"floor":48,"key":"Frozen Egg 2"}],"event_choices":[{"event_name":"Big Fish","player_choice":"Donut","floor":2,"damage_taken":0},{"event_name":"Living Wall","player_choice":"Grow","floor":3,"damage_taken":0},{"event_name":"Transmorgrifier","player_choice":"Transform","floor":5,"damage_taken":0},{"event_name":"Transmorgrifier","player_choice":"Transform","floor":19,"damage_taken":0},{"event_name":"Drug Dealer","player_choice":"Inject Mutagens","floor":20,"damage_taken":0},{"event_name":"Golden Shrine","player_choice":"Pray","floor":29,"damage_taken":0},{"event_name":"Golden Shrine","player_choice":"Pray","floor":36,"damage_taken":0},{"event_name":"Falling","player_choice":"Removed Skill","floor":39,"damage_taken":0},{"event_name":"SensoryStone","player_choice":"Memory 1","floor":44,"damage_taken":0},{"event_name":"Mysterious Sphere","player_choice":"Fight","floor":45,"damage_taken":0}],"is_beta":false,"boss_relics":[{"not_picked":["Tiny House","Velvet Choker"],"picked":"Busted Crown"},{"not_picked":["Runic Dome","Sozu"],"picked":"Empty Cage"}],"items_purged_floors":[],"is_endless":false,"potions_floor_spawned":[1,4,11,16,18,31,33,35,38,45,48],"ascension_level":0}