{"gold_per_floor":[110,110,110,85,103,103,118,118,118,118,118,118,133,133,133,133],"floor_reached":16,"playtime":1228,"items_purged":[],"score":88,"play_id":"b11f0f93-0568-4f93-893d-26cf68c2f22a","local_time":"20190126231428","is_ascension_mode":false,"campfire_choices":[{"data":"Metallicize","floor":6,"key":"SMITH"},{"data":"Battle Trance","floor":11,"key":"SMITH"},{"data":"Corruption","floor":15,"key":"SMITH"}],"neow_cost":"NONE","seed_source_timestamp":1246347203729992,"circlet_count":0,"master_deck":["Strike_R","Strike_R","Strike_R","Strike_R","Strike_R","Defend_R","Defend_R","Defend_R","Defend_R","Bash+1","Seeing Red","Shrug It Off","Metallicize+1","Battle Trance+1","Corruption+1"],"relics":["Burning Blood","Molten Egg 2","Bag of Marbles","Gremlin Horn"],"potions_floor_usage":[],"damage_taken":[{"damage":0,"enemies":"Small Slimes","floor":1,"turns":3},{"damage":0,"enemies":"2 Louse","floor":5,"turns":3},{"damage":0,"enemies":"Cultist","floor":7,"turns":5},{"damage":0,"enemies":"Looter","floor":13,"turns":4},{"damage":96,"enemies":"Hexaghost","floor":16,"turns":14}],"seed_played":"-3004143669125856012","potions_obtained":[],"is_trial":false,"path_per_floor":["M","?","?","$","M","R","M","?","T","T","R","?","M","$","R","B"],"character_chosen":"IRONCLAD","items_purchased":["Shrug It Off"],"campfire_rested":0,"item_purchase_floors":[4],"current_hp_per_floor":[88,88,85,85,88,88,88,88,88,88,88,88,88,88,88,0],"gold":133,"neow_bonus":"TEN_PERCENT_HP_BONUS","is_prod":false,"is_daily":false,"chose_seed":false,"campfire_upgraded":3,"win_rate":0.0,"timestamp":1548515668,"path_taken":["M","?","?","$","M","R","M","?","T","?","R","?","M","$","R","BOSS"],"build_version":"2019-01-23","purchased_purges":0,"victory":false,"max_hp_per_floor":[88,88,88,88,88,88,88,88,88,88,88,88,88,88,88,88],"card_choices":[{"not_picked":["Clash","Twin Strike"],"picked":"Seeing Red","floor":1},{"not_picked":["Carnage+1","Armaments"],"picked":"Metallicize","floor":5},{"not_picked":["Infernal Blade","Dropkick+1"],"picked":"Battle Trance","floor":7},{"not_picked":["Dual Wield","Entrench"],"picked":"Corruption","floor":13}],"player_experience":22868,"relics_obtained":[{"floor":9,"key":"Bag of Marbles"},{"floor":10,"key":"Gremlin Horn"}],"event_choices":[{"damage_healed":0,"gold_gain":0,"player_choice":"Grow","damage_taken":0,"max_hp_gain":0,"max_hp_loss":0,"event_name":"Living Wall","floor":2,"gold_loss":0,"cards_upgraded":["Bash"]},{"damage_healed":0,"gold_gain":0,"player_choice":"Success","damage_taken":3,"relics_obtained":["Molten Egg 2"],"max_hp_gain":0,"max_hp_loss":0,"event_name":"Scrap Ooze","floor":3,"gold_loss":0},{"damage_healed":0,"gold_gain":0,"player_choice":"Leave","damage_taken":0,"max_hp_gain":0,"max_hp_loss":0,"event_name":"The Cleric","floor":8,"gold_loss":0},{"damage_healed":0,"gold_gain":0,"player_choice":"Ignored","damage_taken":0,"max_hp_gain":0,"max_hp_loss":0,"event_name":"Purifier","floor":12,"gold_loss":0}],"is_beta":false,"boss_relics":[],"items_purged_floors":[],"is_endless":false,"potions_floor_spawned":[],"killed_by":"Hexaghost","ascension_level":0}