{"gold_per_floor":[117,117,136,136,162,162,172,207,207,226,5,20,32,48,48,48],"floor_reached":16,"playtime":690,"items_purged":["Strike_B"],"score":104,"play_id":"09a90289-f4cb-4b50-a732-59056d6468c3","local_time":"20190130115024","is_ascension_mode":false,"campfire_choices":[{"data":"Zap","floor":6,"key":"SMITH"},{"data":"Fusion","floor":15,"key":"SMITH"}],"neow_cost":"NONE","seed_source_timestamp":78877829821880,"circlet_count":0,"master_deck":["Strike_B","Strike_B","Strike_B+1","Defend_B","Defend_B+1","Defend_B","Defend_B+1","Zap+1","Dualcast+1","Aggregate+1","Rebound","Sweeping Beam","Reboot","Conserve Battery","Fusion+1","Conserve Battery"],"relics":["Cracked Core","Strawberry","War Paint","Incense Burner","Lantern"],"potions_floor_usage":[10],"damage_taken":[{"damage":0,"enemies":"Small Slimes","floor":1,"turns":3},{"damage":6,"enemies":"2 Louse","floor":3,"turns":3},{"damage":11,"enemies":"Jaw Worm","floor":7,"turns":2},{"damage":36,"enemies":"Gremlin Nob","floor":8,"turns":5},{"damage":8,"enemies":"Gremlin Gang","floor":10,"turns":4},{"damage":0,"enemies":"Looter","floor":12,"turns":2},{"damage":0,"enemies":"Large Slime","floor":13,"turns":5},{"damage":0,"enemies":"Blue Slaver","floor":14,"turns":3},{"damage":12,"enemies":"Hexaghost","floor":16,"turns":7}],"seed_played":"-6682522798131795707","potions_obtained":[{"floor":1,"key":"Energy Potion"},{"floor":8,"key":"FearPotion"},{"floor":14,"key":"SmokeBomb"}],"is_trial":false,"path_per_floor":["M","?","M","?","T","R","M","E","T","M","$","M","M","M","R","B"],"character_chosen":"DEFECT","items_purchased":["Lantern"],"campfire_rested":0,"item_purchase_floors":[11],"current_hp_per_floor":[82,82,76,60,67,67,56,20,20,12,12,12,12,12,12,0],"gold":48,"neow_bonus":"TEN_PERCENT_HP_BONUS","is_prod":false,"is_daily":false,"chose_seed":false,"campfire_upgraded":2,"win_rate":0,"timestamp":1548877824,"path_taken":["M","?","M","?","?","R","M","E","T","M","$","M","?","M","R","BOSS"],"build_version":"2019-01-23","purchased_purges":1,"victory":false,"max_hp_per_floor":[82,82,82,82,89,89,89,89,89,89,89,89,89,89,89,89],"card_choices":[{"not_picked":["Darkness","Compile Driver"],"picked":"Aggregate","floor":1},{"not_picked":["Recycle","Ball Lightning"],"picked":"Rebound","floor":3},{"not_picked":["Compile Driver","Sunder","Stack"],"picked":"SKIP","floor":7},{"not_picked":["Gash","Barrage"],"picked":"Sweeping Beam","floor":8},{"not_picked":["Beam Cell","Hologram"],"picked":"Reboot","floor":10},{"not_picked":["Recycle","Stack"],"picked":"Conserve Battery","floor":12},{"not_picked":["Hologram","Thunder Strike"],"picked":"Fusion","floor":13},{"not_picked":["Coolheaded","Compile Driver"],"picked":"Conserve Battery","floor":14}],"player_experience":173750,"relics_obtained":[{"floor":5,"key":"Strawberry"},{"floor":8,"key":"War Paint"},{"floor":9,"key":"Incense Burner"}],"event_choices":[{"damage_healed":0,"gold_gain":0,"player_choice":"Grow","damage_taken":0,"max_hp_gain":0,"max_hp_loss":0,"event_name":"Living Wall","floor":2,"gold_loss":0,"cards_upgraded":["Aggregate"]},{"damage_healed":0,"gold_gain":0,"player_choice":"Entered Light","damage_taken":16,"max_hp_gain":0,"max_hp_loss":0,"event_name":"Shining Light","floor":4,"gold_loss":0,"cards_upgraded":["Strike_B","Defend_B"]}],"is_beta":false,"boss_relics":[],"items_purged_floors":[11],"is_endless":false,"potions_floor_spawned":[1,8,14],"killed_by":"Hexaghost","ascension_level":0}