{"gold_per_floor":[113,113,113,127,127,127,170,170,170,95,119,150,150,183,183,273,273,291,327,152,152,172,191,191,216,216,216,237,261,261,281,281,281],"floor_reached":33,"playtime":1223,"items_purged":["Defend_B","Strike_B"],"score":630,"play_id":"bc934012-1d57-44fb-87c7-099922586262","local_time":"20190211025215","is_ascension_mode":true,"campfire_choices":[{"data":"Zap","floor":6,"key":"SMITH"},{"data":"Sweeping Beam","floor":8,"key":"SMITH"},{"floor":13,"key":"REST"},{"floor":15,"key":"REST"},{"floor":24,"key":"REST"},{"floor":27,"key":"REST"},{"floor":30,"key":"REST"},{"floor":32,"key":"REST"}],"neow_cost":"NONE","seed_source_timestamp":1635952116867490,"circlet_count":0,"master_deck":["AscendersBane","Strike_B","Strike_B","Defend_B","Defend_B","Defend_B+1","Zap+1","Dualcast+1","Go for the Eyes+1","Sweeping Beam+1","Conserve Battery+1","Ball Lightning","Hyperbeam+1","Echo Form","Sunder+1","Streamline+1","BootSequence","Streamline+1","Seek"],"relics":["NeowsBlessing","Golden Idol","Gremlin Horn","War Paint","Molten Egg 2","Pocketwatch","Fusion Hammer","Red Mask","Nloth\u0027s Gift","Mummified Hand"],"potions_floor_usage":[16,16,28,29,33,33],"damage_taken":[{"damage":0,"enemies":"Jaw Worm","floor":1,"turns":1},{"damage":0,"enemies":"2 Louse","floor":4,"turns":1},{"damage":0,"enemies":"Lagavulin","floor":7,"turns":1},{"damage":0,"enemies":"Small Slimes","floor":11,"turns":2},{"damage":38,"enemies":"Gremlin Nob","floor":12,"turns":4},{"damage":0,"enemies":"3 Sentries","floor":14,"turns":2},{"damage":40,"enemies":"Hexaghost","floor":16,"turns":8},{"damage":32,"enemies":"Shell Parasite","floor":18,"turns":3},{"damage":0,"enemies":"Masked Bandits","floor":19,"turns":2},{"damage":0,"enemies":"Spheric Guardian","floor":22,"turns":3},{"damage":13,"enemies":"Shelled Parasite and Fungi","floor":23,"turns":2},{"damage":0,"enemies":"3 Cultists","floor":25,"turns":2},{"damage":1,"enemies":"Centurion and Healer","floor":28,"turns":4},{"damage":3,"enemies":"Snake Plant","floor":29,"turns":2},{"damage":2,"enemies":"Chosen and Byrds","floor":31,"turns":3},{"damage":82,"enemies":"Champ","floor":33,"turns":11}],"seed_played":"7424732545917813311","potions_obtained":[{"floor":1,"key":"FearPotion"},{"floor":14,"key":"Regen Potion"},{"floor":22,"key":"Swift Potion"},{"floor":23,"key":"SkillPotion"},{"floor":28,"key":"Regen Potion"},{"floor":29,"key":"SteroidPotion"}],"is_trial":false,"path_per_floor":["M","?","?","M","?","R","E","R","T","$","M","E","R","E","R","B",null,"M","?","$","?","M","M","R","M","T","R","M","M","R","M","R","B"],"character_chosen":"DEFECT","items_purchased":["BootSequence"],"campfire_rested":6,"item_purchase_floors":[20],"current_hp_per_floor":[64,43,43,43,43,43,43,43,43,43,43,5,24,24,43,18,53,21,21,21,21,21,8,27,27,27,46,45,42,61,59,64,0],"gold":281,"neow_bonus":"THREE_ENEMY_KILL","is_prod":false,"is_daily":false,"chose_seed":false,"campfire_upgraded":2,"win_rate":0,"timestamp":1549875135,"path_taken":["M","?","?","M","?","R","E","R","T","$","M","E","R","E","R","BOSS","M","?","$","?","M","?","R","M","T","R","M","M","R","M","R","BOSS"],"build_version":"2019-02-06","purchased_purges":2,"victory":false,"max_hp_per_floor":[71,71,64,64,64,64,64,64,64,64,64,64,64,64,64,64,64,64,64,64,64,64,64,64,64,64,64,64,64,64,64,64,64],"card_choices":[{"not_picked":["Turbo","Stack"],"picked":"Go for the Eyes","floor":1},{"not_picked":["Scrape","Compile Driver"],"picked":"Sweeping Beam","floor":4},{"not_picked":["Turbo","Static Discharge"],"picked":"Conserve Battery","floor":7},{"not_picked":["Auto Shields","Steam Power"],"picked":"Ball Lightning","floor":11},{"not_picked":["Tempest","Streamline"],"picked":"Hyperbeam","floor":12},{"not_picked":["Double Energy","Barrage+1","Biased Cognition"],"picked":"SKIP","floor":14},{"not_picked":["Biased Cognition","Creative AI"],"picked":"Echo Form","floor":16},{"not_picked":["Darkness","Heatsinks"],"picked":"Sunder+1","floor":18},{"not_picked":["Coolheaded","Turbo"],"picked":"Streamline+1","floor":19},{"not_picked":["Chaos","Beam Cell+1"],"picked":"Streamline+1","floor":22},{"not_picked":["Beam Cell+1","Genetic Algorithm"],"picked":"Seek","floor":23},{"not_picked":["Ball Lightning+1","Redo","Turbo+1"],"picked":"SKIP","floor":25},{"not_picked":["Fusion","Barrage+1","Go for the Eyes+1"],"picked":"SKIP","floor":28},{"not_picked":["Rebound+1","Capacitor","Barrage+1"],"picked":"SKIP","floor":29},{"not_picked":["Gash+1","Multi-Cast","Go for the Eyes+1"],"picked":"SKIP","floor":31}],"player_experience":814533,"relics_obtained":[{"floor":7,"key":"Gremlin Horn"},{"floor":9,"key":"War Paint"},{"floor":12,"key":"Molten Egg 2"},{"floor":14,"key":"Pocketwatch"},{"floor":19,"key":"Red Mask"},{"floor":26,"key":"Mummified Hand"}],"event_choices":[{"damage_healed":0,"gold_gain":0,"player_choice":"Entered Light","damage_taken":21,"max_hp_gain":0,"max_hp_loss":0,"event_name":"Shining Light","floor":2,"gold_loss":0,"cards_upgraded":["Go for the Eyes","Defend_B"]},{"damage_healed":0,"gold_gain":0,"player_choice":"Lose Max HP","damage_taken":0,"relics_obtained":["Golden Idol"],"max_hp_gain":0,"max_hp_loss":7,"event_name":"Golden Idol","floor":3,"gold_loss":0},{"cards_removed":["Strike_B"],"damage_healed":0,"gold_gain":0,"player_choice":"Forget","damage_taken":0,"max_hp_gain":0,"max_hp_loss":0,"event_name":"Living Wall","floor":5,"gold_loss":0},{"damage_healed":0,"gold_gain":0,"player_choice":"Fought Bandits","damage_taken":0,"max_hp_gain":0,"max_hp_loss":0,"event_name":"Masked Bandits","floor":19,"gold_loss":0},{"damage_healed":0,"gold_gain":0,"player_choice":"Traded Relic","damage_taken":0,"relics_obtained":["Nloth\u0027s Gift"],"max_hp_gain":0,"max_hp_loss":0,"event_name":"N\u0027loth","floor":21,"relics_lost":["Cracked Core"],"gold_loss":0}],"is_beta":true,"boss_relics":[{"not_picked":["Velvet Choker","Busted Crown"],"picked":"Fusion Hammer"}],"items_purged_floors":[10,20],"is_endless":false,"potions_floor_spawned":[1,14,22,23,28,29],"killed_by":"Champ","ascension_level":20}