{"gold_per_floor":[113,128,53,228,238,272,284,284,284,284,35,60,60,77,77,77],"floor_reached":16,"playtime":1307,"items_purged":["Defend_G","Doubt"],"score":116,"play_id":"fd728d21-df1c-4ee3-b1d1-383bf58758e2","local_time":"20180711003416","is_ascension_mode":true,"campfire_choices":[{"data":"Blade Dance","floor":8,"key":"SMITH"},{"data":"Blade Dance","floor":10,"key":"SMITH"},{"floor":15,"key":"REST"}],"neow_cost":"NONE","seed_source_timestamp":47645168363793,"circlet_count":0,"master_deck":["Defend_G","Defend_G","Defend_G","Defend_G","Strike_G","Strike_G","Strike_G","Strike_G","Survivor","Neutralize","Blade Dance+1","Acrobatics","Acrobatics","Blade Dance+1","Storm of Steel","Dodge and Roll"],"relics":["White Beast Statue","Vajra","Potion Belt","Centennial Puzzle","Ninja Scroll"],"potions_floor_usage":[2,6,6,12,12,16,16],"damage_taken":[{"damage":1,"enemies":"Cultist","floor":1,"turns":6},{"damage":0,"enemies":"2 Louse","floor":2,"turns":3},{"damage":1,"enemies":"Jaw Worm","floor":5,"turns":5},{"damage":42,"enemies":"Gremlin Nob","floor":6,"turns":6},{"damage":2,"enemies":"Large Slime","floor":7,"turns":6},{"damage":14,"enemies":"Lagavulin","floor":12,"turns":6},{"damage":0,"enemies":"Blue Slaver","floor":14,"turns":2},{"damage":33,"enemies":"The Guardian","floor":16,"turns":11}],"seed_played":"-4109490514670375163","potions_obtained":[{"floor":1,"key":"Fruit Juice"},{"floor":2,"key":"Weak Potion"},{"floor":5,"key":"EssenceOfSteel"},{"floor":6,"key":"SkillPotion"},{"floor":7,"key":"Energy Potion"},{"floor":12,"key":"Swift Potion"},{"floor":14,"key":"Explosive Potion"}],"is_trial":false,"path_per_floor":["M","M","$","?","M","E","M","R","T","R","$","E","?","M","R"],"character_chosen":"THE_SILENT","items_purchased":["Centennial Puzzle"],"campfire_rested":1,"item_purchase_floors":[11],"current_hp_per_floor":[69,74,74,74,73,31,29,29,29,29,29,15,8,8,30,0],"gold":77,"neow_bonus":"BOSS_RELIC","is_prod":false,"is_daily":false,"chose_seed":false,"campfire_upgraded":2,"win_rate":0,"timestamp":1531235056,"path_taken":["M","M","?","?","M","E","M","R","T","R","?","E","?","M","R","BOSS"],"build_version":"2018-07-05","purchased_purges":2,"victory":false,"max_hp_per_floor":[70,75,75,75,75,75,75,75,75,75,75,75,75,75,75,75],"card_choices":[{"not_picked":["Slice","Backstab"],"picked":"Blade Dance","floor":1},{"not_picked":["Dodge and Roll","Outmaneuver"],"picked":"Acrobatics","floor":2},{"not_picked":["Backflip","Reflex"],"picked":"Acrobatics","floor":5},{"not_picked":["Riddle With Holes","PiercingWail","Skewer"],"picked":"SKIP","floor":6},{"not_picked":["Caltrops","Deflect"],"picked":"Blade Dance","floor":7},{"not_picked":["PiercingWail","Flying Knee"],"picked":"Storm of Steel","floor":12},{"not_picked":["Quick Slash","Catalyst"],"picked":"Dodge and Roll","floor":14}],"player_experience":78426,"relics_obtained":[{"floor":6,"key":"Vajra"},{"floor":9,"key":"Potion Belt"},{"floor":12,"key":"Ninja Scroll"}],"event_choices":[{"event_name":"Liars Game","player_choice":"agreed","floor":4,"damage_taken":0},{"event_name":"Golden Wing","player_choice":"Card Removal","floor":13,"damage_taken":0}],"boss_relics":[],"items_purged_floors":[3,11],"is_endless":false,"potions_floor_spawned":[1,2,5,6,7,12,14],"killed_by":"The Guardian","ascension_level":1}