{"gold_per_floor":[114,129,144,159,61,61,91,91,116,131,131,161,191,141,141,241,241,256,273,273,188,138,168,198,198,223,223,238,253,253,253,253,353,353,368,68,107,107,329,359,389,89,89,39,39,39,69,99,99,99],"floor_reached":51,"playtime":2429,"items_purged":["Writhe"],"score":1338,"play_id":"4022bddd-c0a1-4df4-ac21-6cecc27080cd","local_time":"20181121132030","daily_mods":["Shiny","Flight","Night Terrors"],"is_ascension_mode":false,"campfire_choices":[{"data":"Feed","floor":6.0,"key":"SMITH"},{"data":"Bludgeon","floor":8.0,"key":"SMITH"},{"data":"True Grit","floor":15.0,"key":"SMITH"},{"floor":30,"key":"REST"},{"floor":32,"key":"REST"},{"floor":46,"key":"REST"},{"floor":49,"key":"REST"}],"neow_cost":"","seed_source_timestamp":0,"circlet_count":0,"master_deck":["Double Tap","Demon Form","Bludgeon+1","Feed+1","Limit Break","Barricade","Fiend Fire","Dark Embrace","Berserk","Impervious","Juggernaut","Brutality","Reaper+1","Exhume","Offering","Immolate","Feel No Pain","Battle Trance","Shrug It Off","True Grit+1","Offering","Rupture+1","Exhume","Feel No Pain","Corruption","Limit Break","Shockwave","Madness","Madness","Exhume","Impervious","Offering"],"special_seed":17856,"relics":["Burning Blood","Gremlin Horn","Bronze Scales","Singing Bowl","Turnip","Fusion Hammer","Red Mask","Molten Egg 2","Smiling Mask","Blood Vial","Whetstone","Cursed Key","Sling","Prayer Wheel","Regal Pillow","Dream Catcher","Mummified Hand","Happy Flower","Strawberry","Mango"],"potions_floor_usage":[16,16,24,33,33,40,50],"damage_taken":[{"damage":6.0,"enemies":"Cultist","floor":1.0,"turns":1.0},{"damage":6.0,"enemies":"Small Slimes","floor":2.0,"turns":3.0},{"damage":6.0,"enemies":"Jaw Worm","floor":3.0,"turns":3.0},{"damage":11.0,"enemies":"Exordium Wildlife","floor":4.0,"turns":2.0},{"damage":30.0,"enemies":"3 Sentries","floor":7.0,"turns":6.0},{"damage":15.0,"enemies":"2 Fungi Beasts","floor":10.0,"turns":2.0},{"damage":12.0,"enemies":"Gremlin Nob","floor":12.0,"turns":1.0},{"damage":6.0,"enemies":"Lagavulin","floor":13.0,"turns":5.0},{"damage":12,"enemies":"Slime Boss","floor":16,"turns":5},{"damage":19,"enemies":"Shell Parasite","floor":18,"turns":5},{"damage":19,"enemies":"Masked Bandits","floor":19,"turns":2},{"damage":13,"enemies":"Book of Stabbing","floor":23,"turns":4},{"damage":24,"enemies":"Slavers","floor":24,"turns":2},{"damage":7,"enemies":"3 Byrds","floor":28,"turns":2},{"damage":31,"enemies":"3 Cultists","floor":29,"turns":3},{"damage":7,"enemies":"Automaton","floor":33,"turns":3},{"damage":20,"enemies":"3 Shapes","floor":35,"turns":3},{"damage":18,"enemies":"2 Orb Walkers","floor":37,"turns":4},{"damage":12,"enemies":"Reptomancer","floor":40,"turns":2},{"damage":13,"enemies":"Giant Head","floor":41,"turns":4},{"damage":18,"enemies":"Nemesis","floor":47,"turns":3},{"damage":18,"enemies":"Reptomancer","floor":48,"turns":2},{"damage":18,"enemies":"Donu and Deca","floor":50,"turns":3}],"seed_played":"5157453857479764110","potions_obtained":[{"floor":1.0,"key":"AttackPotion"},{"floor":7.0,"key":"Fire Potion"},{"floor":12.0,"key":"Dexterity Potion"},{"floor":16,"key":"Block Potion"},{"floor":23,"key":"Fruit Juice"},{"floor":24,"key":"Dexterity Potion"}],"is_trial":false,"path_per_floor":["M","M","M","M","$","R","E","R","T","M","?","E","E","$","R","B",null,"M","?","?","?","$","E","E","?","T","?","M","M","R","?","R","B",null,"M","$","?","?","?","E","E","$","T","$","?","R","E","E","R","B",null],"character_chosen":"IRONCLAD","items_purchased":["Shrug It Off","Fire Potion","True Grit","Fire Potion","Swift Potion","SkillPotion","Sling","Mummified Hand","SteroidPotion"],"campfire_rested":4,"item_purchase_floors":[5,5,14,22,36,36,36,42,42],"current_hp_per_floor":[80,83,86,84,84,84,92,92,92,87,92,92,98,98,98,92,118,109,102,102,102,102,95,101,72,72,72,89,94,157,157,152,151,152,156,156,156,136,136,162,166,166,166,166,166,163,170,190,187,187],"gold":99,"neow_bonus":"","is_prod":false,"is_daily":true,"chose_seed":false,"campfire_upgraded":3,"win_rate":0,"timestamp":1542802830,"path_taken":["M","M","M","M","$","R","E","R","T","?","?","E","E","$","R","BOSS","M","?","?","?","$","E","E","?","T","?","?","?","R","?","R","BOSS","M","$","?","?","?","E","E","$","T","?","?","R","E","E","R","BOSS"],"build_version":"2018-11-15","purchased_purges":1,"victory":true,"max_hp_per_floor":[80,83,86,89,89,89,97,97,97,101,106,112,118,118,118,118,118,122,128,128,128,128,128,137,142,142,142,152,162,157,157,152,152,152,156,156,162,162,162,162,166,166,166,166,166,163,170,190,187,187],"card_choices":[{"not_picked":["Clothesline","Havoc"],"picked":"Feel No Pain","floor":1.0},{"not_picked":["Flex","Rampage","Intimidate"],"picked":"SKIP","floor":2.0},{"not_picked":["Headbutt","Heavy Blade"],"picked":"Battle Trance","floor":3.0},{"not_picked":["Pummel","Clash"],"picked":"Thunderclap","floor":4.0},{"not_picked":["Sword Boomerang","Perfected Strike","Flex"],"picked":"SKIP","floor":7.0},{"not_picked":["Clash","Heavy Blade","Iron Wave"],"picked":"SKIP","floor":10.0},{"not_picked":["Evolve","Body Slam","Metallicize"],"picked":"Singing Bowl","floor":12.0},{"not_picked":["Anger","Burning Pact","Clothesline"],"picked":"Singing Bowl","floor":13.0},{"not_picked":["Juggernaut","Impervious"],"picked":"Offering","floor":16},{"not_picked":["Intimidate+1","Heavy Blade"],"picked":"Rupture+1","floor":18},{"not_picked":["True Grit","Hemokinesis+1","Sever Soul"],"picked":"Singing Bowl","floor":19},{"not_picked":["Rupture","Sentinel"],"picked":"Exhume","floor":23},{"not_picked":["Body Slam+1","Shrug It Off"],"picked":"Feel No Pain","floor":24},{"not_picked":["Twin Strike+1","Searing Blow+1","Second Wind"],"picked":"Singing Bowl","floor":28},{"not_picked":["Power Through","Anger+1","Ghostly Armor"],"picked":"Singing Bowl","floor":29},{"not_picked":["Immolate+1","Barricade"],"picked":"Limit Break","floor":33},{"not_picked":["Pommel Strike+1","Havoc"],"picked":"Shockwave","floor":35},{"not_picked":["Wild Strike+1","Intimidate+1","Havoc"],"picked":"Singing Bowl","floor":37},{"not_picked":["Corruption","Flame Barrier+1"],"picked":"Exhume","floor":40},{"not_picked":["Flex+1","Thunderclap+1"],"picked":"Impervious","floor":41},{"not_picked":["Iron Wave+1","Hemokinesis+1","Clash+1"],"picked":"Singing Bowl","floor":46},{"not_picked":["Battle Trance","Disarm+1"],"picked":"Offering","floor":47},{"not_picked":["Havoc+1","Blood for Blood+1","Shrug It Off"],"picked":"Singing Bowl","floor":48},{"not_picked":["Warcry","Headbutt+1","Clash+1"],"picked":"Singing Bowl","floor":49}],"player_experience":1726306,"relics_obtained":[{"floor":7.0,"key":"Gremlin Horn"},{"floor":9.0,"key":"Bronze Scales"},{"floor":12.0,"key":"Singing Bowl"},{"floor":13.0,"key":"Turnip"},{"floor":19,"key":"Red Mask"},{"floor":23,"key":"Smiling Mask"},{"floor":24,"key":"Blood Vial"},{"floor":26,"key":"Whetstone"},{"floor":37,"key":"Prayer Wheel"},{"floor":40,"key":"Regal Pillow"},{"floor":41,"key":"Dream Catcher"},{"floor":43,"key":"Happy Flower"},{"floor":47,"key":"Strawberry"},{"floor":48,"key":"Mango"}],"event_choices":[{"damage_healed":0.0,"max_hp_gain":5.0,"max_hp_loss":0.0,"gold_gain":0.0,"event_name":"Big Fish","player_choice":"Donut","floor":11.0,"gold_loss":0.0,"damage_taken":0.0},{"damage_healed":0,"gold_gain":0,"player_choice":"Fought Bandits","damage_taken":0,"max_hp_gain":0,"max_hp_loss":0,"event_name":"Masked Bandits","floor":19,"gold_loss":0},{"damage_healed":0,"gold_gain":0,"player_choice":"Ignored","damage_taken":0,"max_hp_gain":0,"max_hp_loss":0,"event_name":"Beggar","floor":20,"gold_loss":0},{"damage_healed":0,"gold_gain":0,"player_choice":"Obtained Relic","damage_taken":0,"relics_obtained":["Molten Egg 2"],"max_hp_gain":0,"max_hp_loss":0,"event_name":"Addict","floor":21,"gold_loss":85},{"damage_healed":0,"gold_gain":0,"player_choice":"Shed Blood","damage_taken":34,"max_hp_gain":5,"max_hp_loss":0,"event_name":"Forgotten Altar","floor":25,"gold_loss":0},{"damage_healed":0,"gold_gain":0,"player_choice":"Ignored","damage_taken":0,"max_hp_gain":0,"max_hp_loss":0,"event_name":"Ghosts","floor":27,"gold_loss":0},{"damage_healed":0,"gold_gain":0,"player_choice":"Read","damage_taken":0,"max_hp_gain":0,"max_hp_loss":0,"event_name":"The Library","floor":31,"gold_loss":0,"cards_obtained":["Corruption"]},{"damage_healed":0,"gold_gain":0,"player_choice":"Fight","damage_taken":0,"max_hp_gain":0,"max_hp_loss":0,"event_name":"Mysterious Sphere","floor":37,"gold_loss":0},{"damage_healed":0,"gold_gain":0,"player_choice":"Embrace Madness","damage_taken":20,"max_hp_gain":0,"max_hp_loss":0,"event_name":"Winding Halls","floor":38,"gold_loss":0,"cards_obtained":["Madness","Madness"]},{"damage_healed":0,"gold_gain":222,"player_choice":"Wore Mask","damage_taken":0,"max_hp_gain":0,"max_hp_loss":0,"event_name":"Tomb of Lord Red Mask","floor":39,"gold_loss":0},{"cards_removed":["Thunderclap"],"damage_healed":0,"gold_gain":0,"player_choice":"Removed Attack","damage_taken":0,"max_hp_gain":0,"max_hp_loss":0,"event_name":"Falling","floor":45,"gold_loss":0}],"is_beta":false,"boss_relics":[{"not_picked":["Empty Cage","Lizard Tail"],"picked":"Fusion Hammer"},{"not_picked":["Philosopher\u0027s Stone","Eternal Feather"],"picked":"Cursed Key"}],"items_purged_floors":[44],"is_endless":false,"potions_floor_spawned":[1,7,12,16,23,24,29,37,47,48],"ascension_level":0}