{"gold_per_floor":[109,10,10,28,28,28,47,47,95,115,131,131,131,145,145,248,248,268,367,367,267,277,277,69,69,69,69,85,85,85,97,97,201,201,212,62,79,79,91,91,91,91,141,155,155,117,136,136,136,136],"floor_reached":51,"playtime":2872,"items_purged":["Barrage","Hyperbeam","Skim","Consume+1"],"score":610,"play_id":"210d8c0a-c3d4-47fd-b9f4-003bd8e2aad4","local_time":"20190130222047","is_ascension_mode":false,"campfire_choices":[{"data":"Static Discharge","floor":6.0,"key":"SMITH"},{"data":"Consume","floor":8.0,"key":"SMITH"},{"data":"Zap","floor":12.0,"key":"SMITH"},{"data":"Consume","floor":15.0,"key":"SMITH"},{"data":"Echo Form","floor":23.0,"key":"SMITH"},{"data":"BootSequence","floor":27.0,"key":"SMITH"},{"data":"Coolheaded","floor":29.0,"key":"SMITH"},{"floor":32.0,"key":"REST"},{"floor":40.0,"key":"REST"},{"floor":42.0,"key":"REST"},{"data":"Capacitor","floor":49.0,"key":"SMITH"}],"neow_cost":"NONE","seed_source_timestamp":34135178727158,"circlet_count":0,"master_deck":["Zap+1","Dualcast+1","Static Discharge+1","Leap+1","Hello World","Consume+1","BootSequence+1","Coolheaded+1","Ball Lightning","Ball Lightning","Echo Form+1","Conserve Battery+1","Buffer","Flash of Steel","Madness","Madness","Double Energy+1","Finesse","Capacitor+1","Doubt"],"special_seed":0,"relics":["Pandora\u0027s Box"],"potions_floor_usage":[50],"damage_taken":[{"damage":0.0,"enemies":"Small Slimes","floor":1.0,"turns":3.0},{"damage":1.0,"enemies":"Jaw Worm","floor":4.0,"turns":5.0},{"damage":2.0,"enemies":"Cultist","floor":7.0,"turns":5.0},{"damage":11.0,"enemies":"Exordium Wildlife","floor":10.0,"turns":3.0},{"damage":0.0,"enemies":"Looter","floor":11.0,"turns":3.0},{"damage":0.0,"enemies":"Gremlin Gang","floor":14.0,"turns":3.0},{"damage":1.0,"enemies":"The Guardian","floor":16.0,"turns":7.0},{"damage":7.0,"enemies":"Shell Parasite","floor":18.0,"turns":6.0},{"damage":6.0,"enemies":"3 Byrds","floor":22.0,"turns":2.0},{"damage":10.0,"enemies":"Centurion and Healer","floor":28.0,"turns":4.0},{"damage":17.0,"enemies":"3 Cultists","floor":31.0,"turns":3.0},{"damage":44.0,"enemies":"Collector","floor":33.0,"turns":8.0},{"damage":8.0,"enemies":"Orb Walker","floor":35.0,"turns":5.0},{"damage":22.0,"enemies":"3 Darklings","floor":37.0,"turns":6.0},{"damage":46.0,"enemies":"4 Shapes","floor":39.0,"turns":5.0},{"damage":10.0,"enemies":"Writhing Mass","floor":44.0,"turns":7.0},{"damage":25.0,"enemies":"Maw","floor":47.0,"turns":8.0},{"damage":58,"enemies":"Awakened One","floor":50,"turns":16}],"seed_played":"8750039469624598532","potions_obtained":[{"floor":1.0,"key":"LiquidBronze"},{"floor":10.0,"key":"FairyPotion"},{"floor":14.0,"key":"SneckoOil"},{"floor":35.0,"key":"Dexterity Potion"},{"floor":44.0,"key":"Strength Potion"}],"is_trial":false,"path_per_floor":["M","$","?","M","?","R","M","R","T","M","M","R","T","M","R","B",null,"M","?","?","$","M","R","$","$","T","R","M","R","?","M","R","B",null,"M","$","M","?","M","R","?","R","T","M","?","$","M","?","R","B",null],"character_chosen":"DEFECT","items_purchased":["Coolheaded","Swift Strike","Capacitor"],"campfire_rested":3,"item_purchase_floors":[2,24,46],"current_hp_per_floor":[75,75,60,59,59,59,57,57,57,46,46,46,46,46,46,45,75,68,68,68,68,62,62,62,62,62,62,52,52,38,21,45,1,80,72,72,50,50,4,28,18,42,42,32,32,32,7,80,80,22],"gold":136,"neow_bonus":"BOSS_RELIC","is_prod":false,"is_daily":false,"chose_seed":false,"campfire_upgraded":8,"win_rate":0,"timestamp":1548849047,"path_taken":["M","$","?","M","?","R","M","R","T","M","M","R","?","M","R","BOSS","M","?","?","$","M","R","$","?","T","R","M","R","?","M","R","BOSS","M","$","M","?","?","R","?","R","T","M","?","?","?","?","R","BOSS"],"build_version":"2019-01-23","purchased_purges":4,"victory":true,"max_hp_per_floor":[75,75,75,75,75,75,75,75,75,75,75,75,75,75,75,75,75,75,75,75,75,75,75,75,75,75,75,75,75,80,80,80,80,80,80,80,80,80,80,80,80,80,80,80,80,80,80,80,80,80],"card_choices":[{"not_picked":["Auto Shields","Capacitor"],"picked":"Consume","floor":1.0},{"not_picked":["Reprogram","Stack","Melter"],"picked":"SKIP","floor":4.0},{"not_picked":["Cold Snap","Streamline"],"picked":"Ball Lightning","floor":7.0},{"not_picked":["Melter","Sunder"],"picked":"Ball Lightning","floor":10.0},{"not_picked":["Coolheaded","Turbo","Melter"],"picked":"SKIP","floor":11.0},{"not_picked":["Redo","Reboot","Hologram"],"picked":"SKIP","floor":14.0},{"not_picked":["Multi-Cast","Meteor Strike"],"picked":"Echo Form","floor":16.0},{"not_picked":["Barrage","Stack","Steam Power+1"],"picked":"SKIP","floor":18.0},{"not_picked":["Loop","Steam Power","Fusion"],"picked":"SKIP","floor":22.0},{"not_picked":["Conserve Battery","Barrage","FTL"],"picked":"SKIP","floor":28.0},{"not_picked":["Barrage","Go for the Eyes"],"picked":"Conserve Battery+1","floor":31.0},{"not_picked":["Fission","Hyperbeam"],"picked":"Buffer","floor":33.0},{"not_picked":["Gash+1","Compile Driver","Redo"],"picked":"SKIP","floor":35.0},{"not_picked":["Lockon+1","Reinforced Body","FTL"],"picked":"SKIP","floor":37.0},{"not_picked":["Hologram+1","White Noise","Steam+1"],"picked":"SKIP","floor":39.0},{"not_picked":["Rebound+1","Steam Power+1"],"picked":"Double Energy+1","floor":44.0},{"not_picked":["Deep Breath","Bandage Up"],"picked":"Finesse","floor":45.0},{"not_picked":["Sweeping Beam","Reprogram","Coolheaded+1"],"picked":"SKIP","floor":47.0}],"player_experience":546685,"relics_obtained":[],"event_choices":[{"damage_healed":0.0,"max_hp_gain":0.0,"max_hp_loss":0.0,"gold_gain":0.0,"event_name":"Shining Light","player_choice":"Entered Light","floor":3.0,"gold_loss":0.0,"damage_taken":15.0,"cards_upgraded":["Leap","Dualcast"]},{"damage_healed":0.0,"max_hp_gain":0.0,"max_hp_loss":0.0,"gold_gain":0.0,"event_name":"Golden Idol","player_choice":"Ignored","floor":5.0,"gold_loss":0.0,"damage_taken":0.0},{"damage_healed":0.0,"max_hp_gain":0.0,"max_hp_loss":0.0,"gold_gain":99.0,"event_name":"Nest","player_choice":"Stole From Cult","floor":19.0,"gold_loss":0.0,"damage_taken":0.0},{"damage_healed":0.0,"max_hp_gain":0.0,"max_hp_loss":0.0,"gold_gain":0.0,"event_name":"The Mausoleum","player_choice":"Ignored","floor":20.0,"gold_loss":0.0,"damage_taken":0.0},{"damage_healed":0.0,"max_hp_gain":5.0,"max_hp_loss":0.0,"gold_gain":0.0,"event_name":"Forgotten Altar","player_choice":"Shed Blood","floor":30.0,"gold_loss":0.0,"damage_taken":19.0},{"damage_healed":0.0,"max_hp_gain":0.0,"max_hp_loss":0.0,"gold_gain":0.0,"cards_transformed":["Swift Strike"],"event_name":"Transmorgrifier","player_choice":"Transformed","floor":38.0,"gold_loss":0.0,"damage_taken":0.0,"cards_obtained":["Flash of Steel"]},{"damage_healed":0.0,"max_hp_gain":0.0,"max_hp_loss":0.0,"gold_gain":0.0,"event_name":"Winding Halls","player_choice":"Embrace Madness","floor":41.0,"gold_loss":0.0,"damage_taken":10.0,"cards_obtained":["Madness","Madness"]},{"damage_healed":0.0,"max_hp_gain":0.0,"max_hp_loss":0.0,"gold_gain":0.0,"event_name":"SensoryStone","player_choice":"Memory 1","floor":45.0,"gold_loss":0.0,"damage_taken":0.0},{"damage_healed":73.0,"max_hp_gain":0.0,"max_hp_loss":0.0,"gold_gain":0.0,"event_name":"MindBloom","player_choice":"Heal","floor":48.0,"gold_loss":0.0,"damage_taken":0.0,"cards_obtained":["Doubt"]}],"is_beta":false,"boss_relics":[{"not_picked":[]},{"not_picked":[]}],"items_purged_floors":[2,21,24,36],"is_endless":false,"potions_floor_spawned":[1,10,14,28,31,35,44],"ascension_level":0}