{"path_per_floor":["M","?","M","?","M","E","R","M","T","?","?","M","$","?","R","B",null,"M","?","M","$","T","R","M","R","T","?","M","M","R","M","R","B",null,"M","?","M","$","?","R","?","?","T","M","M"],"character_chosen":"THE_SILENT","items_purchased":["Accuracy","Kunai"],"gold_per_floor":[110,110,126,126,136,165,165,176,176,176,137,156,5,5,5,107,107,119,119,131,31,31,31,41,41,65,65,79,99,99,117,117,218,218,231,231,244,6,6,6,6,6,55,69,79,79],"floor_reached":46,"campfire_rested":6,"playtime":2255,"item_purchase_floors":[13,38],"current_hp_per_floor":[70,70,70,63,63,31,52,50,50,50,50,42,42,42,63,63,70,55,55,33,33,33,54,30,51,51,51,25,19,40,40,61,43,70,48,44,5,5,61,61,53,53,53,30,1,0],"items_purged":["Strike_G","Defend_G+1"],"gold":79,"score":769,"play_id":"909143fc-f527-4393-850b-74a002415f14","local_time":"20180619221203","is_prod":false,"is_daily":false,"chose_seed":false,"is_ascension_mode":true,"campfire_upgraded":1,"win_rate":0,"timestamp":1529460723,"campfire_choices":[{"floor":7,"key":"REST"},{"floor":15,"key":"REST"},{"floor":23,"key":"REST"},{"floor":25,"key":"REST"},{"floor":30,"key":"REST"},{"floor":32,"key":"REST"},{"data":"Infinite Blades","floor":40,"key":"SMITH"}],"path_taken":["M","?","?","?","M","E","R","M","T","?","?","M","$","?","R","BOSS","M","?","M","$","?","R","M","R","T","?","M","M","R","M","R","BOSS","M","?","?","$","?","R","?","?","T","M","M","?"],"build_version":"2018-06-14v2","seed_source_timestamp":497778357617155,"purchased_purges":2,"victory":false,"master_deck":["Defend_G+1","Defend_G+1","Defend_G+1","Defend_G+1","Strike_G+1","Strike_G+1","Strike_G+1","Survivor","Neutralize","Predator+1","Infinite Blades+1","Infinite Blades","Cloak And Dagger","Accuracy","Terror","Predator","Accuracy","Storm of Steel","Backflip+1","Terror+1","Noxious Fumes+1","Envenom","Cloak And Dagger+1","Envenom","Noxious Fumes","Madness","Madness","Dramatic Entrance","Slice+1"],"max_hp_per_floor":[70,70,70,70,70,70,70,70,70,70,70,70,70,70,70,70,70,70,70,70,70,70,70,70,70,70,70,70,70,70,70,70,70,70,70,70,70,70,61,61,61,61,61,61,61,61],"relics":["Ring of the Snake","NeowsBlessing","Shuriken","Tough Bandages","Darkstone Periapt","Runic Pyramid","Ninja Scroll","Happy Flower","White Beast Statue","Ginger","Kunai","Bronze Scales"],"card_choices":[{"not_picked":["Slice","Dagger Spray"],"picked":"Predator","floor":1},{"not_picked":["Outmaneuver","Backflip"],"picked":"Infinite Blades","floor":3},{"not_picked":["Underhanded Strike","Escape Plan"],"picked":"Infinite Blades","floor":5},{"not_picked":["Riddle With Holes","Doppelganger"],"picked":"Cloak And Dagger","floor":6},{"not_picked":["Backflip","Dash"],"picked":"Accuracy","floor":8},{"not_picked":["Deadly Poison","Prepared"],"picked":"Predator","floor":12},{"not_picked":["Corpse Explosion","Unload"],"picked":"Storm of Steel","floor":16},{"not_picked":["Deflect","Setup"],"picked":"Backflip+1","floor":18},{"not_picked":["Deflect","Deadly Poison"],"picked":"Terror+1","floor":20},{"not_picked":["Sucker Punch+1","Poisoned Stab+1","Expertise"],"picked":"SKIP","floor":24},{"not_picked":["Setup","Sucker Punch+1"],"picked":"Noxious Fumes+1","floor":28},{"not_picked":["PiercingWail","Dodge and Roll+1"],"picked":"Envenom","floor":29},{"not_picked":["Caltrops","Terror"],"picked":"Cloak And Dagger+1","floor":31},{"not_picked":["Glass Knife","Grand Finale"],"picked":"Envenom","floor":33},{"not_picked":["Quick Slash","Dagger Throw","PiercingWail+1"],"picked":"SKIP","floor":35},{"not_picked":["Leg Sweep","Poisoned Stab"],"picked":"Noxious Fumes","floor":36},{"not_picked":["Flying Knee+1","Underhanded Strike","Doppelganger"],"picked":"SKIP","floor":37},{"not_picked":["Secret Technique","Jack Of All Trades"],"picked":"Dramatic Entrance","floor":42},{"not_picked":["Deflect+1","Skewer"],"picked":"Slice+1","floor":44},{"not_picked":["Sucker Punch+1","Skewer","Underhanded Strike"],"picked":"SKIP","floor":45}],"player_experience":657085,"potions_floor_usage":[16,16,28,29,33,37],"damage_taken":[{"damage":0,"enemies":"Small Slimes","floor":1,"turns":1},{"damage":0,"enemies":"Cultist","floor":3,"turns":1},{"damage":0,"enemies":"Jaw Worm","floor":5,"turns":1},{"damage":32,"enemies":"Gremlin Nob","floor":6,"turns":4},{"damage":2,"enemies":"Exordium Thugs","floor":8,"turns":4},{"damage":8,"enemies":"Looter","floor":12,"turns":3},{"damage":0,"enemies":"Slime Boss","floor":16,"turns":5},{"damage":15,"enemies":"Spheric Guardian","floor":18,"turns":4},{"damage":22,"enemies":"2 Thieves","floor":20,"turns":3},{"damage":24,"enemies":"Snake Plant","floor":24,"turns":3},{"damage":26,"enemies":"Slaver and Parasite","floor":28,"turns":4},{"damage":6,"enemies":"Sentry and Sphere","floor":29,"turns":5},{"damage":0,"enemies":"Snecko","floor":31,"turns":2},{"damage":18,"enemies":"Collector","floor":33,"turns":7},{"damage":22,"enemies":"Orb Walker","floor":35,"turns":4},{"damage":4,"floor":36,"turns":5},{"damage":39,"enemies":"3 Darklings","floor":37,"turns":5},{"damage":23,"enemies":"Sphere and 2 Shapes","floor":44,"turns":8},{"damage":29,"enemies":"4 Shapes","floor":45,"turns":7},{"damage":8,"enemies":"3 Darklings","floor":46,"turns":3}],"relics_obtained":[{"floor":6,"key":"Tough Bandages"},{"floor":9,"key":"Darkstone Periapt"},{"floor":22,"key":"Ninja Scroll"},{"floor":26,"key":"Happy Flower"},{"floor":36,"key":"Ginger"},{"floor":43,"key":"Bronze Scales"}],"event_choices":[{"event_name":"Upgrade Shrine","player_choice":"Upgraded","floor":2,"damage_taken":0},{"event_name":"Scrap Ooze","player_choice":"success","floor":4,"damage_taken":7},{"event_name":"Transmorgrifier","player_choice":"Transform","floor":10,"damage_taken":0},{"event_name":"World of Goop","player_choice":"Left","floor":11,"damage_taken":0},{"event_name":"Liars Game","player_choice":"disagreed","floor":14,"damage_taken":0},{"event_name":"Back to Basics","player_choice":"Simplicity","floor":19,"damage_taken":0},{"event_name":"Ghosts","player_choice":"Ignored","floor":27,"damage_taken":0},{"event_name":"MindBloom","player_choice":"Fight","floor":36,"damage_taken":0},{"event_name":"The Moai Head","player_choice":"Heal","floor":39,"damage_taken":0},{"event_name":"Winding Halls","player_choice":"Embrace Madness","floor":41,"damage_taken":0},{"event_name":"SensoryStone","player_choice":"Memory 1","floor":42,"damage_taken":0}],"boss_relics":[{"not_picked":["Black Star","Coffee Dripper"],"picked":"Runic Pyramid"},{"not_picked":["Orrery","Pandora\u0027s Box"],"picked":"White Beast Statue"}],"items_purged_floors":[13,21],"is_endless":false,"potions_floor_spawned":[3,6,16,28,29,31,33,35,36,37,44,45],"seed_played":"-3452992726238832873","killed_by":"3 Darklings","ascension_level":4,"potions_obtained":[{"floor":3,"key":"Energy Potion"},{"floor":6,"key":"LiquidBronze"},{"floor":16,"key":"Weak Potion"},{"floor":28,"key":"Dexterity Potion"},{"floor":29,"key":"FearPotion"},{"floor":31,"key":"Energy Potion"},{"floor":33,"key":"SpeedPotion"},{"floor":35,"key":"FearPotion"},{"floor":37,"key":"SteroidPotion"},{"floor":45,"key":"Ancient Potion"}],"is_trial":false}