{"gold_per_floor":[113,113,113,132,132,167,167,185,185,199,210,285,301,315,315,413,413,423,16,16,16,26,26,26,26,51,66,79,109,109,109],"floor_reached":31,"playtime":1091,"items_purged":[],"score":381,"play_id":"d5db5d2d-f010-4e48-a4f7-083bf252198b","local_time":"20180702105841","is_ascension_mode":true,"campfire_choices":[{"data":"Zap","floor":7.0,"key":"SMITH"},{"floor":15.0,"key":"REST"},{"floor":23,"key":"REST"},{"data":"Hyperbeam","floor":25,"key":"SMITH"},{"floor":30,"key":"REST"}],"neow_cost":"","seed_source_timestamp":659355688827663,"circlet_count":0,"master_deck":["Strike_B","Strike_B","Strike_B","Defend_B","Defend_B","Defend_B","Defend_B","Zap+1","Dualcast","Compile Driver","Hologram","Steam Power","Gash","Compile Driver","Hyperbeam+1","Gash","Rebound","Hyperbeam","Gash","FTL","Static Discharge","Go for the Eyes","Steam","Sweeping Beam"],"special_seed":0,"relics":["Cracked Core","NeowsBlessing","Bottled Flame","Gremlin Horn","Inserter","Pantograph","Nilry\u0027s Codex","Anchor","Bronze Scales"],"potions_floor_usage":[],"damage_taken":[{"damage":0.0,"enemies":"2 Louse","floor":1.0,"turns":1.0},{"damage":0.0,"enemies":"Small Slimes","floor":4.0,"turns":1.0},{"damage":0.0,"enemies":"3 Sentries","floor":6.0,"turns":1.0},{"damage":4.0,"enemies":"Jaw Worm","floor":8.0,"turns":3.0},{"damage":6.0,"enemies":"2 Fungi Beasts","floor":10.0,"turns":3.0},{"damage":10.0,"enemies":"Blue Slaver","floor":11.0,"turns":4.0},{"damage":9.0,"enemies":"Red Slaver","floor":13.0,"turns":3.0},{"damage":12.0,"enemies":"Looter","floor":14.0,"turns":3.0},{"damage":7.0,"enemies":"Slime Boss","floor":16.0,"turns":7.0},{"damage":24,"enemies":"3 Byrds","floor":18,"turns":3},{"damage":0,"enemies":"Spheric Guardian","floor":22,"turns":2},{"damage":21,"enemies":"Chosen and Byrds","floor":27,"turns":6},{"damage":21,"enemies":"Centurion and Healer","floor":28,"turns":3},{"damage":22,"enemies":"Slavers","floor":29,"turns":5},{"damage":32,"enemies":"Snecko","floor":31,"turns":3}],"seed_played":"6505574356620761753","potions_obtained":[{"floor":1.0,"key":"Poison Potion"},{"floor":10.0,"key":"FairyPotion"},{"floor":13.0,"key":"Regen Potion"},{"floor":16.0,"key":"FocusPotion"},{"floor":18,"key":"PowerPotion"}],"is_trial":false,"path_per_floor":["M","?","?","M","?","E","R","M","T","M","M","?","M","M","R","B",null,"M","$","?","?","M","R","$","R","T","M","M","E","R"],"character_chosen":"DEFECT","items_purchased":["FTL","Pantograph","Static Discharge"],"campfire_rested":3,"item_purchase_floors":[19,19,19],"current_hp_per_floor":[68,68,73,73,66,66,66,62,62,56,46,35,26,19,43,36,69,45,45,29,29,29,53,53,53,53,32,11,1,25,0],"gold":109,"neow_bonus":"","is_prod":false,"is_daily":false,"chose_seed":true,"campfire_upgraded":2,"win_rate":0,"timestamp":1530543521,"path_taken":["M","?","?","M","?","E","R","M","T","M","M","?","M","M","R","BOSS","M","$","?","?","M","R","?","R","T","?","M","E","R","M"],"build_version":"2018-06-28","purchased_purges":0,"victory":false,"max_hp_per_floor":[75,75,80,80,80,80,80,80,80,80,80,80,80,80,80,80,80,80,80,80,80,80,80,80,80,80,80,80,80,80,80],"card_choices":[{"not_picked":["Hello World","Turbo"],"picked":"Compile Driver","floor":1.0},{"not_picked":["Ball Lightning","Lockon"],"picked":"Hologram","floor":4.0},{"not_picked":["BootSequence","Storm"],"picked":"Steam Power","floor":6.0},{"not_picked":["Compile Driver","Coolheaded"],"picked":"Gash","floor":8.0},{"not_picked":["Redo","Turbo"],"picked":"Compile Driver","floor":10.0},{"not_picked":["Conserve Battery","Rebound"],"picked":"Hyperbeam","floor":11.0},{"not_picked":["Go for the Eyes","Barrage"],"picked":"Gash","floor":13.0},{"not_picked":["Blizzard","Barrage"],"picked":"Rebound","floor":14.0},{"not_picked":["Rainbow","Electrodynamics"],"picked":"Hyperbeam","floor":16.0},{"not_picked":["Sweeping Beam","Beam Cell"],"picked":"Gash","floor":18},{"not_picked":["Barrage","Hologram"],"picked":"Go for the Eyes","floor":22},{"not_picked":["Conserve Battery","Double Energy","Biased Cognition"],"picked":"SKIP","floor":27},{"not_picked":["Stack","Steam Power"],"picked":"Steam","floor":28},{"not_picked":["Compile Driver","Turbo"],"picked":"Sweeping Beam","floor":29}],"player_experience":904363,"relics_obtained":[{"floor":6.0,"key":"Bottled Flame"},{"floor":9.0,"key":"Gremlin Horn"},{"floor":20,"key":"Nilry\u0027s Codex"},{"floor":26,"key":"Anchor"},{"floor":29,"key":"Bronze Scales"}],"event_choices":[{"event_name":"Liars Game","player_choice":"disagreed","floor":2.0,"damage_taken":0.0},{"event_name":"Big Fish","player_choice":"Donut","floor":3.0,"damage_taken":0.0},{"event_name":"Golden Wing","player_choice":"Card Removal","floor":5.0,"damage_taken":0.0},{"event_name":"World of Goop","player_choice":"Gather Gold","floor":12.0,"damage_taken":0.0},{"event_name":"Cursed Tome","player_choice":"Obtained Book","floor":20,"damage_taken":0},{"event_name":"Ghosts","player_choice":"Ignored","floor":21,"damage_taken":0}],"boss_relics":[{"not_picked":["White Beast Statue","Coffee Dripper"],"picked":"Inserter"}],"items_purged_floors":[],"is_endless":false,"potions_floor_spawned":[1,10,13,16,18,27],"killed_by":"Snecko","ascension_level":7}