{"gold_per_floor":[111,127,137,161,171,171,202,202,227,227,259,259,92,110,110,207,207,189,199,99,99],"floor_reached":21,"playtime":1127,"items_purged":["Strike_R","Defend_R"],"score":255,"play_id":"b41f5ba1-3423-460b-852d-369248d1ec5a","local_time":"20180710073248","is_ascension_mode":true,"campfire_choices":[{"data":"Clothesline","floor":6,"key":"SMITH"},{"floor":8,"key":"REST"},{"data":"Feel No Pain","floor":10,"key":"SMITH"},{"floor":12,"key":"REST"},{"data":"Warcry","floor":15,"key":"SMITH"}],"neow_cost":"NONE","seed_source_timestamp":1159860640170473,"circlet_count":0,"master_deck":["Strike_R","Strike_R","Strike_R","Strike_R","Defend_R+1","Defend_R+1","Defend_R","Bash+1","Clothesline+1","Feel No Pain+1","Reckless Charge","PanicButton","Warcry+1","Exhume","Havoc"],"relics":["Burning Blood","Centennial Puzzle","Orichalcum","Anchor","War Paint","Mark of Pain"],"potions_floor_usage":[7,7,16],"damage_taken":[{"damage":1,"enemies":"Cultist","floor":1,"turns":3},{"damage":4,"enemies":"2 Louse","floor":2,"turns":3},{"damage":12,"enemies":"Small Slimes","floor":3,"turns":4},{"damage":50,"enemies":"Gremlin Gang","floor":5,"turns":8},{"damage":22,"enemies":"Gremlin Nob","floor":7,"turns":4},{"damage":12,"enemies":"3 Sentries","floor":11,"turns":9},{"damage":5,"enemies":"Exordium Thugs","floor":14,"turns":4},{"damage":12,"enemies":"Slime Boss","floor":16,"turns":11},{"damage":6,"enemies":"2 Thieves","floor":18,"turns":4},{"damage":2,"enemies":"Chosen","floor":19,"turns":6},{"damage":0,"enemies":"Snecko","floor":21,"turns":1}],"seed_played":"6102683758958173714","potions_obtained":[{"floor":3,"key":"AttackPotion"},{"floor":5,"key":"LiquidBronze"},{"floor":14,"key":"Fire Potion"}],"is_trial":false,"path_per_floor":["M","M","M","T","M","R","E","R","T","R","E","R","$","M","R","B",null,"M","M","$"],"character_chosen":"IRONCLAD","items_purchased":["PanicButton"],"campfire_rested":2,"item_purchase_floors":[13],"current_hp_per_floor":[77,79,73,73,29,29,13,37,37,37,31,55,55,56,56,50,73,73,77,77,77],"gold":99,"neow_bonus":"UPGRADE_CARD","is_prod":false,"is_daily":false,"chose_seed":false,"campfire_upgraded":3,"win_rate":0,"timestamp":1531225968,"path_taken":["M","M","M","?","M","R","E","R","T","R","E","R","$","?","R","BOSS","M","M","$","M"],"build_version":"2018-07-09","purchased_purges":2,"victory":false,"max_hp_per_floor":[80,80,80,80,80,80,80,80,80,80,80,80,80,80,80,80,80,80,80,80,80],"card_choices":[{"not_picked":["Blood for Blood","Searing Blow"],"picked":"Clothesline","floor":1},{"not_picked":["Fire Breathing","Body Slam","Pommel Strike"],"picked":"SKIP","floor":2},{"not_picked":["Power Through","Rampage"],"picked":"Feel No Pain","floor":3},{"not_picked":["Warcry","Pommel Strike","Headbutt"],"picked":"SKIP","floor":5},{"not_picked":["Clothesline","Cleave"],"picked":"Reckless Charge","floor":7},{"not_picked":["Fire Breathing","Flex","Hemokinesis"],"picked":"SKIP","floor":11},{"not_picked":["Heavy Blade","Thunderclap"],"picked":"Warcry","floor":14},{"not_picked":["Dark Embrace","Brutality"],"picked":"Exhume","floor":16},{"not_picked":["Rampage","Rage"],"picked":"Havoc","floor":18},{"not_picked":["Perfected Strike+1","Sword Boomerang","Clothesline"],"picked":"SKIP","floor":19}],"player_experience":279816,"relics_obtained":[{"floor":4,"key":"Centennial Puzzle"},{"floor":7,"key":"Orichalcum"},{"floor":9,"key":"Anchor"},{"floor":11,"key":"War Paint"}],"event_choices":[],"boss_relics":[{"not_picked":["Tiny House","Sozu"],"picked":"Mark of Pain"}],"items_purged_floors":[13,20],"is_endless":false,"potions_floor_spawned":[3,5,14],"killed_by":"Snecko","ascension_level":7}