{"gold_per_floor":[113,126,126,76,49,75,75,0,0,0,13,13,31,44,44,140,140,157,169,180,30,30,63,63,74,74,84,101,101,101,131,131,131],"floor_reached":33,"playtime":1058,"items_purged":["Bash","Pommel Strike"],"score":312,"play_id":"3e74f85e-ad7c-477c-a81d-7c02592f3aaa","local_time":"20190209000438","is_ascension_mode":false,"campfire_choices":[{"data":"Perfected Strike","floor":7,"key":"SMITH"},{"data":"Warcry","floor":10,"key":"SMITH"},{"data":"Perfected Strike","floor":15,"key":"SMITH"},{"floor":24,"key":"REST"},{"floor":30,"key":"REST"},{"data":"Ghostly Armor","floor":32,"key":"SMITH"}],"neow_cost":"NONE","seed_source_timestamp":30767250087737,"circlet_count":0,"master_deck":["Strike_R","Strike_R","Strike_R","Defend_R","Defend_R","Defend_R","Defend_R","Sword Boomerang","Warcry+1","Perfected Strike+1","Warcry","Perfected Strike+1","Twin Strike","Spot Weakness","Ghostly Armor","Twin Strike","Ghostly Armor+1","Thunderclap","Pommel Strike"],"relics":["Burning Blood","NeowsBlessing","Pear","Dodecahedron","Velvet Choker","PreservedInsect","Nloth\u0027s Gift","Paper Frog"],"potions_floor_usage":[27,31,31,33,33],"damage_taken":[{"damage":0,"enemies":"2 Louse","floor":1,"turns":1},{"damage":0,"enemies":"Small Slimes","floor":2,"turns":1},{"damage":0,"enemies":"3 Sentries","floor":6,"turns":1},{"damage":1,"enemies":"Jaw Worm","floor":11,"turns":3},{"damage":0,"enemies":"2 Fungi Beasts","floor":13,"turns":2},{"damage":5,"enemies":"Looter","floor":14,"turns":2},{"damage":84,"enemies":"The Guardian","floor":16,"turns":12},{"damage":12,"enemies":"Shell Parasite","floor":18,"turns":3},{"damage":0,"enemies":"Spheric Guardian","floor":19,"turns":2},{"damage":32,"enemies":"Snake Plant","floor":20,"turns":3},{"damage":55,"enemies":"Book of Stabbing","floor":23,"turns":6},{"damage":20,"enemies":"Sentry and Sphere","floor":25,"turns":5},{"damage":5,"enemies":"Cultist and Chosen","floor":27,"turns":6},{"damage":11,"enemies":"Centurion and Healer","floor":28,"turns":4},{"damage":9,"enemies":"Slavers","floor":31,"turns":3},{"damage":67,"enemies":"Champ","floor":33,"turns":10}],"seed_played":"-3873078731313747961","potions_obtained":[{"floor":1,"key":"Fire Potion"},{"floor":16,"key":"Strength Potion"},{"floor":19,"key":"AttackPotion"},{"floor":27,"key":"GamblersBrew"},{"floor":31,"key":"Regen Potion"}],"is_trial":false,"path_per_floor":["M","M","?","?","$","E","R","$","T","R","M","?","M","M","R","B",null,"M","M","M","$","?","E","R","M","T","M","M","?","R","E","R","B"],"character_chosen":"IRONCLAD","items_purchased":["Warcry","Twin Strike"],"campfire_rested":2,"item_purchase_floors":[5,21],"current_hp_per_floor":[80,80,73,73,73,89,89,89,89,89,90,90,90,90,90,12,90,84,90,64,64,64,15,42,28,28,29,24,24,51,48,48,0],"gold":131,"neow_bonus":"THREE_ENEMY_KILL","is_prod":false,"is_daily":false,"chose_seed":false,"campfire_upgraded":4,"win_rate":0.0,"timestamp":1549667078,"path_taken":["M","M","?","?","$","E","R","$","T","R","M","?","?","M","R","BOSS","M","M","M","$","?","E","R","M","T","M","M","?","R","E","R","BOSS"],"build_version":"2019-01-23","purchased_purges":2,"victory":false,"max_hp_per_floor":[80,80,80,80,80,90,90,90,90,90,90,90,90,90,90,90,90,90,90,90,90,90,90,90,90,90,90,90,90,90,90,90,90],"card_choices":[{"not_picked":["Flame Barrier","Pommel Strike"],"picked":"Sword Boomerang","floor":1},{"not_picked":["Rupture","Feel No Pain"],"picked":"Pommel Strike","floor":2},{"not_picked":["Anger","Combust"],"picked":"Perfected Strike","floor":6},{"not_picked":["Power Through","Dropkick"],"picked":"Warcry","floor":11},{"not_picked":["Double Tap","True Grit"],"picked":"Perfected Strike","floor":13},{"not_picked":["Ghostly Armor","Sever Soul"],"picked":"Twin Strike","floor":14},{"not_picked":["Searing Blow","Cleave+1"],"picked":"Spot Weakness","floor":18},{"not_picked":["Flex","Flame Barrier+1","Rupture"],"picked":"SKIP","floor":19},{"not_picked":["Combust","Pommel Strike+1"],"picked":"Ghostly Armor","floor":20},{"not_picked":["Demon Form","Clothesline","Heavy Blade"],"picked":"SKIP","floor":23},{"not_picked":["Headbutt","Dual Wield+1"],"picked":"Ghostly Armor","floor":25},{"not_picked":["Anger","Shockwave","Perfected Strike"],"picked":"Thunderclap","floor":27},{"not_picked":["Sword Boomerang","Reaper","Heavy Blade","Warcry"],"picked":"SKIP","floor":28},{"not_picked":["Clash","Body Slam"],"picked":"Pommel Strike","floor":31}],"player_experience":28295,"relics_obtained":[{"floor":6,"key":"Pear"},{"floor":9,"key":"Dodecahedron"},{"floor":23,"key":"PreservedInsect"},{"floor":26,"key":"Question Card"},{"floor":31,"key":"Paper Frog"}],"event_choices":[{"cards_removed":["Strike_R"],"damage_healed":0,"gold_gain":0,"player_choice":"Card Removal","damage_taken":7,"max_hp_gain":0,"max_hp_loss":0,"event_name":"Golden Wing","floor":3,"gold_loss":0},{"cards_removed":["Strike_R"],"damage_healed":0,"gold_gain":0,"player_choice":"Card Removal","damage_taken":0,"max_hp_gain":0,"max_hp_loss":0,"event_name":"The Cleric","floor":4,"gold_loss":50},{"damage_healed":0,"gold_gain":0,"player_choice":"Ignored","damage_taken":0,"max_hp_gain":0,"max_hp_loss":0,"event_name":"Liars Game","floor":12,"gold_loss":0},{"damage_healed":0,"gold_gain":0,"player_choice":"Ignored","damage_taken":0,"max_hp_gain":0,"max_hp_loss":0,"event_name":"Beggar","floor":22,"gold_loss":0},{"damage_healed":0,"gold_gain":0,"player_choice":"Traded Relic","damage_taken":0,"relics_obtained":["Nloth\u0027s Gift"],"max_hp_gain":0,"max_hp_loss":0,"event_name":"N\u0027loth","floor":29,"relics_lost":["Question Card"],"gold_loss":0}],"is_beta":false,"boss_relics":[{"not_picked":["Mark of Pain","Runic Cube"],"picked":"Velvet Choker"}],"items_purged_floors":[8,21],"is_endless":false,"potions_floor_spawned":[1,16,19,23,27,31],"killed_by":"Champ","ascension_level":0}