{"path_per_floor":["M","$","M","M","M","R","M","R","T","R","M","M","E","M","R","B",null,"M","$","M","?","M","E","M","M","T","R","?","R","M","M","R","B",null,"M","M","M","$","M","R","$","M","T"],"character_chosen":"DEFECT","items_purchased":["Defragment","Cold Snap","Static Discharge","Conserve Battery","Leap","Doom and Gloom","Static Discharge","Conserve Battery"],"gold_per_floor":[116,2,14,25,35,35,49,49,98,98,110,125,155,167,167,266,266,276,64,84,118,130,165,184,195,195,195,195,195,207,224,224,321,321,335,345,363,285,297,297,64,79,79,79],"floor_reached":44,"campfire_rested":7,"playtime":3297,"item_purchase_floors":[2,2,19,19,19,38,41,41],"current_hp_per_floor":[75,75,67,67,46,68,57,75,75,75,68,54,50,44,66,20,75,69,69,69,64,64,36,30,21,21,43,43,65,56,47,69,20,75,67,61,51,51,17,39,39,2,2,0],"items_purged":["Strike_B","Strike_B"],"gold":79,"score":465,"play_id":"7c68e59a-a46b-4069-a3cd-dfb743d02fa8","local_time":"20180603161549","is_prod":false,"is_daily":false,"chose_seed":false,"is_ascension_mode":false,"campfire_upgraded":1,"win_rate":0,"timestamp":1528056949,"campfire_choices":[{"floor":6,"key":"REST"},{"floor":8,"key":"REST"},{"data":"Defragment","floor":10,"key":"SMITH"},{"floor":15,"key":"REST"},{"floor":27,"key":"REST"},{"floor":29,"key":"REST"},{"floor":32,"key":"REST"},{"floor":40,"key":"REST"}],"path_taken":["M","?","M","M","M","R","M","R","T","R","M","?","E","M","R","BOSS","M","$","M","?","M","E","?","M","T","R","?","R","M","M","R","BOSS","M","?","M","$","M","R","$","M","T","M"],"build_version":"2018-05-31","seed_source_timestamp":249752880470279,"purchased_purges":2,"victory":false,"master_deck":["Strike_B","Defend_B","Defend_B","Defend_B","Defend_B","Zap","Dualcast","Streamline","Defragment+1","Cold Snap","Cold Snap","Sunder","Stack","Sweeping Beam","White Noise","Sweeping Beam","Stack","Defragment","Electrodynamics","Cold Snap","Static Discharge","Conserve Battery","Leap","Static Discharge","Seek","Consume","Tempest","Reinforced Body","Loop+1","Blizzard+1","Redo","Fission","Chaos","White Noise+1","Reprogram+1","Doom and Gloom","Leap+1","Static Discharge","Conserve Battery","Loop+1"],"max_hp_per_floor":[75,75,75,75,75,75,75,75,75,75,75,75,75,75,75,75,75,75,75,75,75,75,75,75,75,75,75,75,75,75,75,75,75,75,75,75,75,75,75,75,75,75,75,75],"relics":["Cracked Core","Vajra","Mummified Hand","Sozu","Red Mask","Potion Belt","Omamori","Nuclear Battery","Pen Nib"],"card_choices":[{"not_picked":["Sweeping Beam","Go for the Eyes"],"picked":"Streamline","floor":1},{"not_picked":["Turbo","Steam Power"],"picked":"Cold Snap","floor":3},{"not_picked":["Ball Lightning","Chill"],"picked":"Sunder","floor":4},{"not_picked":["Reboot","Beam Cell"],"picked":"Stack","floor":5},{"not_picked":["Compile Driver","Hologram"],"picked":"Sweeping Beam","floor":7},{"not_picked":["Leap","Go for the Eyes"],"picked":"White Noise","floor":11},{"not_picked":["Streamline","Steam Power"],"picked":"Sweeping Beam","floor":12},{"not_picked":["Hologram","Sweeping Beam"],"picked":"Stack","floor":13},{"not_picked":["Amplify","Sweeping Beam"],"picked":"Defragment","floor":14},{"not_picked":["Seek","Multi-Cast"],"picked":"Electrodynamics","floor":16},{"not_picked":["Gash","Streamline"],"picked":"Cold Snap","floor":18},{"not_picked":["BootSequence+1","Compile Driver"],"picked":"Static Discharge","floor":20},{"not_picked":["Double Energy","Sweeping Beam"],"picked":"Seek","floor":21},{"not_picked":["Ball Lightning","Coolheaded"],"picked":"Consume","floor":22},{"not_picked":["Gash","Redo"],"picked":"Tempest","floor":23},{"not_picked":["Barrage","Ball Lightning"],"picked":"Reinforced Body","floor":24},{"not_picked":["Auto Shields","Reinforced Body"],"picked":"Loop+1","floor":25},{"not_picked":["Coolheaded","Reprogram"],"picked":"Blizzard+1","floor":30},{"not_picked":["Streamline","Steam Power"],"picked":"Redo","floor":31},{"not_picked":["Electrodynamics","Meteor Strike"],"picked":"Fission","floor":33},{"not_picked":["Barrage","Beam Cell+1"],"picked":"Chaos","floor":35},{"not_picked":["Sweeping Beam","Static Discharge"],"picked":"White Noise+1","floor":36},{"not_picked":["Beam Cell","Skim"],"picked":"Reprogram+1","floor":37},{"not_picked":["Go for the Eyes","Chaos"],"picked":"Leap+1","floor":39},{"not_picked":["Gash","Skim"],"picked":"Loop+1","floor":42}],"player_experience":287188,"potions_floor_usage":[13,13,16],"damage_taken":[{"damage":0,"enemies":"Cultist","floor":1,"turns":3},{"damage":8,"enemies":"Jaw Worm","floor":3,"turns":3},{"damage":0,"enemies":"Small Slimes","floor":4,"turns":3},{"damage":21,"enemies":"Exordium Thugs","floor":5,"turns":3},{"damage":11,"enemies":"Lots of Slimes","floor":7,"turns":4},{"damage":7,"enemies":"Blue Slaver","floor":11,"turns":2},{"damage":14,"enemies":"Looter","floor":12,"turns":3},{"damage":4,"enemies":"Lagavulin","floor":13,"turns":5},{"damage":6,"enemies":"Gremlin Gang","floor":14,"turns":2},{"damage":46,"enemies":"Hexaghost","floor":16,"turns":10},{"damage":6,"enemies":"Spheric Guardian","floor":18,"turns":3},{"damage":0,"enemies":"3 Byrds","floor":20,"turns":2},{"damage":5,"enemies":"Masked Bandits","floor":21,"turns":2},{"damage":0,"enemies":"3 Cultists","floor":22,"turns":3},{"damage":28,"enemies":"Slavers","floor":23,"turns":3},{"damage":6,"enemies":"Chosen and Byrds","floor":24,"turns":4},{"damage":9,"enemies":"Centurion and Healer","floor":25,"turns":4},{"damage":9,"enemies":"Sentry and Sphere","floor":30,"turns":4},{"damage":9,"enemies":"Snecko","floor":31,"turns":5},{"damage":49,"enemies":"Automaton","floor":33,"turns":7},{"damage":8,"enemies":"3 Shapes","floor":35,"turns":2},{"damage":6,"enemies":"3 Darklings","floor":36,"turns":5},{"damage":10,"enemies":"4 Shapes","floor":37,"turns":2},{"damage":34,"enemies":"Maw","floor":39,"turns":6},{"damage":37,"enemies":"Sphere and 2 Shapes","floor":42,"turns":4},{"damage":6,"enemies":"4 Shapes","floor":44,"turns":1}],"relics_obtained":[{"floor":9,"key":"Vajra"},{"floor":13,"key":"Mummified Hand"},{"floor":21,"key":"Red Mask"},{"floor":23,"key":"Potion Belt"},{"floor":26,"key":"Omamori"},{"floor":43,"key":"Pen Nib"}],"event_choices":[{"event_name":"Masked Bandits","player_choice":"Fought over 84 gold","floor":21,"damage_taken":0},{"event_name":"Ghosts","player_choice":"Ignored","floor":28,"damage_taken":0}],"boss_relics":[{"not_picked":["Velvet Choker","White Beast Statue"],"picked":"Sozu"},{"not_picked":["Orrery","Tiny House"],"picked":"Nuclear Battery"}],"items_purged_floors":[19,41],"potions_floor_spawned":[3,4,7,12,13,18,21,25,33,36],"seed_played":"6603793897240295926","killed_by":"4 Shapes","ascension_level":0,"potions_obtained":[{"floor":3,"key":"SpeedPotion"},{"floor":4,"key":"Block Potion"},{"floor":7,"key":"PowerPotion"},{"floor":13,"key":"SpeedPotion"}],"is_trial":false}