{"gold_per_floor":[116,116,116,116,116,116,132,147,147,177,177,177,29,43,43,142,142,157,157,157,176,48,83,83,8,35,46,57,57,57,21,21,126,126,126],"floor_reached":35,"playtime":931,"items_purged":[],"score":421,"play_id":"c3d46453-0e08-408c-bfd4-de81d203ba96","local_time":"20180731234829","is_ascension_mode":false,"campfire_choices":[{"data":"Neutralize","floor":6,"key":"SMITH"},{"data":"Noxious Fumes","floor":11,"key":"SMITH"},{"floor":15,"key":"REST"},{"floor":24,"key":"REST"},{"data":"Footwork","floor":29,"key":"SMITH"},{"floor":32,"key":"REST"}],"neow_cost":"NONE","seed_source_timestamp":9119929089012,"circlet_count":0,"master_deck":["Defend_G+1","Defend_G","Defend_G+1","Strike_G","Strike_G","Survivor","Neutralize+1","Poisoned Stab+1","Blade Dance","Catalyst","Noxious Fumes+1","Blur","Envenom","Poisoned Stab+1","RitualDagger+1","Cloak And Dagger","Deadly Poison","Masterful Stab+1","Footwork+1","Noxious Fumes","Poisoned Stab+1","Crippling Poison","A Thousand Cuts"],"relics":["Ring of the Snake","Juzu Bracelet","Molten Egg 2","Tough Bandages","Question Card","Happy Flower","HoveringKite","Torii","Bag of Preparation","Meat on the Bone","Empty Cage"],"potions_floor_usage":[10,18,21,28],"damage_taken":[{"damage":0,"enemies":"2 Louse","floor":1,"turns":3},{"damage":0,"enemies":"Cultist","floor":7,"turns":3},{"damage":0,"enemies":"Small Slimes","floor":8,"turns":4},{"damage":23,"enemies":"3 Sentries","floor":10,"turns":10},{"damage":0,"enemies":"2 Fungi Beasts","floor":14,"turns":3},{"damage":0,"enemies":"The Guardian","floor":16,"turns":10},{"damage":1,"enemies":"Shell Parasite","floor":18,"turns":7},{"damage":0,"enemies":"3 Byrds","floor":21,"turns":4},{"damage":25,"enemies":"Book of Stabbing","floor":23,"turns":6},{"damage":7,"enemies":"3 Cultists","floor":27,"turns":5},{"damage":11,"enemies":"Cultist and Chosen","floor":28,"turns":4},{"damage":44,"enemies":"Collector","floor":33,"turns":7},{"damage":0,"enemies":"3 Shapes","floor":35,"turns":1}],"seed_played":"660283788108033797","potions_obtained":[{"floor":7,"key":"Dexterity Potion"},{"floor":14,"key":"AttackPotion"},{"floor":16,"key":"Explosive Potion"},{"floor":27,"key":"SkillPotion"},{"floor":33,"key":"SteroidPotion"}],"is_trial":false,"path_per_floor":["M","?","?","?","?","R","M","M","T","E","R","T","$","M","R","B",null,"M","?","?","M","$","E","R","?","T","M","M","R","?","$","R","B",null],"character_chosen":"THE_SILENT","items_purchased":["Happy Flower","Deadly Poison","Masterful Stab+1","Crippling Poison"],"campfire_rested":3,"item_purchase_floors":[13,22,22,31],"current_hp_per_floor":[70,70,56,49,49,49,49,49,49,26,26,26,26,26,47,47,70,69,56,50,50,50,25,47,47,47,40,29,29,29,29,51,19,75,75],"gold":126,"neow_bonus":"RANDOM_COMMON_RELIC","is_prod":false,"is_daily":false,"chose_seed":false,"campfire_upgraded":3,"win_rate":0,"timestamp":1533046709,"path_taken":["M","?","?","?","?","R","M","M","T","E","R","?","?","M","R","BOSS","M","?","?","M","$","E","R","?","T","M","M","R","?","$","R","BOSS","M"],"build_version":"2018-07-26","purchased_purges":0,"victory":false,"max_hp_per_floor":[70,70,70,70,70,70,70,70,70,70,70,70,70,70,70,70,70,70,75,75,75,75,75,75,75,75,75,75,75,75,75,75,75,75,75],"card_choices":[{"not_picked":["Acrobatics","Flying Knee"],"picked":"Poisoned Stab","floor":1},{"not_picked":["Escape Plan","Flying Knee"],"picked":"Blade Dance","floor":7},{"not_picked":["Eviscerate","Poisoned Stab"],"picked":"Catalyst","floor":8},{"not_picked":["Dagger Throw+1","Eviscerate+1"],"picked":"Noxious Fumes","floor":10},{"not_picked":["Underhanded Strike+1","Quick Slash+1","PiercingWail"],"picked":"Blur","floor":14},{"not_picked":["After Image","Malaise","Tools of the Trade"],"picked":"Envenom","floor":16},{"not_picked":["Flying Knee+1","Dagger Throw+1","Endless Agony+1"],"picked":"Poisoned Stab+1","floor":18},{"not_picked":["Backflip","Distraction","PiercingWail"],"picked":"Cloak And Dagger","floor":21},{"not_picked":["Riddle With Holes+1","Backflip","Tactician"],"picked":"Footwork","floor":23},{"not_picked":["Acrobatics","PiercingWail+1","Finisher+1"],"picked":"Noxious Fumes","floor":27},{"not_picked":["Quick Slash+1","Acrobatics","Backflip+1"],"picked":"Poisoned Stab+1","floor":28},{"not_picked":["Unload+1","Tools of the Trade","Storm of Steel"],"picked":"A Thousand Cuts","floor":33}],"player_experience":284045,"relics_obtained":[{"floor":9,"key":"Molten Egg 2"},{"floor":10,"key":"Tough Bandages"},{"floor":12,"key":"Question Card"},{"floor":23,"key":"Torii"},{"floor":26,"key":"Bag of Preparation"}],"event_choices":[{"event_name":"Bonfire Elementals","player_choice":"BASIC","floor":2,"damage_taken":0},{"event_name":"Shining Light","player_choice":"Entered Light","floor":3,"damage_taken":0},{"event_name":"Golden Wing","player_choice":"Card Removal","floor":4,"damage_taken":0},{"event_name":"Living Wall","player_choice":"Grow","floor":5,"damage_taken":0},{"event_name":"Forgotten Altar","player_choice":"Shed Blood","floor":19,"damage_taken":0},{"event_name":"Nest","player_choice":"Joined the Cult","floor":20,"damage_taken":0},{"event_name":"Beggar","player_choice":"Gave Gold","floor":25,"damage_taken":0},{"event_name":"The Mausoleum","player_choice":"Yes","floor":30,"damage_taken":0}],"is_beta":false,"boss_relics":[{"not_picked":["Sozu","Eternal Feather"],"picked":"HoveringKite"},{"not_picked":["Coffee Dripper","White Beast Statue"],"picked":"Empty Cage"}],"items_purged_floors":[],"is_endless":false,"potions_floor_spawned":[7,14,16,27,33],"killed_by":"3 Shapes","ascension_level":0}