{"gold_per_floor":[114,114,39,39,56,56,86,16,16,16,26,26,38,49,49,146,146,162,162,175,375,474,474,474],"floor_reached":24,"playtime":1594,"items_purged":["Defend_B"],"score":272,"play_id":"0375a375-3855-466f-a9bd-5e278c99d083","local_time":"20180711015307","is_ascension_mode":true,"campfire_choices":[{"data":"Zap","floor":6,"key":"SMITH"},{"data":"Dualcast","floor":12,"key":"SMITH"},{"floor":15,"key":"REST"},{"data":"Coolheaded","floor":23,"key":"SMITH"}],"neow_cost":"NONE","seed_source_timestamp":186859879778,"circlet_count":0,"master_deck":["Strike_B","Strike_B","Defend_B","Defend_B+1","Defend_B","Zap+1","Dualcast+1","Hologram+1","Go for the Eyes","Reboot","Coolheaded+1","Cold Snap","Capacitor","Go for the Eyes+1","Electrodynamics","Glacier","Coolheaded"],"relics":["Cracked Core","Happy Flower","Molten Egg 2","Snecko Eye"],"potions_floor_usage":[7,16,24,24],"damage_taken":[{"damage":0,"enemies":"2 Louse","floor":1,"turns":2},{"damage":7,"enemies":"Jaw Worm","floor":5,"turns":3},{"damage":31,"enemies":"Gremlin Nob","floor":7,"turns":4},{"damage":0,"enemies":"Cultist","floor":11,"turns":3},{"damage":0,"enemies":"Large Slime","floor":13,"turns":4},{"damage":10,"enemies":"Red Slaver","floor":14,"turns":3},{"damage":18,"enemies":"Hexaghost","floor":16,"turns":10},{"damage":1,"enemies":"Chosen","floor":18,"turns":6},{"damage":16,"enemies":"Spheric Guardian","floor":20,"turns":6},{"damage":54,"enemies":"Gremlin Leader","floor":24,"turns":7}],"seed_played":"2854849104002934730","potions_obtained":[{"floor":5,"key":"Fruit Juice"},{"floor":7,"key":"GamblersBrew"},{"floor":11,"key":"AttackPotion"},{"floor":16,"key":"Fire Potion"}],"is_trial":false,"path_per_floor":["M","?","$","?","M","R","E","$","T","?","M","R","M","M","R","B",null,"M","?","M","?","?","R"],"character_chosen":"DEFECT","items_purchased":["Coolheaded","Cold Snap"],"campfire_rested":1,"item_purchase_floors":[8,8],"current_hp_per_floor":[68,53,53,58,51,51,25,25,25,25,25,25,25,15,40,22,69,68,68,52,52,52,52,0],"gold":474,"neow_bonus":"REMOVE_CARD","is_prod":false,"is_daily":false,"chose_seed":false,"campfire_upgraded":3,"win_rate":0,"timestamp":1531266787,"path_taken":["M","?","?","?","M","R","E","$","T","?","M","R","M","M","R","BOSS","M","?","?","?","?","R","E"],"build_version":"2018-07-09","purchased_purges":1,"victory":false,"max_hp_per_floor":[75,75,75,80,80,80,85,85,85,85,85,85,85,85,85,85,85,85,85,85,85,85,85,85],"card_choices":[{"not_picked":["Gash","Rebound"],"picked":"Hologram","floor":1},{"not_picked":["Capacitor","White Noise"],"picked":"Go for the Eyes","floor":5},{"not_picked":["Coolheaded","Skim"],"picked":"Reboot","floor":7},{"not_picked":["Stack","Steam","Fusion"],"picked":"SKIP","floor":11},{"not_picked":["Redo","Tempest"],"picked":"Capacitor","floor":13},{"not_picked":["Compile Driver+1","Tempest"],"picked":"Go for the Eyes+1","floor":14},{"not_picked":["Machine Learning","Meteor Strike+1"],"picked":"Electrodynamics","floor":16},{"not_picked":["BootSequence+1","Leap+1"],"picked":"Glacier","floor":18},{"not_picked":["Undo","Aggregate"],"picked":"Coolheaded","floor":20}],"player_experience":304255,"relics_obtained":[{"floor":7,"key":"Happy Flower"},{"floor":9,"key":"Molten Egg 2"}],"event_choices":[{"event_name":"Shining Light","player_choice":"Entered Light","floor":2,"damage_taken":0},{"event_name":"Big Fish","player_choice":"Donut","floor":4,"damage_taken":0},{"event_name":"Wheel of Change","player_choice":"Card Removal","floor":10,"damage_taken":0},{"event_name":"Addict","player_choice":"Ignored","floor":19,"damage_taken":0},{"event_name":"The Joust","player_choice":"Bet on Owner","floor":21,"damage_taken":0},{"event_name":"Nest","player_choice":"Stole From Cult","floor":22,"damage_taken":0}],"boss_relics":[{"not_picked":["Fusion Hammer","White Beast Statue"],"picked":"Snecko Eye"}],"items_purged_floors":[3],"is_endless":false,"potions_floor_spawned":[5,7,11,16],"killed_by":"Gremlin Leader","ascension_level":8}