{"gold_per_floor":[114,189,204,204,219,251,251,263,263,294,304,315,315,27,27,128,128,144,144,144,1,21,21,54,54,54,54,69,69,86,106,106,205,205,222,147,165,219,233,233,233,233,233,247,258,273,292,309,309,309],"floor_reached":50,"playtime":3213,"items_purged":["Defend_B"],"score":478,"play_id":"fb6c694e-77b6-46f8-8d4c-e357949f0bf2","local_time":"20181126172209","is_ascension_mode":false,"campfire_choices":[{"data":"Zap","floor":7,"key":"SMITH"},{"data":"Defragment","floor":13,"key":"SMITH"},{"data":"Dualcast","floor":15,"key":"SMITH"},{"data":"Static Discharge","floor":23,"key":"SMITH"},{"data":"Consume","floor":29,"key":"SMITH"},{"floor":32,"key":"RECALL"},{"data":"Reboot","floor":40,"key":"SMITH"},{"data":"Conserve Battery","floor":42,"key":"SMITH"},{"floor":49,"key":"REST"}],"neow_cost":"NONE","seed_source_timestamp":1294594467114755,"circlet_count":0,"master_deck":["Strike_B","Strike_B+1","Defend_B","Defend_B","Zap+1","Dualcast+1","Go for the Eyes+1","BootSequence","Conserve Battery+1","Cold Snap","Self Repair","Rebound","Defragment+1","Core Surge","Heatsinks","Machine Learning","Consume+1","Melter","Static Discharge+1","Auto Shields","Electrodynamics","Aggregate+1","Reboot+1","White Noise","Storm+1","Parasite"],"relics":["Cracked Core","Lantern","Letter Opener","Torii","StoneCalendar","Incense Burner","Lizard Tail","Meat on the Bone","Inserter","Gambling Chip","Gremlin Horn"],"potions_floor_usage":[6,11,22,38,44,46,47,50,50,50],"damage_taken":[{"damage":1,"enemies":"Jaw Worm","floor":1,"turns":3},{"damage":0,"enemies":"2 Louse","floor":3,"turns":2},{"damage":0,"enemies":"Small Slimes","floor":5,"turns":3},{"damage":9,"enemies":"Gremlin Nob","floor":6,"turns":4},{"damage":0,"enemies":"Blue Slaver","floor":8,"turns":2},{"damage":15,"enemies":"3 Sentries","floor":10,"turns":6},{"damage":1,"enemies":"Exordium Thugs","floor":11,"turns":5},{"damage":0,"enemies":"Lots of Slimes","floor":12,"turns":4},{"damage":12,"enemies":"Slime Boss","floor":16,"turns":8},{"damage":0,"enemies":"Chosen","floor":18,"turns":4},{"damage":7,"enemies":"3 Byrds","floor":22,"turns":3},{"damage":40,"enemies":"Gremlin Leader","floor":24,"turns":7},{"damage":9,"enemies":"3 Cultists","floor":28,"turns":5},{"damage":1,"enemies":"Centurion and Healer","floor":30,"turns":5},{"damage":8,"enemies":"Snake Plant","floor":31,"turns":3},{"damage":46,"enemies":"Champ","floor":33,"turns":15},{"damage":1,"enemies":"Orb Walker","floor":35,"turns":3},{"damage":8,"enemies":"3 Shapes","floor":37,"turns":4},{"damage":48,"enemies":"2 Orb Walkers","floor":38,"turns":5},{"damage":36,"enemies":"Spire Growth","floor":39,"turns":5},{"damage":25,"enemies":"3 Darklings","floor":44,"turns":4},{"damage":0,"enemies":"Maw","floor":45,"turns":8},{"damage":31,"enemies":"Jaw Worm Horde","floor":46,"turns":5},{"damage":24,"enemies":"3 Darklings","floor":47,"turns":3},{"damage":27,"enemies":"Writhing Mass","floor":48,"turns":6},{"damage":78,"enemies":"Donu and Deca","floor":50,"turns":5}],"seed_played":"-6327454095832336103","potions_obtained":[{"floor":1,"key":"Strength Potion"},{"floor":10,"key":"Regen Potion"},{"floor":16,"key":"Explosive Potion"},{"floor":24,"key":"FearPotion"},{"floor":28,"key":"GamblersBrew"},{"floor":33,"key":"SkillPotion"},{"floor":39,"key":"Swift Potion"},{"floor":44,"key":"SneckoOil"},{"floor":46,"key":"Ancient Potion"},{"floor":48,"key":"Weak Potion"}],"is_trial":false,"path_per_floor":["M","?","M","?","M","E","R","M","T","E","M","M","R","$","R","B",null,"M","?","?","$","M","R","E","$","T","?","M","R","M","M","R","B",null,"M","$","M","?","M","R","?","R","T","M","M","M","M","M","R","B"],"character_chosen":"DEFECT","items_purchased":["Incense Burner","Melter","Static Discharge"],"campfire_rested":1,"item_purchase_floors":[14,21,21],"current_hp_per_floor":[74,63,63,48,48,39,39,39,39,24,42,49,49,49,49,44,75,75,75,75,75,75,75,42,42,42,67,65,65,71,70,70,43,75,74,74,73,44,27,27,27,27,27,14,33,21,49,41,63,0],"gold":309,"neow_bonus":"RANDOM_COMMON_RELIC","is_prod":false,"is_daily":false,"chose_seed":false,"campfire_upgraded":7,"win_rate":0,"timestamp":1543220529,"path_taken":["M","?","M","?","M","E","R","M","T","E","M","M","R","$","R","BOSS","M","?","?","$","?","R","E","?","T","?","M","R","M","M","R","BOSS","M","$","M","?","M","R","?","R","T","M","M","M","M","M","R","BOSS"],"build_version":"2018-11-15","purchased_purges":1,"victory":false,"max_hp_per_floor":[75,75,75,75,75,75,75,75,75,75,75,75,75,75,75,75,75,75,75,75,75,75,75,75,75,75,75,75,75,75,75,75,75,75,75,75,75,75,75,75,75,75,75,75,75,75,75,75,75,75],"card_choices":[{"not_picked":["Skim","Sweeping Beam"],"picked":"Go for the Eyes","floor":1},{"not_picked":["Sunder","Blizzard"],"picked":"BootSequence","floor":3},{"not_picked":["Loop","Cold Snap"],"picked":"Conserve Battery","floor":5},{"not_picked":["Darkness","Barrage"],"picked":"Cold Snap","floor":6},{"not_picked":["Turbo","Skim","Reprogram"],"picked":"SKIP","floor":8},{"not_picked":["Steam Power","Coolheaded"],"picked":"Self Repair","floor":10},{"not_picked":["Aggregate","Go for the Eyes"],"picked":"Rebound","floor":11},{"not_picked":["Genetic Algorithm","Streamline"],"picked":"Defragment","floor":12},{"not_picked":["Machine Learning","Thunder Strike"],"picked":"Core Surge","floor":16},{"not_picked":["Beam Cell+1","Sweeping Beam+1","Rip and Tear+1"],"picked":"SKIP","floor":18},{"not_picked":["Recycle","Darkness","Turbo"],"picked":"SKIP","floor":22},{"not_picked":["Reprogram","Coolheaded","Darkness"],"picked":"SKIP","floor":24},{"not_picked":["Turbo","Hologram","Scrape"],"picked":"SKIP","floor":28},{"not_picked":["Turbo","Hologram","Scrape"],"picked":"SKIP","floor":28},{"not_picked":["Heatsinks+1","Leap","Streamline"],"picked":"SKIP","floor":30},{"not_picked":["Sunder","Consume"],"picked":"Auto Shields","floor":31},{"not_picked":["Multi-Cast","Core Surge"],"picked":"Electrodynamics","floor":33},{"not_picked":["Capacitor+1","Aggregate","Hello World"],"picked":"SKIP","floor":35},{"not_picked":["Chill","Rebound+1","Beam Cell"],"picked":"SKIP","floor":37},{"not_picked":["Gash","Redo"],"picked":"Aggregate+1","floor":38},{"not_picked":["Barrage+1","Reprogram"],"picked":"Reboot","floor":39},{"not_picked":["Self Repair","Steam Power"],"picked":"White Noise","floor":44},{"not_picked":["Compile Driver+1","Conserve Battery","Coolheaded+1"],"picked":"SKIP","floor":45},{"not_picked":["Consume","Stack"],"picked":"Storm+1","floor":46},{"not_picked":["Beam Cell","Turbo","Gash"],"picked":"SKIP","floor":47},{"not_picked":["Redo","Hello World+1","Cold Snap"],"picked":"SKIP","floor":48}],"player_experience":59953,"relics_obtained":[{"floor":6,"key":"Letter Opener"},{"floor":9,"key":"Torii"},{"floor":10,"key":"StoneCalendar"},{"floor":24,"key":"Meat on the Bone"},{"floor":38,"key":"Gambling Chip"},{"floor":43,"key":"Gremlin Horn"}],"event_choices":[{"damage_healed":0,"gold_gain":75,"player_choice":"Gather Gold","damage_taken":11,"max_hp_gain":0,"max_hp_loss":0,"event_name":"World of Goop","floor":2,"gold_loss":0},{"damage_healed":0,"gold_gain":0,"player_choice":"Entered Light","damage_taken":15,"max_hp_gain":0,"max_hp_loss":0,"event_name":"Shining Light","floor":4,"gold_loss":0,"cards_upgraded":["Go for the Eyes","Strike_B"]},{"damage_healed":0,"gold_gain":0,"cards_transformed":["Strike_B","Defend_B"],"player_choice":"Became Test Subject","damage_taken":0,"max_hp_gain":0,"max_hp_loss":0,"event_name":"Drug Dealer","floor":19,"gold_loss":0,"cards_obtained":["Heatsinks","Machine Learning"]},{"damage_healed":0,"gold_gain":0,"player_choice":"1 cards matched","damage_taken":0,"max_hp_gain":0,"max_hp_loss":0,"event_name":"Match and Keep!","floor":20,"gold_loss":0,"cards_obtained":["Consume"]},{"damage_healed":25,"gold_gain":0,"player_choice":"Heal","damage_taken":0,"max_hp_gain":0,"max_hp_loss":0,"event_name":"The Library","floor":27,"gold_loss":0},{"damage_healed":0,"gold_gain":0,"player_choice":"Fight","damage_taken":0,"max_hp_gain":0,"max_hp_loss":0,"event_name":"Mysterious Sphere","floor":38,"gold_loss":0},{"cards_removed":["Strike_B"],"damage_healed":0,"gold_gain":0,"player_choice":"Offered Basic","damage_taken":0,"max_hp_gain":0,"max_hp_loss":0,"event_name":"Bonfire Elementals","floor":41,"gold_loss":0}],"is_beta":false,"boss_relics":[{"not_picked":["Eternal Feather","Tiny House"],"picked":"Lizard Tail"},{"not_picked":["Cursed Key","Black Star"],"picked":"Inserter"}],"items_purged_floors":[36],"is_endless":false,"potions_floor_spawned":[1,10,16,24,28,33,39,44,46,48],"killed_by":"Donu and Deca","ascension_level":0}