{"path_per_floor":["M","$","M","$","M","R","E","M","T","$","M","?","M","M","R","B",null,"M","?","M","?","M","M","R","T","T","R","$","?","E","M","R","B",null,"M","M","$","M","M","R","$","M","T","R","?","R","M","?","R"],"character_chosen":"THE_SILENT","items_purchased":["Noxious Fumes","Backflip","Cloak And Dagger","Lantern","Flying Knee","Glass Knife","Flash of Steel","Bronze Scales"],"gold_per_floor":[110,72,86,5,25,25,353,367,367,6,22,22,39,55,55,156,156,171,94,108,108,124,140,140,140,165,165,18,0,30,40,40,145,145,163,182,132,150,169,169,119,135,135,135,135,135,153,153,153,153],"floor_reached":50,"campfire_rested":5,"playtime":6558,"item_purchase_floors":[],"current_hp_per_floor":[70,70,66,66,66,66,54,48,62,62,62,45,33,17,42,24,84,75,75,51,51,8,8,33,33,33,58,58,58,47,18,43,30,84,82,79,79,70,67,84,84,82,82,82,82,82,62,83,83,0],"items_purged":["Strike_G","Strike_G"],"gold":153,"score":491,"play_id":"04ffaf1d-9ff7-4ec8-8908-7d5691657bab","local_time":"20180526235104","is_prod":false,"is_daily":false,"chose_seed":false,"is_ascension_mode":false,"campfire_upgraded":4,"win_rate":0.0,"timestamp":1527393064,"campfire_choices":[{"data":"Backflip","floor":6.0,"key":"SMITH"},{"floor":15,"key":"REST"},{"floor":24,"key":"REST"},{"floor":27,"key":"REST"},{"floor":32,"key":"REST"},{"floor":40,"key":"REST"},{"data":"Noxious Fumes","floor":44,"key":"SMITH"},{"data":"Adrenaline","floor":46,"key":"SMITH"},{"data":"Secret Weapon","floor":49,"key":"SMITH"}],"path_taken":["M","$","M","$","M","R","E","M","T","$","M","?","M","M","R","BOSS","M","?","?","?","M","M","R","?","T","R","?","?","E","?","R","BOSS","M","M","$","M","M","R","$","M","T","R","?","R","M","?","R","BOSS"],"build_version":"2018-05-24","seed_source_timestamp":499316668093419,"purchased_purges":2,"victory":false,"master_deck":["Defend_G","Defend_G","Defend_G","Defend_G","Defend_G","Strike_G","Strike_G","Strike_G","Survivor","Neutralize","Caltrops","Noxious Fumes+1","Footwork","Backflip+1","Cloak And Dagger","Malaise+1","Infinite Blades+1","Dagger Spray","Flying Knee","Glass Knife","Flash of Steel","Escape Plan","Crippling Poison","Quick Slash","After Image+1","All Out Attack","J.A.X.","Quick Slash","Riddle With Holes","Endless Agony","Dash","Dodge and Roll+1","Adrenaline+1","Choke","Secret Weapon+1","Writhe"],"max_hp_per_floor":[70,70,70,70,70,70,70,70,84,84,84,84,84,84,84,84,84,84,84,84,84,84,84,84,84,84,84,84,84,84,84,84,84,84,84,84,84,84,84,84,84,84,84,84,84,84,84,84,84,84],"relics":["Ring of the Snake","Snake Skull","Old Coin","Mango","Lantern","Sozu","Smiling Mask","Bag of Marbles","Bronze Scales","Prayer Wheel","Runic Pyramid","Orichalcum"],"card_choices":[{"not_picked":["Distraction","Prepared"],"picked":"Caltrops","floor":1.0},{"not_picked":["Underhanded Strike","Infinite Blades"],"picked":"Footwork","floor":3.0},{"not_picked":["Dodge and Roll","Dagger Throw"],"picked":"Malaise","floor":5.0},{"not_picked":["Dagger Throw","Malaise"],"picked":"Infinite Blades","floor":7},{"not_picked":["Blade Dance","Deadly Poison"],"picked":"Dagger Spray","floor":8},{"not_picked":["Poisoned Stab","Quick Slash"],"picked":"Escape Plan","floor":11},{"not_picked":["Dagger Throw","Malaise"],"picked":"Crippling Poison","floor":13},{"not_picked":["Corpse Explosion","Prepared"],"picked":"Quick Slash","floor":14},{"not_picked":["Grand Finale","Corpse Explosion"],"picked":"After Image","floor":16},{"not_picked":["Bane","Sucker Punch"],"picked":"All Out Attack","floor":18},{"not_picked":["Dagger Spray","Concentrate"],"picked":"Quick Slash","floor":20},{"not_picked":["Prepared","PiercingWail"],"picked":"Riddle With Holes","floor":22},{"not_picked":["Deflect","Finisher"],"picked":"Endless Agony","floor":23},{"not_picked":["Escape Plan+1","Bane"],"picked":"Dash","floor":30},{"not_picked":["Acrobatics","Night Terror"],"picked":"Dodge and Roll+1","floor":31},{"not_picked":["Cloak And Dagger","Distraction","Dagger Throw"],"picked":"SKIP","floor":31},{"not_picked":["Corpse Explosion","Grand Finale"],"picked":"Adrenaline","floor":33},{"not_picked":["Acrobatics","Outmaneuver","Dagger Spray+1"],"picked":"SKIP","floor":35},{"not_picked":["Predator","Acrobatics+1","Dagger Spray"],"picked":"SKIP","floor":35},{"not_picked":["Leg Sweep+1","Bouncing Flask+1","Flying Knee"],"picked":"SKIP","floor":36},{"not_picked":["Poisoned Stab+1","Flying Knee","Well Laid Plans"],"picked":"SKIP","floor":36},{"not_picked":["Dagger Spray+1","Deadly Poison","Deflect"],"picked":"SKIP","floor":38},{"not_picked":["Dagger Throw","Prepared+1","Underhanded Strike+1"],"picked":"SKIP","floor":38},{"not_picked":["Backflip+1","Expertise"],"picked":"Choke","floor":39},{"not_picked":["Footwork","Flying Knee+1","Endless Agony+1"],"picked":"SKIP","floor":39},{"not_picked":["Corpse Explosion","Sucker Punch+1","Crippling Poison"],"picked":"SKIP","floor":42},{"not_picked":["Catalyst+1","Dagger Throw","Well Laid Plans+1"],"picked":"SKIP","floor":42},{"not_picked":["Bandage Up","Master of Strategy"],"picked":"Secret Weapon","floor":45},{"not_picked":["Footwork","Underhanded Strike+1","Backflip"],"picked":"SKIP","floor":47},{"not_picked":["Flying Knee","Deadly Poison","Outmaneuver"],"picked":"SKIP","floor":47}],"player_experience":166799,"potions_floor_usage":[7,14,16],"damage_taken":[{"damage":0.0,"enemies":"2 Louse","floor":1.0,"turns":3.0},{"damage":4.0,"enemies":"Jaw Worm","floor":3.0,"turns":5.0},{"damage":0.0,"enemies":"Cultist","floor":5.0,"turns":5.0},{"damage":12,"enemies":"Lagavulin","floor":7,"turns":8},{"damage":6,"enemies":"Looter","floor":8,"turns":4},{"damage":0,"enemies":"Lots of Slimes","floor":11,"turns":3},{"damage":12,"enemies":"Large Slime","floor":13,"turns":6},{"damage":16,"enemies":"Exordium Thugs","floor":14,"turns":3},{"damage":18,"enemies":"Slime Boss","floor":16,"turns":10},{"damage":9,"enemies":"Chosen","floor":18,"turns":7},{"damage":24,"enemies":"Spheric Guardian","floor":20,"turns":5},{"damage":43,"enemies":"Cultist and Chosen","floor":22,"turns":7},{"damage":0,"enemies":"Snecko","floor":23,"turns":7},{"damage":11,"enemies":"Gremlin Leader","floor":30,"turns":7},{"damage":29,"enemies":"Snake Plant","floor":31,"turns":4},{"damage":13,"enemies":"Automaton","floor":33,"turns":11},{"damage":2,"enemies":"3 Darklings","floor":35,"turns":5},{"damage":3,"enemies":"3 Shapes","floor":36,"turns":6},{"damage":9,"enemies":"3 Darklings","floor":38,"turns":4},{"damage":3,"enemies":"Maw","floor":39,"turns":7},{"damage":2,"enemies":"Sphere and 2 Shapes","floor":42,"turns":6},{"damage":20,"enemies":"4 Shapes","floor":47,"turns":8},{"damage":86,"enemies":"Time Eater","floor":50,"turns":12}],"relics_obtained":[{"floor":7,"key":"Old Coin"},{"floor":9,"key":"Mango"},{"floor":25,"key":"Smiling Mask"},{"floor":26,"key":"Bag of Marbles"},{"floor":30,"key":"Prayer Wheel"},{"floor":43,"key":"Orichalcum"}],"event_choices":[{"event_name":"Shining Light","player_choice":"Entered Light","floor":12,"damage_taken":0},{"event_name":"Drug Dealer","player_choice":"Got JAXXED","floor":19,"damage_taken":0},{"event_name":"Upgrade Shrine","player_choice":"Upgraded","floor":21,"damage_taken":0},{"event_name":"Masked Bandits","player_choice":"Paid Bandits 18 gold","floor":29,"damage_taken":0},{"event_name":"SensoryStone","player_choice":"Memory 1","floor":45,"damage_taken":0},{"event_name":"Winding Halls","player_choice":"Writhe","floor":48,"damage_taken":0}],"boss_relics":[{"not_picked":["Snecko Eye","Black Star"],"picked":"Sozu"},{"not_picked":["Velvet Choker","Pandora\u0027s Box"],"picked":"Runic Pyramid"}],"items_purged_floors":[37,41],"potions_floor_spawned":[1,7,13,20,22,31,38,39],"seed_played":"-5025462489217673168","killed_by":"Time Eater","ascension_level":0,"potions_obtained":[{"floor":1.0,"key":"AttackPotion"},{"floor":7,"key":"PowerPotion"},{"floor":13,"key":"GamblersBrew"}],"is_trial":false}