{"gold_per_floor":[117,117,117,117,133,167,167,198,198,213,213],"floor_reached":11,"playtime":290,"items_purged":[],"score":207,"play_id":"68f4841e-0032-42ea-8881-1a4c867dce82","local_time":"20190201081006","is_ascension_mode":true,"campfire_choices":[{"data":"Creative AI","floor":7,"key":"SMITH"}],"neow_cost":"NONE","seed_source_timestamp":676182242469949,"circlet_count":0,"master_deck":["AscendersBane","Strike_B","Strike_B","Strike_B","Defend_B","Defend_B","Defend_B","Defend_B","Zap","Dualcast","Blizzard","Glacier","Creative AI+1","Buffer","Capacitor"],"relics":["Cracked Core","NeowsBlessing","Molten Egg 2","Dodecahedron","Bag of Preparation","Blood Vial"],"potions_floor_usage":[8],"damage_taken":[{"damage":0,"enemies":"Small Slimes","floor":1,"turns":1},{"damage":0,"enemies":"Jaw Worm","floor":5,"turns":1},{"damage":0,"enemies":"3 Sentries","floor":6,"turns":2},{"damage":32,"enemies":"Gremlin Nob","floor":8,"turns":4},{"damage":8,"enemies":"2 Louse","floor":10,"turns":4},{"damage":36,"enemies":"Lots of Slimes","floor":11,"turns":4}],"seed_played":"5548825803060458611","potions_obtained":[{"floor":1,"key":"Strength Potion"},{"floor":5,"key":"Fire Potion"},{"floor":10,"key":"SteroidPotion"}],"is_trial":false,"path_per_floor":["M","?","?","?","M","E","R","E","T","M","M"],"character_chosen":"DEFECT","items_purchased":[],"campfire_rested":0,"item_purchase_floors":[],"current_hp_per_floor":[64,46,69,69,69,69,69,37,37,31,0],"gold":213,"neow_bonus":"THREE_ENEMY_KILL","is_prod":false,"is_daily":false,"chose_seed":false,"campfire_upgraded":1,"win_rate":0,"timestamp":1549026606,"path_taken":["M","?","?","?","M","E","R","E","T","M","M"],"build_version":"2019-01-23","purchased_purges":0,"victory":false,"max_hp_per_floor":[71,71,71,71,71,71,71,71,71,71,71],"card_choices":[{"not_picked":["Double Energy","BootSequence"],"picked":"Blizzard","floor":1},{"not_picked":["Recycle","Ball Lightning+1"],"picked":"Glacier","floor":5},{"not_picked":["Fusion","Steam"],"picked":"Creative AI","floor":6},{"not_picked":["Hologram","Steam"],"picked":"Buffer","floor":8},{"not_picked":["Gash+1","Leap"],"picked":"Capacitor","floor":10}],"player_experience":2263495,"relics_obtained":[{"floor":6,"key":"Dodecahedron"},{"floor":8,"key":"Bag of Preparation"},{"floor":9,"key":"Blood Vial"}],"event_choices":[{"damage_healed":0,"gold_gain":0,"player_choice":"Success","damage_taken":18,"relics_obtained":["Molten Egg 2"],"max_hp_gain":0,"max_hp_loss":0,"event_name":"Scrap Ooze","floor":2,"gold_loss":0},{"damage_healed":23,"gold_gain":0,"player_choice":"Banana","damage_taken":0,"max_hp_gain":0,"max_hp_loss":0,"event_name":"Big Fish","floor":3,"gold_loss":0},{"cards_removed":["Strike_B"],"damage_healed":0,"gold_gain":0,"player_choice":"Purged","damage_taken":0,"max_hp_gain":0,"max_hp_loss":0,"event_name":"Purifier","floor":4,"gold_loss":0}],"is_beta":false,"boss_relics":[],"items_purged_floors":[],"is_endless":false,"potions_floor_spawned":[1,5,10],"killed_by":"Lots of Slimes","ascension_level":19}