{"gold_per_floor":[213,230,405,420,433,433,462,462,546,546,564,564,40,58,58,155,155,174,187,205,205,205,205,205,205,228,128,128,128,141,152,152,256,256,276,276,103,115,115,147,147,95,167,167,178,178,178,189,189,189],"floor_reached":51,"playtime":2041,"items_purged":["Strike_B","Doubt","Strike_B+1"],"score":675,"play_id":"ed5ed8a9-678f-49b7-babe-e41a97fad209","local_time":"20181105134532","is_ascension_mode":false,"campfire_choices":[{"floor":6.0,"key":"REST"},{"data":"Zap","floor":8.0,"key":"SMITH"},{"floor":12.0,"key":"REST"},{"floor":15.0,"key":"REST"},{"floor":23.0,"key":"REST"},{"floor":25.0,"key":"REST"},{"data":"Echo Form","floor":29.0,"key":"SMITH"},{"floor":32.0,"key":"REST"},{"data":"Echo Form","floor":41.0,"key":"SMITH"},{"data":"Fission","floor":44.0,"key":"SMITH"},{"data":"Defragment","floor":47.0,"key":"SMITH"},{"data":"Redo","floor":49.0,"key":"SMITH"}],"neow_cost":"NONE","seed_source_timestamp":2285068605599741,"circlet_count":0,"master_deck":["Strike_B+1","Defend_B+1","Defend_B+1","Defend_B+1","Defend_B+1","Zap+1","Dualcast","Leap","Leap","Doom and Gloom","Echo Form+1","Barrage+1","Leap","Echo Form+1","Redo+1","Streamline+1","Defragment+1","Necronomicurse","Meteor Strike+1","Fission+1","Conserve Battery+1","Turbo","Core Surge+1","Compile Driver+1"],"special_seed":0,"relics":["Cracked Core","Molten Egg 2","Tiny Chest","Shuriken","Medical Kit","Nuclear Battery","Necronomicon","Singing Bowl","Anchor","Blue Candle","Sozu","Vajra","Dodecahedron"],"potions_floor_usage":[50,50],"damage_taken":[{"damage":11.0,"enemies":"Jaw Worm","floor":1.0,"turns":3.0},{"damage":4.0,"enemies":"2 Louse","floor":2.0,"turns":2.0},{"damage":0.0,"enemies":"Small Slimes","floor":4.0,"turns":2.0},{"damage":7.0,"enemies":"Blue Slaver","floor":5.0,"turns":4.0},{"damage":28.0,"enemies":"Lagavulin","floor":7.0,"turns":7.0},{"damage":35.0,"enemies":"Exordium Thugs","floor":11.0,"turns":4.0},{"damage":12.0,"enemies":"2 Fungi Beasts","floor":14.0,"turns":4.0},{"damage":24.0,"enemies":"Slime Boss","floor":16.0,"turns":7.0},{"damage":13.0,"enemies":"Spheric Guardian","floor":18.0,"turns":4.0},{"damage":14.0,"enemies":"Chosen","floor":19.0,"turns":5.0},{"damage":9.0,"enemies":"Snecko","floor":20.0,"turns":5.0},{"damage":30.0,"enemies":"3 Cultists","floor":30.0,"turns":5.0},{"damage":8.0,"enemies":"Centurion and Healer","floor":31.0,"turns":4.0},{"damage":42.0,"enemies":"Champ","floor":33.0,"turns":8.0},{"damage":0.0,"enemies":"Orb Walker","floor":35.0,"turns":2.0},{"damage":3.0,"enemies":"3 Darklings","floor":38.0,"turns":6.0},{"damage":5.0,"enemies":"Giant Head","floor":40.0,"turns":7.0},{"damage":10.0,"enemies":"Maw","floor":45.0,"turns":6.0},{"damage":6.0,"enemies":"Spire Growth","floor":48.0,"turns":2.0},{"damage":57,"enemies":"Awakened One","floor":50,"turns":10}],"seed_played":"-4412390098364382410","potions_obtained":[{"floor":1.0,"key":"SteroidPotion"},{"floor":4.0,"key":"FairyPotion"},{"floor":5.0,"key":"Dexterity Potion"},{"floor":14.0,"key":"Dexterity Potion"},{"floor":30.0,"key":"Regen Potion"},{"floor":33.0,"key":"Weak Potion"}],"is_trial":false,"path_per_floor":["M","M","?","M","M","R","E","R","T","?","M","R","$","M","R","B",null,"M","M","M","?","?","R","T","R","T","$","T","R","M","M","R","B",null,"M","?","$","M","?","E","R","$","T","R","M","?","R","M","R","B",null],"character_chosen":"DEFECT","items_purchased":["Shuriken","Medical Kit","Turbo","Compile Driver+1"],"campfire_rested":6,"item_purchase_floors":[13,13,37,42],"current_hp_per_floor":[64,60,60,60,53,75,47,47,47,40,5,27,27,15,37,13,75,62,48,39,39,23,45,45,67,67,67,67,67,39,40,63,21,77,77,77,77,76,76,71,71,71,71,71,63,63,63,59,59,2],"gold":189,"neow_bonus":"HUNDRED_GOLD","is_prod":false,"is_daily":false,"chose_seed":false,"campfire_upgraded":6,"win_rate":0,"timestamp":1541443532,"path_taken":["M","M","?","M","M","R","E","R","T","?","M","R","$","M","R","BOSS","M","M","M","?","?","R","?","R","T","$","?","R","M","M","R","BOSS","M","?","$","M","?","E","R","?","T","R","M","?","R","M","R","BOSS"],"build_version":"2018-11-01","purchased_purges":3,"victory":true,"max_hp_per_floor":[75,75,75,75,75,75,75,75,75,75,75,75,75,75,75,75,75,75,75,75,75,75,75,75,75,75,75,75,75,77,77,77,77,77,77,77,77,79,79,79,79,79,79,79,81,77,77,79,79,79],"card_choices":[{"not_picked":["Storm","Cold Snap"],"picked":"Leap","floor":1.0},{"not_picked":["Steam Power","Hologram"],"picked":"Leap","floor":2.0},{"not_picked":["Conserve Battery","Hologram"],"picked":"Compile Driver","floor":4.0},{"not_picked":["Go for the Eyes","Auto Shields"],"picked":"Doom and Gloom","floor":5.0},{"not_picked":["Turbo","Aggregate"],"picked":"Echo Form","floor":7.0},{"not_picked":["Ball Lightning+1","Tempest"],"picked":"Barrage+1","floor":11.0},{"not_picked":["Gash+1","Beam Cell+1"],"picked":"Leap","floor":14.0},{"not_picked":["Rainbow","Biased Cognition"],"picked":"Echo Form","floor":16.0},{"not_picked":["Undo","Darkness"],"picked":"Redo","floor":18.0},{"not_picked":["Lockon+1","Barrage+1"],"picked":"Streamline+1","floor":19.0},{"not_picked":["Stack","Skim"],"picked":"Defragment","floor":20.0},{"not_picked":["Streamline+1","Chaos+1","Hologram"],"picked":"Singing Bowl","floor":30.0},{"not_picked":["Conserve Battery","Steam+1"],"picked":"Meteor Strike+1","floor":31.0},{"not_picked":["Amplify","Electrodynamics"],"picked":"Fission","floor":33.0},{"not_picked":["Leap+1","Barrage+1"],"picked":"Conserve Battery+1","floor":35.0},{"not_picked":["Self Repair","Heatsinks","Undo"],"picked":"Singing Bowl","floor":38.0},{"not_picked":["Force Field","Redo+1"],"picked":"Core Surge+1","floor":40.0},{"not_picked":["Turbo+1","Beam Cell+1","Coolheaded"],"picked":"Singing Bowl","floor":45.0},{"not_picked":["Storm+1","Steam+1","Turbo+1"],"picked":"Singing Bowl","floor":48.0}],"player_experience":1652765,"relics_obtained":[{"floor":7.0,"key":"Molten Egg 2"},{"floor":9.0,"key":"Tiny Chest"},{"floor":22.0,"key":"Necronomicon"},{"floor":24.0,"key":"Singing Bowl"},{"floor":26.0,"key":"Anchor"},{"floor":28.0,"key":"Blue Candle"},{"floor":40.0,"key":"Vajra"},{"floor":43.0,"key":"Dodecahedron"}],"event_choices":[{"damage_healed":0.0,"max_hp_gain":0.0,"max_hp_loss":0.0,"gold_gain":175.0,"event_name":"Liars Game","player_choice":"AGREE","floor":3.0,"gold_loss":0.0,"damage_taken":0.0,"cards_obtained":["Doubt"]},{"cards_removed":["Strike_B"],"damage_healed":0.0,"max_hp_gain":0.0,"max_hp_loss":0.0,"gold_gain":0.0,"event_name":"Golden Wing","player_choice":"Card Removal","floor":10.0,"gold_loss":0.0,"damage_taken":7.0},{"damage_healed":0.0,"max_hp_gain":0.0,"max_hp_loss":0.0,"gold_gain":0.0,"event_name":"Back to Basics","player_choice":"Simplicity","floor":21.0,"gold_loss":0.0,"damage_taken":0.0,"cards_upgraded":["Strike_B","Strike_B","Defend_B","Defend_B","Defend_B","Defend_B"]},{"damage_healed":0.0,"max_hp_gain":0.0,"max_hp_loss":0.0,"gold_gain":0.0,"event_name":"Cursed Tome","player_choice":"Obtained Book","floor":22.0,"gold_loss":0.0,"damage_taken":16.0},{"damage_healed":0.0,"max_hp_gain":0.0,"max_hp_loss":0.0,"gold_gain":0.0,"event_name":"Mysterious Sphere","player_choice":"Ignored","floor":36.0,"gold_loss":0.0,"damage_taken":0.0},{"cards_removed":["Compile Driver"],"damage_healed":0.0,"max_hp_gain":0.0,"max_hp_loss":0.0,"gold_gain":0.0,"event_name":"Falling","player_choice":"Removed Attack","floor":39.0,"gold_loss":0.0,"damage_taken":0.0},{"damage_healed":0.0,"max_hp_gain":0.0,"max_hp_loss":4.0,"gold_gain":0.0,"event_name":"Winding Halls","player_choice":"Max HP","floor":46.0,"gold_loss":0.0,"damage_taken":0.0}],"is_beta":false,"boss_relics":[{"not_picked":["Calling Bell","Runic Pyramid"],"picked":"Nuclear Battery"},{"not_picked":["FrozenCore","Eternal Feather"],"picked":"Sozu"}],"items_purged_floors":[13,27,37],"is_endless":false,"potions_floor_spawned":[1,4,5,14,30,33,38,45],"ascension_level":0}