{"gold_per_floor":[368,32,51,51,51,81,92,57,57,57,82,93,37,49,49,123,123,98,108,108,158,158,158,174,174,174,185,205,205,205,26,26,26],"floor_reached":33,"playtime":1893,"items_purged":["Parasite","Strike_B"],"score":510,"play_id":"50fd6b01-990b-4266-9493-d1e6006fc50a","local_time":"20190104074057","is_ascension_mode":true,"campfire_choices":[{"data":"Consume","floor":10.0,"key":"SMITH"},{"floor":15.0,"key":"REST"},{"floor":23.0,"key":"REST"},{"data":"Redo","floor":25.0,"key":"SMITH"},{"floor":32,"key":"REST"}],"neow_cost":"CURSE","seed_source_timestamp":0,"circlet_count":0,"master_deck":["AscendersBane","Strike_B","Strike_B","Strike_B","Defend_B","Defend_B","Defend_B","Defend_B","Zap","Dualcast","Undo","FTL","Coolheaded","Consume+1","Capacitor+1","Loop+1","Ball Lightning","Coolheaded","Coolheaded","Buffer+1","Blizzard","Defragment+1","Genetic Algorithm","Echo Form+1","Coolheaded","Redo+1","Heatsinks+1","Storm+1","Coolheaded","Blizzard"],"special_seed":0,"relics":["Cracked Core","Anchor","Frozen Egg 2","Cables","Kunai","Orrery","MutagenicStrength","Blood Vial"],"potions_floor_usage":[28],"damage_taken":[{"damage":2.0,"enemies":"2 Louse","floor":1.0,"turns":3.0},{"damage":1.0,"enemies":"Small Slimes","floor":3.0,"turns":4.0},{"damage":28.0,"enemies":"3 Sentries","floor":6.0,"turns":14.0},{"damage":2.0,"enemies":"Cultist","floor":7.0,"turns":3.0},{"damage":25.0,"enemies":"Lagavulin","floor":11.0,"turns":6.0},{"damage":0.0,"enemies":"Blue Slaver","floor":12.0,"turns":3.0},{"damage":6.0,"enemies":"Exordium Wildlife","floor":14.0,"turns":4.0},{"damage":16.0,"enemies":"The Guardian","floor":16.0,"turns":13.0},{"damage":31.0,"enemies":"2 Thieves","floor":18.0,"turns":5.0},{"damage":0.0,"enemies":"Chosen","floor":19.0,"turns":8.0},{"damage":4.0,"enemies":"Centurion and Healer","floor":24.0,"turns":14.0},{"damage":30,"enemies":"Chosen and Byrds","floor":27,"turns":8},{"damage":0,"enemies":"Snecko","floor":28,"turns":5},{"damage":56,"enemies":"Automaton","floor":33,"turns":6}],"seed_played":"3004167088243080950","potions_obtained":[{"floor":5.0,"key":"GamblersBrew"},{"floor":5.0,"key":"Swift Potion"},{"floor":6.0,"key":"GamblersBrew"},{"floor":7.0,"key":"Swift Potion"},{"floor":18.0,"key":"SpeedPotion"}],"is_trial":false,"path_per_floor":["M","$","M","?","?","E","M","?","T","R","E","M","$","M","R","B",null,"M","M","?","?","?","R","M","R","T","M","M","?","?","$","R","B"],"character_chosen":"DEFECT","items_purchased":["Anchor","FTL","Coolheaded","Blizzard"],"campfire_rested":3,"item_purchase_floors":[2,2,13,31],"current_hp_per_floor":[62,62,61,61,61,33,31,48,48,48,23,23,23,17,37,21,56,25,25,25,25,25,45,41,41,41,13,15,15,29,29,49,0],"gold":26,"neow_bonus":"TWO_FIFTY_GOLD","is_prod":false,"is_daily":false,"chose_seed":false,"campfire_upgraded":2,"win_rate":0,"timestamp":1546605657,"path_taken":["M","$","M","?","?","E","?","?","T","R","E","M","?","M","R","BOSS","M","M","?","?","?","R","M","R","T","M","?","?","?","?","R","BOSS"],"build_version":"2019-01-03v3","purchased_purges":2,"victory":false,"max_hp_per_floor":[71,68,68,68,68,68,68,68,68,68,68,68,68,68,68,68,68,68,68,68,68,68,68,68,68,68,68,68,68,68,68,68,68],"card_choices":[{"not_picked":["Gash","Go for the Eyes"],"picked":"Undo","floor":1.0},{"not_picked":["Steam","Barrage"],"picked":"Coolheaded","floor":3.0},{"not_picked":["Reinforced Body","Scrape"],"picked":"Consume","floor":6.0},{"not_picked":["Steam","Compile Driver"],"picked":"Capacitor+1","floor":7.0},{"not_picked":["Hologram","Reboot"],"picked":"Loop+1","floor":11.0},{"not_picked":["Scrape","Rip and Tear"],"picked":"Ball Lightning","floor":12.0},{"not_picked":["Sweeping Beam","Rip and Tear"],"picked":"Coolheaded","floor":14.0},{"not_picked":["Core Surge","Hyperbeam"],"picked":"Buffer+1","floor":16.0},{"not_picked":["Go for the Eyes","Static Discharge+1"],"picked":"Blizzard","floor":17.0},{"not_picked":["Force Field","Sunder"],"picked":"Defragment+1","floor":17.0},{"not_picked":["Fusion","Melter"],"picked":"Genetic Algorithm","floor":17.0},{"not_picked":["Hologram","Tempest"],"picked":"Echo Form+1","floor":17.0},{"not_picked":["Cold Snap","Go for the Eyes"],"picked":"Coolheaded","floor":17.0},{"not_picked":["Beam Cell","Stack","Leap"],"picked":"SKIP","floor":18.0},{"not_picked":["Ball Lightning","Hologram"],"picked":"Redo","floor":19.0},{"not_picked":["Self Repair+1","Go for the Eyes"],"picked":"Heatsinks+1","floor":24.0},{"not_picked":["Rainbow","Reprogram"],"picked":"Storm+1","floor":27},{"not_picked":["Hello World+1","Melter+1"],"picked":"Coolheaded","floor":28}],"player_experience":1995085,"relics_obtained":[{"floor":6.0,"key":"Frozen Egg 2"},{"floor":9.0,"key":"Cables"},{"floor":11.0,"key":"Kunai"},{"floor":26.0,"key":"Blood Vial"}],"event_choices":[{"damage_healed":0.0,"max_hp_gain":0.0,"max_hp_loss":0.0,"gold_gain":0.0,"event_name":"Shining Light","player_choice":"Ignored","floor":4.0,"gold_loss":0.0,"damage_taken":0.0},{"damage_healed":0.0,"max_hp_gain":0.0,"max_hp_loss":0.0,"gold_gain":0.0,"event_name":"Lab","player_choice":"Got Potions","floor":5.0,"gold_loss":0.0,"damage_taken":0.0},{"damage_healed":17.0,"max_hp_gain":0.0,"max_hp_loss":0.0,"gold_gain":0.0,"event_name":"The Cleric","player_choice":"Healed","floor":8.0,"gold_loss":35.0,"damage_taken":0.0},{"damage_healed":0.0,"max_hp_gain":0.0,"max_hp_loss":0.0,"gold_gain":0.0,"event_name":"Vampires","player_choice":"Ignored","floor":20.0,"gold_loss":0.0,"damage_taken":0.0},{"damage_healed":0.0,"max_hp_gain":0.0,"max_hp_loss":0.0,"gold_gain":50.0,"event_name":"Nest","player_choice":"Stole From Cult","floor":21.0,"gold_loss":0.0,"damage_taken":0.0},{"damage_healed":0.0,"max_hp_gain":0.0,"max_hp_loss":0.0,"gold_gain":0.0,"event_name":"Drug Dealer","player_choice":"Inject Mutagens","floor":22.0,"gold_loss":0.0,"damage_taken":0.0,"relics_obtained":["MutagenicStrength"]},{"damage_healed":0,"gold_gain":0,"player_choice":"Ignored","damage_taken":0,"max_hp_gain":0,"max_hp_loss":0,"event_name":"The Mausoleum","floor":29,"gold_loss":0},{"damage_healed":14,"gold_gain":0,"player_choice":"Heal","damage_taken":0,"max_hp_gain":0,"max_hp_loss":0,"event_name":"The Library","floor":30,"gold_loss":0}],"is_beta":false,"boss_relics":[{"not_picked":["Coffee Dripper","Runic Pyramid"],"picked":"Orrery"}],"items_purged_floors":[2,31],"is_endless":false,"potions_floor_spawned":[6,7,18,19],"killed_by":"Automaton","ascension_level":18}