{"gold_per_floor":[114,129,61,123,49,79,94,124,149,149,164,194,194,209,209,309,309,324,239,239,239,39,69,69,99,149,165,180,195,295,295,295,395,395,410,110,332,8,23,53,53,53,53,53,83,83,113,143,143,143],"floor_reached":51,"playtime":3004,"items_purged":[],"score":1265,"play_id":"98744a73-ab82-4ff4-8901-1f6e2b1a3730","local_time":"20181102203612","daily_mods":["SealedDeck","Flight","Careless"],"is_ascension_mode":false,"campfire_choices":[{"data":"Adrenaline","floor":10,"key":"SMITH"},{"data":"Noxious Fumes","floor":13,"key":"SMITH"},{"data":"Leg Sweep","floor":15,"key":"SMITH"},{"data":"Calculated Gamble","floor":24,"key":"SMITH"},{"data":"After Image","floor":32,"key":"SMITH"},{"data":"Poisoned Stab","floor":42,"key":"SMITH"},{"data":"Backstab","floor":44,"key":"SMITH"},{"data":"Calculated Gamble","floor":46,"key":"SMITH"},{"data":"Infinite Blades","floor":49,"key":"SMITH"}],"neow_cost":"","seed_source_timestamp":0,"circlet_count":0,"master_deck":["Predator","Dagger Throw","PiercingWail","Poisoned Stab+1","Poisoned Stab+1","Dagger Spray","Calculated Gamble+1","Deflect","Backflip","PiercingWail","Backstab+1","Leg Sweep+1","Adrenaline+1","Backflip","Noxious Fumes+1","After Image+1","Leg Sweep+1","Adrenaline+1","Doubt","Deadly Poison+1","Blur","Cloak And Dagger+1","Calculated Gamble+1","Catalyst+1","Acrobatics+1","Infinite Blades+1","Clumsy","Infinite Blades+1","Calculated Gamble+1","Malaise+1"],"special_seed":17837,"relics":["Ring of the Snake","Singing Bowl","Paper Crane","Sundial","Potion Belt","Snake Skull","Cursed Key","Mercury Hourglass","DollysMirror","Tough Bandages","Dream Catcher","Anchor","Red Mask","FossilizedHelix","Pantograph","FaceOfCleric","HoveringKite","Dead Branch","Toxic Egg 2","Mummified Hand","Dodecahedron","Tingsha","War Paint","Bird Faced Urn"],"potions_floor_usage":[12,40,50,50,50],"damage_taken":[{"damage":0,"enemies":"2 Louse","floor":1,"turns":2},{"damage":1,"enemies":"Jaw Worm","floor":2,"turns":3},{"damage":9,"enemies":"Lagavulin","floor":6,"turns":7},{"damage":0,"enemies":"Cultist","floor":7,"turns":2},{"damage":9,"enemies":"3 Sentries","floor":8,"turns":5},{"damage":0,"enemies":"Lots of Slimes","floor":11,"turns":2},{"damage":0,"enemies":"Gremlin Nob","floor":12,"turns":2},{"damage":0,"enemies":"3 Louse","floor":14,"turns":1},{"damage":0,"enemies":"Hexaghost","floor":16,"turns":6},{"damage":0,"enemies":"2 Thieves","floor":18,"turns":3},{"damage":0,"enemies":"Gremlin Leader","floor":23,"turns":4},{"damage":0,"enemies":"Book of Stabbing","floor":25,"turns":5},{"damage":0,"enemies":"Masked Bandits","floor":27,"turns":3},{"damage":0,"enemies":"3 Byrds","floor":28,"turns":2},{"damage":0,"enemies":"Shelled Parasite and Fungi","floor":29,"turns":4},{"damage":0,"enemies":"Colosseum Slavers","floor":30,"turns":4},{"damage":2,"enemies":"Colosseum Nobs","floor":30,"turns":4},{"damage":0,"enemies":"Champ","floor":33,"turns":9},{"damage":0,"enemies":"Orb Walker","floor":35,"turns":3},{"damage":0,"enemies":"3 Shapes","floor":39,"turns":3},{"damage":0,"enemies":"Nemesis","floor":40,"turns":7},{"damage":0,"enemies":"Giant Head","floor":45,"turns":4},{"damage":0,"enemies":"Reptomancer","floor":47,"turns":3},{"damage":0,"enemies":"Giant Head","floor":48,"turns":4},{"damage":0,"enemies":"Time Eater","floor":50,"turns":9}],"seed_played":"-6540096800640784622","potions_obtained":[{"floor":1,"key":"Explosive Potion"},{"floor":2,"key":"LiquidBronze"},{"floor":12,"key":"SpeedPotion"},{"floor":16,"key":"GhostInAJar"},{"floor":18,"key":"SkillPotion"},{"floor":25,"key":"GamblersBrew"},{"floor":27,"key":"EntropicBrew"},{"floor":40,"key":"Fire Potion"},{"floor":45,"key":"Ancient Potion"}],"is_trial":false,"path_per_floor":["M","M","$","?","?","E","M","E","T","R","M","E","R","M","R","B",null,"M","?","$","$","$","E","R","E","T","?","M","M","?","?","R","B",null,"M","$","?","$","M","E","?","R","T","R","E","R","E","E","R","B",null],"character_chosen":"THE_SILENT","items_purchased":["Leg Sweep","DollysMirror","Dead Branch","Toxic Egg 2","Catalyst+1"],"campfire_rested":0,"item_purchase_floors":[3,22,36,38,38],"current_hp_per_floor":[70,69,69,69,69,60,62,53,53,53,55,55,55,57,57,57,76,76,76,76,76,76,78,78,80,80,80,82,82,80,80,80,85,85,86,86,86,86,87,88,88,88,88,88,89,89,90,91,91,92],"gold":143,"neow_bonus":"","is_prod":false,"is_daily":true,"chose_seed":false,"campfire_upgraded":9,"win_rate":0,"timestamp":1541187372,"path_taken":["M","M","$","?","?","E","M","E","T","R","?","E","R","?","R","BOSS","M","?","$","$","$","E","R","E","T","?","?","M","?","?","R","BOSS","M","$","?","$","M","E","?","R","T","R","E","R","E","E","R","BOSS"],"build_version":"2018-11-01","purchased_purges":0,"victory":true,"max_hp_per_floor":[70,70,70,70,70,70,72,72,72,72,74,74,74,76,76,76,76,76,76,76,76,76,78,78,80,80,80,82,82,82,82,82,85,85,86,86,86,86,87,88,88,88,88,88,89,89,90,91,91,92],"card_choices":[{"not_picked":["Bouncing Flask","Outmaneuver","Poisoned Stab"],"picked":"SKIP","floor":1},{"not_picked":["Quick Slash","Flying Knee"],"picked":"Backstab","floor":2},{"not_picked":["Quick Slash","Backflip"],"picked":"Adrenaline","floor":6},{"not_picked":["Prepared","Sucker Punch","Blade Dance"],"picked":"Singing Bowl","floor":7},{"not_picked":["Blade Dance","Concentrate"],"picked":"Backflip","floor":8},{"not_picked":["Flying Knee","Setup","Bane"],"picked":"Singing Bowl","floor":11},{"not_picked":["Accuracy","Quick Slash"],"picked":"Noxious Fumes","floor":12},{"not_picked":["Sucker Punch","Flying Knee","Dagger Spray"],"picked":"Singing Bowl","floor":14},{"not_picked":["Wraith Form v2","Corpse Explosion"],"picked":"After Image","floor":16},{"not_picked":["Dagger Spray","Dash"],"picked":"Leg Sweep","floor":18},{"not_picked":["Corpse Explosion","Escape Plan","Dagger Spray"],"picked":"Singing Bowl","floor":23},{"not_picked":["Bane","Infinite Blades","Leg Sweep"],"picked":"Singing Bowl","floor":25},{"not_picked":["Quick Slash","Bane"],"picked":"Deadly Poison+1","floor":27},{"not_picked":["Deflect","Underhanded Strike+1","Terror"],"picked":"Singing Bowl","floor":28},{"not_picked":["Bane","Unload"],"picked":"Blur","floor":29},{"not_picked":["Underhanded Strike","Finisher"],"picked":"Cloak And Dagger","floor":30},{"not_picked":["Tools of the Trade","Unload","Doppelganger"],"picked":"Singing Bowl","floor":33},{"not_picked":["Deadly Poison","Noxious Fumes+1"],"picked":"Calculated Gamble","floor":35},{"not_picked":["PiercingWail+1","Bane"],"picked":"Acrobatics+1","floor":39},{"not_picked":["Deflect+1","All Out Attack"],"picked":"Infinite Blades+1","floor":40},{"not_picked":["Dodge and Roll+1","Leg Sweep+1"],"picked":"Infinite Blades","floor":45},{"not_picked":["Infinite Blades","Phantasmal Killer+1"],"picked":"Calculated Gamble+1","floor":47},{"not_picked":["Reflex+1","Flechettes"],"picked":"Malaise+1","floor":48}],"player_experience":1574228,"relics_obtained":[{"floor":6,"key":"Paper Crane"},{"floor":8,"key":"Sundial"},{"floor":9,"key":"Potion Belt"},{"floor":12,"key":"Snake Skull"},{"floor":23,"key":"Tough Bandages"},{"floor":25,"key":"Dream Catcher"},{"floor":26,"key":"Anchor"},{"floor":27,"key":"Red Mask"},{"floor":30,"key":"FossilizedHelix"},{"floor":30,"key":"Pantograph"},{"floor":40,"key":"Mummified Hand"},{"floor":43,"key":"Dodecahedron"},{"floor":45,"key":"Tingsha"},{"floor":47,"key":"War Paint"},{"floor":48,"key":"Bird Faced Urn"}],"event_choices":[{"damage_healed":0,"gold_gain":62,"player_choice":"Gained Gold","damage_taken":0,"max_hp_gain":0,"max_hp_loss":0,"event_name":"Golden Wing","floor":4,"gold_loss":0},{"damage_healed":0,"gold_gain":0,"player_choice":"Paid Gold","damage_taken":0,"relics_obtained":["Singing Bowl"],"max_hp_gain":0,"max_hp_loss":0,"event_name":"WeMeetAgain","floor":5,"gold_loss":74},{"damage_healed":0,"gold_gain":0,"player_choice":"Obtained Relic","damage_taken":0,"relics_obtained":["Mercury Hourglass"],"max_hp_gain":0,"max_hp_loss":0,"event_name":"Addict","floor":19,"gold_loss":85},{"damage_healed":0,"gold_gain":0,"player_choice":"Fought Bandits","damage_taken":0,"max_hp_gain":0,"max_hp_loss":0,"event_name":"Masked Bandits","floor":27,"gold_loss":0},{"damage_healed":0,"gold_gain":0,"player_choice":"Fight","damage_taken":0,"max_hp_gain":0,"max_hp_loss":0,"event_name":"Colosseum","floor":30,"gold_loss":0},{"damage_healed":0,"gold_gain":0,"player_choice":"Fought Nobs","damage_taken":0,"max_hp_gain":0,"max_hp_loss":0,"event_name":"Colosseum","floor":30,"gold_loss":0},{"damage_healed":0,"gold_gain":0,"player_choice":"Trade","damage_taken":0,"relics_obtained":["FaceOfCleric"],"max_hp_gain":0,"max_hp_loss":0,"event_name":"FaceTrader","floor":31,"gold_loss":0},{"damage_healed":0,"gold_gain":222,"player_choice":"Wore Mask","damage_taken":0,"max_hp_gain":0,"max_hp_loss":0,"event_name":"Tomb of Lord Red Mask","floor":37,"gold_loss":0},{"damage_healed":0,"gold_gain":0,"player_choice":"Upgraded","damage_taken":0,"max_hp_gain":0,"max_hp_loss":0,"event_name":"Upgrade Shrine","floor":41,"gold_loss":0,"cards_upgraded":["Poisoned Stab"]}],"is_beta":false,"boss_relics":[{"not_picked":["Runic Dome","Black Star"],"picked":"Cursed Key"},{"not_picked":["Calling Bell","Empty Cage"],"picked":"HoveringKite"}],"items_purged_floors":[],"is_endless":false,"potions_floor_spawned":[1,2,12,16,18,25,27,30,35,40,45,48],"ascension_level":0}