{"path_per_floor":["M","?","?","M","M","$","R","?","T","R","E","M","R","?","R","B",null,"M","$","?","M","$","R","E","?","T","$","M","M","R","T","R","B",null,"M","?","M"],"character_chosen":"IRONCLAD","items_purchased":["Shrug It Off","Bag of Marbles","Flex"],"gold_per_floor":[118,118,118,130,145,22,22,22,75,75,103,123,123,123,123,218,218,229,76,76,94,68,68,98,13,13,13,33,46,46,46,46,145,145,162,162,180,180],"floor_reached":38,"campfire_rested":2,"playtime":1112,"item_purchase_floors":[6,19,22],"current_hp_per_floor":[80,80,80,80,78,78,78,78,78,78,70,75,75,75,75,67,80,74,74,59,66,66,85,66,66,66,66,63,44,84,84,84,31,85,60,60,25,0],"items_purged":["Defend_R"],"gold":180,"score":390,"play_id":"2be50259-836e-4dd2-b3c2-7d9deca04cf1","local_time":"20180525204859","is_prod":false,"is_daily":false,"chose_seed":false,"is_ascension_mode":false,"campfire_upgraded":5,"win_rate":0.0,"timestamp":1527299339,"campfire_choices":[{"data":"Flex","floor":7,"key":"SMITH"},{"data":"Shrug It Off","floor":10,"key":"SMITH"},{"data":"Limit Break","floor":13,"key":"SMITH"},{"data":"Bash","floor":15,"key":"SMITH"},{"floor":23,"key":"REST"},{"floor":30,"key":"REST"},{"data":"Thunderclap","floor":32,"key":"SMITH"}],"path_taken":["M","?","?","?","M","$","R","?","T","R","E","M","R","?","R","BOSS","M","$","?","?","$","R","E","?","T","?","M","M","R","?","R","BOSS","M","?","M","?"],"build_version":"2018-05-24","seed_source_timestamp":243786455569920,"purchased_purges":1,"victory":false,"master_deck":["Strike_R","Strike_R","Strike_R+1","Strike_R+1","Defend_R","Defend_R","Bash+1","Spot Weakness+1","Flex+1","Shrug It Off+1","Limit Break+1","Clash","Thunderclap+1","Flex","Infernal Blade+1"],"max_hp_per_floor":[80,80,80,80,80,80,80,80,80,80,80,80,80,80,80,80,80,80,80,85,85,85,85,85,85,85,85,85,85,85,85,85,85,85,85,85,85,85],"relics":["Burning Blood","Regal Pillow","Whetstone","Runic Pyramid","Bag of Marbles","Dream Catcher","Question Card","Dodecahedron","Kunai","Black Star"],"card_choices":[{"not_picked":["Perfected Strike","Cleave"],"picked":"Spot Weakness","floor":0},{"not_picked":["Searing Blow","Perfected Strike","Corruption"],"picked":"SKIP","floor":1},{"not_picked":["Clothesline","True Grit"],"picked":"Flex","floor":4},{"not_picked":["Searing Blow","Feel No Pain","Disarm"],"picked":"SKIP","floor":5},{"not_picked":["Shockwave","Metallicize"],"picked":"Limit Break","floor":11},{"not_picked":["Twin Strike","Armaments"],"picked":"Clash","floor":12},{"not_picked":["Metallicize","Evolve+1","Body Slam+1"],"picked":"SKIP","floor":18},{"not_picked":["Armaments","Body Slam"],"picked":"Thunderclap","floor":21},{"not_picked":["Sword Boomerang","Heavy Blade","Perfected Strike"],"picked":"SKIP","floor":24},{"not_picked":["Heavy Blade","Intimidate","Twin Strike+1","Pommel Strike"],"picked":"SKIP","floor":28},{"not_picked":["Headbutt+1","Warcry","Burning Pact","Sword Boomerang+1"],"picked":"SKIP","floor":29},{"not_picked":["Armaments+1","Feel No Pain+1","Body Slam+1","Uppercut"],"picked":"SKIP","floor":35},{"not_picked":["True Grit","Cleave+1","Battle Trance"],"picked":"Infernal Blade+1","floor":37}],"player_experience":133639,"potions_floor_usage":[21,21,29,35],"damage_taken":[{"damage":0,"enemies":"2 Louse","floor":1,"turns":3},{"damage":1,"enemies":"Cultist","floor":4,"turns":4},{"damage":8,"enemies":"Jaw Worm","floor":5,"turns":4},{"damage":14,"enemies":"3 Sentries","floor":11,"turns":9},{"damage":1,"enemies":"Exordium Wildlife","floor":12,"turns":4},{"damage":14,"enemies":"The Guardian","floor":16,"turns":7},{"damage":12,"enemies":"Shell Parasite","floor":18,"turns":4},{"damage":16,"enemies":"Spheric Guardian","floor":21,"turns":5},{"damage":25,"enemies":"Gremlin Leader","floor":24,"turns":6},{"damage":9,"enemies":"Centurion and Healer","floor":28,"turns":4},{"damage":25,"enemies":"Snake Plant","floor":29,"turns":4},{"damage":59,"enemies":"Champ","floor":33,"turns":8},{"damage":31,"enemies":"Flame Bruiser 1 Orb","floor":35,"turns":7},{"damage":41,"enemies":"Orb Walker","floor":37,"turns":4},{"damage":39,"enemies":"3 Darklings","floor":38,"turns":2}],"relics_obtained":[{"floor":9,"key":"Regal Pillow"},{"floor":11,"key":"Whetstone"},{"floor":24,"key":"Dream Catcher"},{"floor":26,"key":"Dodecahedron"},{"floor":31,"key":"Kunai"}],"event_choices":[{"event_name":"Purifier","player_choice":"One Purge","floor":2,"damage_taken":0},{"event_name":"Accursed Blacksmith","player_choice":"Forge","floor":3,"damage_taken":0},{"event_name":"The Lab","player_choice":"Got Potions","floor":8,"damage_taken":0},{"event_name":"Golden Idol","player_choice":"Ignored","floor":14,"damage_taken":0},{"event_name":"Forgotten Altar","player_choice":"Shed Blood","floor":20,"damage_taken":0},{"event_name":"Addict","player_choice":"Obtained Relic","floor":25,"damage_taken":0}],"boss_relics":[{"not_picked":["Astrolabe","Philosopher\u0027s Stone"],"picked":"Runic Pyramid"},{"not_picked":["Runic Dome","Tiny House"],"picked":"Black Star"}],"items_purged_floors":[6],"potions_floor_spawned":[1,11,12,18,28,33],"seed_played":"-944131845519432153","killed_by":"3 Darklings","ascension_level":0,"potions_obtained":[{"floor":1,"key":"Regen Potion"},{"floor":8,"key":"FairyPotion"},{"floor":8,"key":"BloodPotion"},{"floor":28,"key":"LiquidBronze"},{"floor":33,"key":"SkillPotion"}],"is_trial":false}