{"gold_per_floor":[117,35,35,50,50,50,81,81,131,231,231,261,278,81,81,178,178,195,9,28,47,47,47,1,1,25,25,25,58,58,71,71,71],"floor_reached":33,"playtime":1287,"items_purged":["Strike_G","Strike_G"],"score":463,"play_id":"2b2ec53a-cd87-4c45-a0b3-8b31d357ce29","local_time":"20181030193901","is_ascension_mode":true,"campfire_choices":[{"data":"Neutralize","floor":6,"key":"SMITH"},{"data":"Noxious Fumes","floor":8,"key":"SMITH"},{"data":"Caltrops","floor":11,"key":"SMITH"},{"data":"Caltrops","floor":15,"key":"SMITH"},{"data":"PiercingWail","floor":23,"key":"SMITH"},{"data":"Dodge and Roll","floor":28,"key":"SMITH"},{"floor":32,"key":"REST"}],"neow_cost":"NONE","seed_source_timestamp":1785332998577181,"circlet_count":0,"master_deck":["Defend_G+1","Defend_G+1","Defend_G+1","Defend_G+1","Defend_G+1","Strike_G+1","Strike_G+1","Survivor","Neutralize+1","AscendersBane","Quick Slash","Caltrops+1","Dash","Noxious Fumes+1","Poisoned Stab","Sucker Punch","Caltrops+1","Cloak And Dagger","Unload","Backstab+1","Poisoned Stab","Leg Sweep","Bane","PiercingWail+1","Dodge and Roll+1","Deadly Poison","Calculated Gamble"],"relics":["Ring of the Snake","NeowsBlessing","Mango","Pear","Happy Flower","Juzu Bracelet","Eternal Feather","Centennial Puzzle","Red Mask"],"potions_floor_usage":[12,16,29,29],"damage_taken":[{"damage":0,"enemies":"Cultist","floor":1,"turns":1},{"damage":0,"enemies":"Small Slimes","floor":4,"turns":1},{"damage":0,"enemies":"Lagavulin","floor":7,"turns":1},{"damage":3,"enemies":"3 Sentries","floor":12,"turns":6},{"damage":7,"enemies":"Jaw Worm","floor":13,"turns":3},{"damage":28,"enemies":"The Guardian","floor":16,"turns":9},{"damage":13,"enemies":"Chosen","floor":18,"turns":4},{"damage":14,"enemies":"2 Thieves","floor":20,"turns":4},{"damage":14,"enemies":"Chosen and Byrds","floor":21,"turns":5},{"damage":41,"enemies":"Masked Bandits","floor":29,"turns":6},{"damage":14,"enemies":"Snecko","floor":31,"turns":5},{"damage":67,"enemies":"Automaton","floor":33,"turns":6}],"seed_played":"9134117959568575688","potions_obtained":[{"floor":1,"key":"Weak Potion"},{"floor":12,"key":"Explosive Potion"},{"floor":13,"key":"SpeedPotion"},{"floor":20,"key":"Weak Potion"}],"is_trial":false,"path_per_floor":["M","$","T","M","?","R","E","R","T","?","R","E","M","$","R","B",null,"M","$","M","M","?","R","$","?","T","$","R","?","?","M","R"],"character_chosen":"THE_SILENT","items_purchased":["Caltrops","Caltrops","Cloak And Dagger","Poisoned Stab","Leg Sweep","Dodge and Roll"],"campfire_rested":1,"item_purchase_floors":[2,14,14,19,19,24],"current_hp_per_floor":[63,63,77,77,82,82,92,92,92,92,92,89,82,82,82,54,88,75,75,61,47,47,62,62,62,62,62,77,36,36,22,66,0],"gold":71,"neow_bonus":"THREE_ENEMY_KILL","is_prod":false,"is_daily":false,"chose_seed":false,"campfire_upgraded":6,"win_rate":0,"timestamp":1540942741,"path_taken":["M","$","?","?","?","R","E","R","T","?","R","E","M","?","R","BOSS","M","$","M","M","?","R","$","?","T","?","R","?","?","M","R","BOSS"],"build_version":"2018-10-25v2","purchased_purges":2,"victory":false,"max_hp_per_floor":[70,70,84,84,89,89,99,99,99,99,99,99,99,99,99,99,99,99,99,99,99,99,99,99,99,99,99,99,99,99,99,99,99],"card_choices":[{"not_picked":["Crippling Poison","Deflect"],"picked":"Quick Slash","floor":1},{"not_picked":["Infinite Blades","Dagger Throw"],"picked":"Dash","floor":4},{"not_picked":["Bane","Choke"],"picked":"Noxious Fumes","floor":7},{"not_picked":["Infinite Blades","Riddle With Holes"],"picked":"Poisoned Stab","floor":12},{"not_picked":["Blade Dance","Prepared"],"picked":"Sucker Punch","floor":13},{"not_picked":["Phantasmal Killer","Venomology"],"picked":"Unload","floor":16},{"not_picked":["Sucker Punch+1","Bane"],"picked":"Backstab+1","floor":18},{"not_picked":["Infinite Blades","Expertise"],"picked":"Bane","floor":20},{"not_picked":["Dagger Throw","Riddle With Holes"],"picked":"PiercingWail","floor":21},{"not_picked":["Quick Slash","PiercingWail"],"picked":"Deadly Poison","floor":29},{"not_picked":["Expertise","Dagger Spray"],"picked":"Calculated Gamble","floor":31}],"player_experience":1608313,"relics_obtained":[{"floor":3,"key":"Mango"},{"floor":7,"key":"Pear"},{"floor":9,"key":"Happy Flower"},{"floor":12,"key":"Juzu Bracelet"},{"floor":26,"key":"Centennial Puzzle"},{"floor":29,"key":"Red Mask"}],"event_choices":[{"damage_healed":0,"gold_gain":0,"player_choice":"Donut","damage_taken":0,"max_hp_gain":5,"max_hp_loss":0,"event_name":"Big Fish","floor":5,"gold_loss":0},{"damage_healed":0,"gold_gain":100,"player_choice":"Gold","damage_taken":0,"max_hp_gain":0,"max_hp_loss":0,"event_name":"Wheel of Change","floor":10,"gold_loss":0},{"cards_removed":["Strike_G"],"damage_healed":0,"gold_gain":0,"player_choice":"Purged","damage_taken":0,"max_hp_gain":0,"max_hp_loss":0,"event_name":"Purifier","floor":25,"gold_loss":0},{"damage_healed":0,"gold_gain":0,"player_choice":"Fought Bandits","damage_taken":0,"max_hp_gain":0,"max_hp_loss":0,"event_name":"Masked Bandits","floor":29,"gold_loss":0},{"damage_healed":0,"gold_gain":0,"player_choice":"Simplicity","damage_taken":0,"max_hp_gain":0,"max_hp_loss":0,"event_name":"Back to Basics","floor":30,"gold_loss":0,"cards_upgraded":["Defend_G","Defend_G","Defend_G","Defend_G","Defend_G","Strike_G","Strike_G"]}],"is_beta":false,"boss_relics":[{"not_picked":["Pandora\u0027s Box","WristBlade"],"picked":"Eternal Feather"}],"items_purged_floors":[14,19],"is_endless":false,"potions_floor_spawned":[1,12,13,20],"killed_by":"Automaton","ascension_level":12}