{"gold_per_floor":[109,139,156,156,156,185,198,198,223,223,193,211,245,263,263,337,337,348,362,198,217,217,217,244,244,268,281,37,47,58,75,75,149,149,169,180,180,130,145,145],"floor_reached":40,"playtime":2059,"items_purged":["Strike_G"],"score":871,"play_id":"05bb7b4b-0fbe-4dbf-83c6-4f1b2a43e4bd","local_time":"20190208014606","is_ascension_mode":true,"campfire_choices":[{"data":"Footwork","floor":8.0,"key":"SMITH"},{"data":"Poisoned Stab","floor":10.0,"key":"SMITH"},{"floor":15.0,"key":"REST"},{"floor":23.0,"key":"REST"},{"data":"Noxious Fumes","floor":25.0,"key":"SMITH"},{"floor":32.0,"key":"REST"}],"neow_cost":"NONE","seed_source_timestamp":110127449309347,"circlet_count":0,"master_deck":["AscendersBane","Survivor","Neutralize+1","Poisoned Stab+1","Backflip","Backstab","Footwork+1","Escape Plan","Leg Sweep","Noxious Fumes+1","Night Terror","Backflip","Footwork","Clumsy","Glass Knife","PiercingWail","Backflip","Adrenaline","Dash","Dodge and Roll","Backflip","Dash","Venomology","Crippling Poison","Envenom","Blade Dance","Deflect","Backflip","Bane+1","Mayhem","Mind Blast+1","Enlightenment"],"special_seed":0,"relics":["Ring of the Snake","NeowsBlessing","Tiny Chest","Ginger","Lantern","Snake Skull","Bag of Marbles","Cursed Key","Oddly Smooth Stone","Orichalcum","Whetstone","Regal Pillow","Pandora\u0027s Box"],"potions_floor_usage":[40,40,40,40,40],"damage_taken":[{"damage":0.0,"enemies":"2 Louse","floor":1.0,"turns":1.0},{"damage":0.0,"enemies":"Jaw Worm","floor":3.0,"turns":1.0},{"damage":0.0,"enemies":"3 Sentries","floor":6.0,"turns":1.0},{"damage":4.0,"enemies":"Small Slimes","floor":7.0,"turns":3.0},{"damage":18.0,"enemies":"Exordium Thugs","floor":12.0,"turns":5.0},{"damage":1.0,"enemies":"Lagavulin","floor":13.0,"turns":4.0},{"damage":6.0,"enemies":"2 Fungi Beasts","floor":14.0,"turns":3.0},{"damage":1.0,"enemies":"The Guardian","floor":16.0,"turns":8.0},{"damage":5.0,"enemies":"Shell Parasite","floor":18.0,"turns":6.0},{"damage":1.0,"enemies":"3 Byrds","floor":19.0,"turns":6.0},{"damage":11.0,"enemies":"3 Cultists","floor":21.0,"turns":7.0},{"damage":9.0,"enemies":"Gremlin Leader","floor":24.0,"turns":9.0},{"damage":16.0,"enemies":"Snake Plant","floor":27.0,"turns":4.0},{"damage":12.0,"enemies":"Shelled Parasite and Fungi","floor":29.0,"turns":7.0},{"damage":0.0,"enemies":"Snecko","floor":30.0,"turns":4.0},{"damage":0.0,"enemies":"Centurion and Healer","floor":31.0,"turns":5.0},{"damage":3.0,"enemies":"Champ","floor":33.0,"turns":16.0},{"damage":23.0,"enemies":"3 Darklings","floor":35.0,"turns":7.0},{"damage":3.0,"enemies":"Orb Walker","floor":36.0,"turns":7.0},{"damage":2.0,"enemies":"4 Shapes","floor":39.0,"turns":6.0},{"damage":26,"enemies":"Giant Head","floor":40,"turns":5}],"seed_played":"-4266459854649090726","potions_obtained":[{"floor":11.0,"key":"SneckoOil"},{"floor":11.0,"key":"SteroidPotion"},{"floor":12.0,"key":"Strength Potion"},{"floor":13.0,"key":"Poison Potion"},{"floor":16.0,"key":"LiquidBronze"},{"floor":19.0,"key":"SpeedPotion"},{"floor":27.0,"key":"SkillPotion"},{"floor":29.0,"key":"Swift Potion"},{"floor":31.0,"key":"SpeedPotion"}],"is_trial":false,"path_per_floor":["M","?","M","T","?","E","M","R","T","R","?","M","E","M","R","B",null,"M","M","$","M","?","R","E","R","T","M","$","M","M","M","R","B",null,"M","M","?","?","M","E"],"character_chosen":"THE_SILENT","items_purchased":["Oddly Smooth Stone","Regal Pillow"],"campfire_rested":3,"item_purchase_floors":[20,28],"current_hp_per_floor":[59,41,41,41,41,41,37,37,37,37,37,19,18,12,31,30,57,52,51,51,40,22,43,34,34,34,18,18,6,6,6,42,39,63,40,37,27,27,25,0],"gold":145,"neow_bonus":"THREE_ENEMY_KILL","is_prod":false,"is_daily":false,"chose_seed":false,"campfire_upgraded":3,"win_rate":0,"timestamp":1549586766,"path_taken":["M","?","M","?","?","E","?","R","T","R","?","M","E","M","R","BOSS","M","?","$","M","?","R","E","R","T","M","$","M","M","M","R","BOSS","M","M","?","?","?","E"],"build_version":"2019-01-23","purchased_purges":1,"victory":false,"max_hp_per_floor":[66,66,66,66,66,66,66,66,66,66,66,66,66,66,66,66,66,66,66,66,66,71,71,71,71,71,71,71,71,71,71,71,71,71,71,71,71,71,71,71],"card_choices":[{"not_picked":["Outmaneuver","Concentrate"],"picked":"Poisoned Stab","floor":1.0},{"not_picked":["Calculated Gamble","Outmaneuver"],"picked":"Backflip","floor":3.0},{"not_picked":["Deflect","Outmaneuver"],"picked":"Backstab","floor":6.0},{"not_picked":["Reflex","Underhanded Strike"],"picked":"Footwork","floor":7.0},{"not_picked":["Slice","Outmaneuver"],"picked":"Escape Plan","floor":12.0},{"not_picked":["Flying Knee","Sucker Punch"],"picked":"Leg Sweep","floor":13.0},{"not_picked":["Dodge and Roll","Footwork"],"picked":"Noxious Fumes","floor":14.0},{"not_picked":["Grand Finale","Unload"],"picked":"Night Terror","floor":16.0},{"not_picked":["Sucker Punch","Acrobatics","Flechettes"],"picked":"SKIP","floor":18.0},{"not_picked":["Blade Dance","Poisoned Stab"],"picked":"Backflip","floor":19.0},{"not_picked":["Reflex","Poisoned Stab","Acrobatics"],"picked":"SKIP","floor":21.0},{"not_picked":["Blade Dance","Prepared"],"picked":"Footwork","floor":24.0},{"not_picked":["Dagger Throw+1","PiercingWail"],"picked":"Glass Knife","floor":27.0},{"not_picked":["Acrobatics","Blade Dance","Dodge and Roll+1"],"picked":"SKIP","floor":29.0},{"not_picked":["Blade Dance","Sucker Punch+1"],"picked":"PiercingWail","floor":30.0},{"not_picked":["Flying Knee","Underhanded Strike"],"picked":"Backflip","floor":31.0},{"not_picked":["Night Terror","Phantasmal Killer"],"picked":"Adrenaline","floor":33.0},{"not_picked":["Heel Hook+1","Endless Agony"],"picked":"Backflip","floor":35.0},{"not_picked":["Terror","Flying Knee+1"],"picked":"Bane+1","floor":36.0},{"not_picked":["The Bomb","Dramatic Entrance"],"picked":"Mayhem","floor":37.0},{"not_picked":["Finesse","Enlightenment"],"picked":"Mind Blast","floor":37.0},{"not_picked":["Jack Of All Trades","Deep Breath"],"picked":"Enlightenment","floor":37.0},{"not_picked":["Slice","Dagger Throw","Choke"],"picked":"SKIP","floor":39.0}],"player_experience":1369320,"relics_obtained":[{"floor":4.0,"key":"Ginger"},{"floor":6.0,"key":"Lantern"},{"floor":9.0,"key":"Snake Skull"},{"floor":13.0,"key":"Bag of Marbles"},{"floor":24.0,"key":"Orichalcum"},{"floor":26.0,"key":"Whetstone"}],"event_choices":[{"damage_healed":0.0,"max_hp_gain":0.0,"max_hp_loss":0.0,"gold_gain":0.0,"event_name":"Scrap Ooze","player_choice":"Success","floor":2.0,"gold_loss":0.0,"damage_taken":18.0,"relics_obtained":["Tiny Chest"]},{"damage_healed":0.0,"max_hp_gain":0.0,"max_hp_loss":0.0,"gold_gain":0.0,"event_name":"Upgrade Shrine","player_choice":"Upgraded","floor":5.0,"gold_loss":0.0,"damage_taken":0.0,"cards_upgraded":["Neutralize"]},{"damage_healed":0.0,"max_hp_gain":0.0,"max_hp_loss":0.0,"gold_gain":0.0,"event_name":"The Woman in Blue","player_choice":"Bought 2 Potions","floor":11.0,"gold_loss":0.0,"damage_taken":0.0},{"damage_healed":0.0,"max_hp_gain":5.0,"max_hp_loss":0.0,"gold_gain":0.0,"event_name":"Forgotten Altar","player_choice":"Shed Blood","floor":22.0,"gold_loss":0.0,"damage_taken":23.0},{"damage_healed":0.0,"max_hp_gain":0.0,"max_hp_loss":0.0,"gold_gain":0.0,"event_name":"SensoryStone","player_choice":"Memory 3","floor":37.0,"gold_loss":0.0,"damage_taken":10.0},{"damage_healed":0.0,"max_hp_gain":0.0,"max_hp_loss":0.0,"gold_gain":0.0,"event_name":"Designer","player_choice":"Upgrade","floor":38.0,"gold_loss":50.0,"damage_taken":0.0,"cards_upgraded":["Mind Blast"]}],"is_beta":false,"boss_relics":[{"not_picked":["Tiny House","Empty Cage"],"picked":"Cursed Key"},{"not_picked":["Ring of the Serpent","Velvet Choker"],"picked":"Pandora\u0027s Box"}],"items_purged_floors":[28],"is_endless":false,"potions_floor_spawned":[12,13,16,19,27,29,31],"killed_by":"Giant Head","ascension_level":18}