{"path_per_floor":["M","?","?","M","M","E","R","?","T","R","E","R","M","M","R","B",null,"M","$","M","?","?","R","E","M","T","$","R","T","E","M","R"],"character_chosen":"IRONCLAD","items_purchased":["Dodecahedron","Molten Egg 2"],"gold_per_floor":[111,111,111,130,141,170,170,270,270,270,303,303,320,340,340,444,444,454,212,226,226,226,226,256,272,272,19,19,43,73,83,83,83],"floor_reached":33,"campfire_rested":1,"playtime":1865,"item_purchase_floors":[19,27],"current_hp_per_floor":[80,80,80,80,80,60,60,60,60,60,50,50,55,61,61,31,80,85,85,81,81,65,65,43,39,39,39,39,39,31,22,49,0],"items_purged":["Strike_R","Strike_R"],"gold":83,"score":333,"play_id":"f0616a3b-e175-43db-a96d-ce06a8551a10","local_time":"20180611113741","is_prod":false,"is_daily":false,"chose_seed":false,"is_ascension_mode":true,"campfire_upgraded":6,"win_rate":0,"timestamp":1528709861,"campfire_choices":[{"data":"Clothesline","floor":7.0,"key":"SMITH"},{"data":"Bash","floor":10.0,"key":"SMITH"},{"data":"Intimidate","floor":12.0,"key":"SMITH"},{"data":"Clash","floor":15.0,"key":"SMITH"},{"data":"Reaper","floor":23,"key":"SMITH"},{"data":"Iron Wave","floor":28,"key":"SMITH"},{"floor":32,"key":"REST"}],"path_taken":["M","?","?","M","?","E","R","?","T","R","E","R","M","M","R","BOSS","M","$","M","?","?","R","E","?","T","$","R","?","E","M","R","BOSS"],"build_version":"2018-06-08","seed_source_timestamp":0,"purchased_purges":2,"victory":false,"master_deck":["Strike_R","Strike_R","Defend_R","Defend_R","Defend_R","Defend_R","Bash+1","Intimidate+1","Clash+1","Warcry","Clothesline+1","Clash+1","Clash","Twin Strike","Reaper+1","Pommel Strike+1","Feel No Pain+1","Clash+1","Iron Wave+1","Pommel Strike+1","Heavy Blade+1","Inflame"],"max_hp_per_floor":[80,80,80,80,80,80,80,80,80,80,80,80,80,80,80,80,80,85,85,85,85,90,90,90,90,90,90,90,90,90,90,90,90],"relics":["Burning Blood","Shuriken","Smiling Mask","The Courier","Sozu","Dodecahedron","Ginger","Bottled Lightning","Molten Egg 2","Orichalcum","Whetstone"],"card_choices":[{"not_picked":["Carnage","Cleave"],"picked":"Intimidate","floor":1.0},{"not_picked":["Power Through","Flex"],"picked":"Clash","floor":4.0},{"not_picked":["Twin Strike","Cleave"],"picked":"Warcry","floor":5.0},{"not_picked":["Sever Soul","Juggernaut"],"picked":"Clothesline","floor":6.0},{"not_picked":["Anger","Searing Blow"],"picked":"Clash","floor":11.0},{"not_picked":["Thunderclap","Rupture"],"picked":"Clash","floor":13.0},{"not_picked":["Thunderclap","Reckless Charge"],"picked":"Twin Strike","floor":14.0},{"not_picked":["Demon Form","Impervious"],"picked":"Reaper","floor":16},{"not_picked":["Sword Boomerang","Iron Wave"],"picked":"Pommel Strike+1","floor":18},{"not_picked":["Sever Soul+1","Heavy Blade+1"],"picked":"Feel No Pain+1","floor":20},{"not_picked":["Shrug It Off","Heavy Blade"],"picked":"Iron Wave","floor":24},{"not_picked":["Combust","Feel No Pain"],"picked":"Pommel Strike+1","floor":25},{"not_picked":["Offering","Corruption"],"picked":"Heavy Blade+1","floor":30},{"not_picked":["True Grit","Anger+1"],"picked":"Inflame","floor":31}],"player_experience":74679,"potions_floor_usage":[18],"damage_taken":[{"damage":2.0,"enemies":"Small Slimes","floor":1.0,"turns":4.0},{"damage":3.0,"enemies":"Jaw Worm","floor":4.0,"turns":3.0},{"damage":0.0,"enemies":"2 Louse","floor":5.0,"turns":2.0},{"damage":26.0,"enemies":"Gremlin Nob","floor":6.0,"turns":4.0},{"damage":16.0,"enemies":"Lagavulin","floor":11.0,"turns":6.0},{"damage":1.0,"enemies":"Large Slime","floor":13.0,"turns":2.0},{"damage":0.0,"enemies":"Gremlin Gang","floor":14.0,"turns":3.0},{"damage":36,"enemies":"The Guardian","floor":16,"turns":9},{"damage":5,"enemies":"Spheric Guardian","floor":18,"turns":3},{"damage":10,"enemies":"2 Thieves","floor":20,"turns":3},{"damage":32,"enemies":"Slavers","floor":24,"turns":5},{"damage":10,"enemies":"Snake Plant","floor":25,"turns":2},{"damage":14,"enemies":"Gremlin Leader","floor":30,"turns":5},{"damage":25,"enemies":"Centurion and Healer","floor":31,"turns":4},{"damage":81,"enemies":"Automaton","floor":33,"turns":6}],"relics_obtained":[{"floor":6.0,"key":"Shuriken"},{"floor":9.0,"key":"Smiling Mask"},{"floor":11.0,"key":"The Courier"},{"floor":24,"key":"Ginger"},{"floor":26,"key":"Bottled Lightning"},{"floor":29,"key":"Orichalcum"},{"floor":30,"key":"Whetstone"}],"event_choices":[{"event_name":"Liars Game","player_choice":"disagreed","floor":2.0,"damage_taken":0.0},{"event_name":"The Woman in Blue","player_choice":"Bought 0 Potions","floor":3.0,"damage_taken":0.0},{"event_name":"Golden Shrine","player_choice":"Pray","floor":8.0,"damage_taken":0.0},{"event_name":"The Library","player_choice":"Read","floor":21,"damage_taken":0},{"event_name":"Forgotten Altar","player_choice":"Shed Blood","floor":22,"damage_taken":0}],"boss_relics":[{"not_picked":["Astrolabe","Snecko Eye"],"picked":"Sozu"}],"items_purged_floors":[19,27],"potions_floor_spawned":[1,11,13,16,20,24,31],"seed_played":"5148349518319916584","killed_by":"Automaton","ascension_level":1,"potions_obtained":[{"floor":1.0,"key":"FearPotion"},{"floor":11.0,"key":"Energy Potion"},{"floor":13.0,"key":"Fire Potion"},{"floor":16,"key":"Fruit Juice"}],"is_trial":false}