{"gold_per_floor":[99,60,60,60,60,60,60,60,60,60,60],"floor_reached":11,"playtime":449,"items_purged":[],"score":124,"play_id":"8d8f8628-b2d4-4295-960f-d3712898e636","local_time":"20181021213921","is_ascension_mode":true,"campfire_choices":[{"data":"Zap","floor":6,"key":"SMITH"},{"floor":10,"key":"REST"}],"neow_cost":"NONE","seed_source_timestamp":1015900413684150,"circlet_count":0,"master_deck":["Strike_B","Strike_B","Strike_B","Strike_B","Defend_B","Defend_B","Defend_B","Defend_B","Zap+1","Dualcast","AscendersBane","BootSequence","Defragment","Chill","Conserve Battery","Hologram"],"relics":["Ectoplasm","Letter Opener","Blood Vial"],"potions_floor_usage":[3],"damage_taken":[{"damage":0,"enemies":"Cultist","floor":1,"turns":3},{"damage":0,"enemies":"Small Slimes","floor":3,"turns":2},{"damage":24,"enemies":"Lagavulin","floor":7,"turns":8},{"damage":0,"enemies":"Jaw Worm","floor":8,"turns":3},{"damage":69,"enemies":"Gremlin Nob","floor":11,"turns":5}],"seed_played":"-2285076436057558881","potions_obtained":[{"floor":1,"key":"AttackPotion"}],"is_trial":false,"path_per_floor":["M","$","M","?","?","R","E","M","T","R"],"character_chosen":"DEFECT","items_purchased":["Defragment"],"campfire_rested":1,"item_purchase_floors":[2],"current_hp_per_floor":[64,64,64,69,69,69,45,45,45,67,0],"gold":60,"neow_bonus":"BOSS_RELIC","is_prod":false,"is_daily":false,"chose_seed":false,"campfire_upgraded":1,"win_rate":0,"timestamp":1540172361,"path_taken":["M","$","M","?","?","R","E","M","T","R","E"],"build_version":"2018-10-18","purchased_purges":0,"victory":false,"max_hp_per_floor":[71,71,71,76,76,76,76,76,76,76,76],"card_choices":[{"not_picked":["Self Repair","Turbo"],"picked":"BootSequence","floor":1},{"not_picked":["Cold Snap","Rebound"],"picked":"Chill","floor":3},{"not_picked":["Barrage","Static Discharge"],"picked":"Conserve Battery","floor":7},{"not_picked":["Go for the Eyes","Beam Cell"],"picked":"Hologram","floor":8}],"player_experience":1554585,"relics_obtained":[{"floor":7,"key":"Letter Opener"},{"floor":9,"key":"Blood Vial"}],"event_choices":[{"damage_healed":0,"gold_gain":0,"player_choice":"Donut","damage_taken":0,"max_hp_gain":5,"max_hp_loss":0,"event_name":"Big Fish","floor":4,"gold_loss":0},{"damage_healed":0,"gold_gain":0,"player_choice":"Ignored","damage_taken":0,"max_hp_gain":0,"max_hp_loss":0,"event_name":"Shining Light","floor":5,"gold_loss":0}],"is_beta":false,"boss_relics":[],"items_purged_floors":[],"is_endless":false,"potions_floor_spawned":[1],"killed_by":"Gremlin Nob","ascension_level":15}