{"gold_per_floor":[116,38,38,48,68,68,96,61,61,61,77,107,28,28,28,132,132,150,150,75,25,26,26,37,37,61,61,61,95,107,107,107,212,212,223,233,247,15,15,15,25,25,50,50],"floor_reached":44,"playtime":2786,"items_purged":[],"score":694,"play_id":"b41df691-60de-4156-b58b-e3037a7f3a40","local_time":"20180914095149","is_ascension_mode":true,"campfire_choices":[{"data":"Cloak And Dagger","floor":6,"key":"SMITH"},{"data":"Neutralize","floor":10,"key":"SMITH"},{"floor":15,"key":"REST"},{"data":"Cloak And Dagger","floor":23,"key":"SMITH"},{"data":"Infinite Blades","floor":25,"key":"SMITH"},{"data":"Choke","floor":27,"key":"SMITH"},{"data":"Footwork","floor":32,"key":"SMITH"},{"floor":40,"key":"REST"},{"data":"Noxious Fumes","floor":42,"key":"SMITH"}],"neow_cost":"NONE","seed_source_timestamp":193522611305081,"circlet_count":0,"master_deck":["Defend_G","Defend_G","Defend_G","Defend_G","Defend_G","Strike_G","Strike_G","Strike_G","Survivor","Neutralize+1","AscendersBane","Cloak And Dagger+1","Footwork+1","Finisher","Poisoned Stab","Dodge and Roll","Choke+1","Cloak And Dagger+1","Dash","After Image+1","Infinite Blades+1","PiercingWail","Noxious Fumes+1","Caltrops","Backflip","A Thousand Cuts","Cloak And Dagger+1","PiercingWail","Backflip","Blade Dance"],"relics":["Eternal Feather","Blue Candle","StoneCalendar","Paper Crane","Sozu","Lantern","Darkstone Periapt","Ornamental Fan","Lizard Tail","Medical Kit","Juzu Bracelet"],"potions_floor_usage":[5,16,29],"damage_taken":[{"damage":7,"enemies":"Small Slimes","floor":1,"turns":5},{"damage":1,"enemies":"Jaw Worm","floor":4,"turns":6},{"damage":3,"enemies":"2 Louse","floor":5,"turns":2},{"damage":35,"enemies":"Gremlin Nob","floor":7,"turns":5},{"damage":0,"enemies":"Blue Slaver","floor":11,"turns":3},{"damage":21,"enemies":"Lagavulin","floor":12,"turns":7},{"damage":29,"enemies":"The Guardian","floor":16,"turns":16},{"damage":0,"enemies":"Shell Parasite","floor":18,"turns":7},{"damage":13,"enemies":"2 Thieves","floor":22,"turns":4},{"damage":9,"enemies":"Snecko","floor":24,"turns":7},{"damage":4,"enemies":"Gremlin Leader","floor":29,"turns":7},{"damage":12,"enemies":"Shelled Parasite and Fungi","floor":30,"turns":6},{"damage":61,"enemies":"Champ","floor":33,"turns":14},{"damage":11,"enemies":"Orb Walker","floor":35,"turns":4},{"damage":60,"enemies":"3 Darklings","floor":36,"turns":7},{"damage":16,"enemies":"4 Shapes","floor":37,"turns":7},{"damage":12,"enemies":"Reptomancer","floor":41,"turns":8},{"damage":58,"enemies":"Transient","floor":44,"turns":5}],"seed_played":"2041543242720583966","potions_obtained":[{"floor":4,"key":"Poison Potion"},{"floor":12,"key":"AttackPotion"},{"floor":16,"key":"Weak Potion"}],"is_trial":false,"path_per_floor":["M","$","?","M","M","R","E","?","T","R","M","E","$","?","R","B",null,"M","?","?","?","M","R","M","R","T","R","$","E","M","T","R","B",null,"M","M","M","$","?","R","M","R","T"],"character_chosen":"THE_SILENT","items_purchased":["Footwork","Dash","Medical Kit","Blade Dance"],"campfire_rested":2,"item_purchase_floors":[2,13,38,38],"current_hp_per_floor":[56,56,49,48,45,54,19,36,36,45,45,24,24,24,57,28,60,60,60,60,60,47,59,50,62,62,70,70,66,54,54,69,8,55,44,22,6,6,6,45,33,51,51,0],"gold":50,"neow_bonus":"BOSS_RELIC","is_prod":false,"is_daily":false,"chose_seed":false,"campfire_upgraded":7,"win_rate":0,"timestamp":1536933109,"path_taken":["M","$","?","M","M","R","E","?","T","R","M","E","$","?","R","BOSS","M","?","?","?","?","R","M","R","T","R","?","E","M","?","R","BOSS","M","?","M","$","?","R","?","R","T","M"],"build_version":"2018-09-06","purchased_purges":0,"victory":false,"max_hp_per_floor":[70,70,70,70,70,70,70,70,70,70,70,70,70,70,70,70,70,70,70,70,70,70,70,70,70,70,70,70,70,70,70,70,70,70,70,70,70,70,70,70,70,70,70,70],"card_choices":[{"not_picked":["Concentrate","Underhanded Strike"],"picked":"Cloak And Dagger","floor":1},{"not_picked":["Outmaneuver","Bullet Time"],"picked":"Finisher","floor":4},{"not_picked":["Reflex","Masterful Stab"],"picked":"Poisoned Stab","floor":5},{"not_picked":["Glass Knife","Sucker Punch"],"picked":"Dodge and Roll","floor":7},{"not_picked":["Outmaneuver","Catalyst"],"picked":"Choke","floor":11},{"not_picked":["Flying Knee","Underhanded Strike"],"picked":"Cloak And Dagger","floor":12},{"not_picked":["Night Terror","Grand Finale"],"picked":"After Image","floor":16},{"not_picked":["Acrobatics","Leg Sweep+1"],"picked":"Infinite Blades","floor":18},{"not_picked":["Outmaneuver","Dagger Throw"],"picked":"PiercingWail","floor":22},{"not_picked":["All Out Attack","Prepared"],"picked":"Noxious Fumes","floor":24},{"not_picked":["Acrobatics+1","Phantasmal Killer"],"picked":"Caltrops","floor":29},{"not_picked":["Calculated Gamble","Well Laid Plans"],"picked":"Backflip","floor":30},{"not_picked":["Bullet Time","Malaise"],"picked":"A Thousand Cuts","floor":33},{"not_picked":["Escape Plan","Slice"],"picked":"Cloak And Dagger+1","floor":35},{"not_picked":["Predator","Quick Slash"],"picked":"PiercingWail","floor":36},{"not_picked":["Outmaneuver","A Thousand Cuts"],"picked":"Backflip","floor":37},{"not_picked":["Bane+1","Reflex+1","Flechettes"],"picked":"SKIP","floor":41}],"player_experience":1536755,"relics_obtained":[{"floor":7,"key":"Blue Candle"},{"floor":9,"key":"StoneCalendar"},{"floor":12,"key":"Paper Crane"},{"floor":26,"key":"Lantern"},{"floor":29,"key":"Darkstone Periapt"},{"floor":31,"key":"Ornamental Fan"},{"floor":43,"key":"Juzu Bracelet"}],"event_choices":[{"event_name":"Golden Wing","player_choice":"Card Removal","floor":3,"damage_taken":0},{"event_name":"The Cleric","player_choice":"Healed","floor":8,"damage_taken":0},{"event_name":"Dead Adventurer","player_choice":"Searched \u00271\u0027 times","floor":14,"damage_taken":0},{"event_name":"Accursed Blacksmith","player_choice":"Forge","floor":19,"damage_taken":0},{"event_name":"Beggar","player_choice":"Gave Gold","floor":20,"damage_taken":0},{"event_name":"The Joust","player_choice":"Bet on Murderer","floor":21,"damage_taken":0},{"event_name":"WeMeetAgain","player_choice":"Attack","floor":39,"damage_taken":0}],"is_beta":false,"boss_relics":[{"not_picked":["HoveringKite","WristBlade"],"picked":"Sozu"},{"not_picked":["Astrolabe","Tiny House"],"picked":"Lizard Tail"}],"items_purged_floors":[],"is_endless":false,"potions_floor_spawned":[4,12,16,22,33,41],"killed_by":"Transient","ascension_level":12}