{"gold_per_floor":[119,139,39,54,54,54,73,108,108,142,142,142,142,154,154,154],"floor_reached":16,"playtime":588,"items_purged":[],"score":209,"play_id":"c1fb102d-7865-4af5-85de-f8e249bc7732","local_time":"20181222231111","is_ascension_mode":true,"campfire_choices":[{"data":"Glacier","floor":6,"key":"SMITH"},{"floor":11,"key":"REST"},{"floor":13,"key":"REST"},{"floor":15,"key":"REST"}],"neow_cost":"NONE","seed_source_timestamp":243890676487526,"circlet_count":0,"master_deck":["AscendersBane","Strike_B","Strike_B","Strike_B","Strike_B","Defend_B","Defend_B","Defend_B","Defend_B","Zap","Dualcast","Ball Lightning","Melter","Ball Lightning","Loop","Glacier+1","Conserve Battery","Genetic Algorithm","Doom and Gloom","Beam Cell"],"relics":["Cracked Core","NeowsBlessing","CultistMask","Mummified Hand","Turnip","Dead Branch"],"potions_floor_usage":[8,10],"damage_taken":[{"damage":0,"enemies":"Jaw Worm","floor":1,"turns":1},{"damage":0,"enemies":"Cultist","floor":2,"turns":1},{"damage":0,"enemies":"2 Louse","floor":4,"turns":1},{"damage":12,"enemies":"Looter","floor":7,"turns":3},{"damage":20,"enemies":"3 Sentries","floor":8,"turns":9},{"damage":34,"enemies":"Lagavulin","floor":10,"turns":5},{"damage":37,"enemies":"Gremlin Gang","floor":14,"turns":4},{"damage":33,"enemies":"Hexaghost","floor":16,"turns":9}],"seed_played":"4951825491653959307","potions_obtained":[{"floor":1,"key":"SteroidPotion"},{"floor":2,"key":"PowerPotion"},{"floor":8,"key":"Fruit Juice"}],"is_trial":false,"path_per_floor":["M","M","$","M","?","R","M","E","T","E","R","?","R","M","R","B"],"character_chosen":"DEFECT","items_purchased":["Ball Lightning","Loop"],"campfire_rested":3,"item_purchase_floors":[3,3],"current_hp_per_floor":[64,64,64,64,64,64,52,37,37,3,25,25,47,10,32,0],"gold":154,"neow_bonus":"THREE_ENEMY_KILL","is_prod":false,"is_daily":false,"chose_seed":false,"campfire_upgraded":1,"win_rate":0,"timestamp":1545538271,"path_taken":["M","M","$","M","?","R","?","E","T","E","R","?","R","M","R","BOSS"],"build_version":"2018-12-20","purchased_purges":0,"victory":false,"max_hp_per_floor":[71,71,71,71,71,71,71,76,76,76,76,76,76,76,76,76],"card_choices":[{"not_picked":["Blizzard","Scrape"],"picked":"Ball Lightning","floor":1},{"not_picked":["Turbo","Hologram"],"picked":"Melter","floor":2},{"not_picked":["Stack","Coolheaded"],"picked":"Glacier","floor":4},{"not_picked":["Sunder","Reprogram"],"picked":"Conserve Battery","floor":7},{"not_picked":["Double Energy","Gash"],"picked":"Genetic Algorithm","floor":8},{"not_picked":["Barrage","Double Energy"],"picked":"Doom and Gloom","floor":10},{"not_picked":["Streamline","Compile Driver"],"picked":"Beam Cell","floor":14}],"player_experience":1943816,"relics_obtained":[{"floor":8,"key":"Mummified Hand"},{"floor":9,"key":"Turnip"},{"floor":10,"key":"Dead Branch"}],"event_choices":[{"damage_healed":0,"gold_gain":0,"player_choice":"Trade","damage_taken":0,"relics_obtained":["CultistMask"],"max_hp_gain":0,"max_hp_loss":0,"event_name":"FaceTrader","floor":5,"gold_loss":0},{"damage_healed":0,"gold_gain":0,"player_choice":"Ignored","damage_taken":0,"max_hp_gain":0,"max_hp_loss":0,"event_name":"Shining Light","floor":12,"gold_loss":0}],"is_beta":false,"boss_relics":[],"items_purged_floors":[],"is_endless":false,"potions_floor_spawned":[1,2,8],"killed_by":"Hexaghost","ascension_level":18}