{"gold_per_floor":[359,15,90,90,2,2,18,18,45,73,73,73,98,114,114,187,187,204,129,50,50,11,11,22,22,47,0,0,11,11,11],"floor_reached":31,"playtime":1283,"items_purged":[],"score":450,"play_id":"17dafe53-46d6-406e-9cd0-92f1a49527e5","local_time":"20190120151944","is_ascension_mode":true,"campfire_choices":[{"data":"Zap","floor":6,"key":"SMITH"},{"floor":12,"key":"REST"},{"floor":15,"key":"REST"},{"data":"Storm","floor":23,"key":"SMITH"},{"floor":25,"key":"REST"},{"data":"Loop","floor":28,"key":"SMITH"}],"neow_cost":"TEN_PERCENT_HP_LOSS","seed_source_timestamp":24383494812963,"circlet_count":0,"master_deck":["AscendersBane","Strike_B","Strike_B","Defend_B","Defend_B","Defend_B","Defend_B","Zap+1","Dualcast","Glacier+1","Capacitor","Gash","Steam","Melter","Rainbow","Go for the Eyes","Leap","Cold Snap","Creative AI+1","Cold Snap","Loop+1","Storm+1","Hologram"],"relics":["Cracked Core","Incense Burner","Centennial Puzzle","Ornamental Fan","Darkstone Periapt","Sozu"],"potions_floor_usage":[10,10,16],"damage_taken":[{"damage":1,"enemies":"Cultist","floor":1,"turns":3},{"damage":7,"enemies":"Small Slimes","floor":7,"turns":3},{"damage":7,"enemies":"Gremlin Nob","floor":10,"turns":4},{"damage":29,"enemies":"3 Sentries","floor":13,"turns":11},{"damage":0,"enemies":"Jaw Worm","floor":14,"turns":3},{"damage":23,"enemies":"The Guardian","floor":16,"turns":12},{"damage":11,"enemies":"Chosen","floor":18,"turns":7},{"damage":19,"enemies":"2 Thieves","floor":24,"turns":4},{"damage":15,"enemies":"Snake Plant","floor":29,"turns":5},{"damage":32,"enemies":"Shelled Parasite and Fungi","floor":31,"turns":3}],"seed_played":"2187145678014977411","potions_obtained":[{"floor":1,"key":"Strength Potion"},{"floor":7,"key":"Weak Potion"},{"floor":14,"key":"Strength Potion"}],"is_trial":false,"path_per_floor":["M","$","?","?","$","R","M","?","T","E","$","R","E","M","R","B",null,"M","?","$","?","$","R","M","R","T","?","R","M","?","M"],"character_chosen":"DEFECT","items_purchased":["Incense Burner","Capacitor","Gash","Loop","Storm"],"campfire_rested":3,"item_purchase_floors":[2,5,5,20,22],"current_hp_per_floor":[63,63,52,52,52,52,45,45,45,38,38,57,28,28,47,24,54,43,43,43,43,43,43,24,43,43,43,43,28,28,0],"gold":11,"neow_bonus":"TWO_FIFTY_GOLD","is_prod":false,"is_daily":false,"chose_seed":false,"campfire_upgraded":3,"win_rate":0,"timestamp":1548015584,"path_taken":["M","?","?","?","?","R","M","?","T","E","$","R","E","?","R","BOSS","M","?","$","?","$","R","?","R","T","?","R","M","?","M"],"build_version":"2019-01-17v2","purchased_purges":0,"victory":false,"max_hp_per_floor":[64,64,64,64,64,64,64,64,64,64,64,64,64,64,64,64,64,64,64,64,64,64,64,64,64,64,64,64,64,64,64],"card_choices":[{"not_picked":["Sunder","Hologram"],"picked":"Glacier","floor":1},{"not_picked":["Lockon","Beam Cell"],"picked":"Steam","floor":7},{"not_picked":["Static Discharge","Fission"],"picked":"Go for the Eyes","floor":10},{"not_picked":["Streamline","Turbo"],"picked":"Leap","floor":13},{"not_picked":["Leap","Barrage"],"picked":"Cold Snap","floor":14},{"not_picked":["Meteor Strike","Rainbow"],"picked":"Creative AI","floor":16},{"not_picked":["Beam Cell","Compile Driver"],"picked":"Cold Snap","floor":18},{"not_picked":["Beam Cell","Double Energy","Rebound+1"],"picked":"SKIP","floor":24},{"not_picked":["Double Energy+1","Sweeping Beam"],"picked":"Hologram","floor":29}],"player_experience":2173872,"relics_obtained":[{"floor":9,"key":"Centennial Puzzle"},{"floor":10,"key":"Ornamental Fan"},{"floor":13,"key":"Darkstone Periapt"}],"event_choices":[{"damage_healed":0,"gold_gain":75,"player_choice":"Gather Gold","damage_taken":11,"max_hp_gain":0,"max_hp_loss":0,"event_name":"World of Goop","floor":3,"gold_loss":0},{"damage_healed":0,"gold_gain":0,"player_choice":"Grow","damage_taken":0,"max_hp_gain":0,"max_hp_loss":0,"event_name":"Living Wall","floor":4,"gold_loss":0,"cards_upgraded":["Glacier"]},{"damage_healed":0,"gold_gain":0,"player_choice":"2 cards matched","damage_taken":0,"max_hp_gain":0,"max_hp_loss":0,"event_name":"Match and Keep!","floor":8,"gold_loss":0,"cards_obtained":["Melter","Rainbow"]},{"cards_removed":["Strike_B"],"damage_healed":0,"gold_gain":0,"player_choice":"Gave Gold","damage_taken":0,"max_hp_gain":0,"max_hp_loss":0,"event_name":"Beggar","floor":19,"gold_loss":75},{"damage_healed":0,"gold_gain":0,"player_choice":"Upgraded","damage_taken":0,"max_hp_gain":0,"max_hp_loss":0,"event_name":"Upgrade Shrine","floor":21,"gold_loss":0,"cards_upgraded":["Creative AI"]},{"damage_healed":0,"gold_gain":0,"player_choice":"Paid Fearfully","damage_taken":0,"max_hp_gain":0,"max_hp_loss":0,"event_name":"Masked Bandits","floor":27,"gold_loss":47},{"cards_removed":["Strike_B"],"damage_healed":0,"gold_gain":0,"player_choice":"Offered Basic","damage_taken":0,"max_hp_gain":0,"max_hp_loss":0,"event_name":"Bonfire Elementals","floor":30,"gold_loss":0}],"is_beta":false,"boss_relics":[{"not_picked":["Snecko Eye","Tiny House"],"picked":"Sozu"}],"items_purged_floors":[],"is_endless":false,"potions_floor_spawned":[1,7,14,18,29],"killed_by":"Shelled Parasite and Fungi","ascension_level":18}