{"gold_per_floor":[115,132,147,147,44,78,78,141,141,158,158,172,172,205,205,303,353,368,378,389,69,168,195,195,209,264,275,295,315,335,335,335,439,439,454,454],"floor_reached":36,"playtime":2195,"items_purged":["Strike_G"],"score":517,"play_id":"9d31ac85-7450-4670-a461-723c9e9737c8","local_time":"20180802122851","is_ascension_mode":true,"campfire_choices":[{"floor":7.0,"key":"REST"},{"floor":11.0,"key":"REST"},{"data":"Dash","floor":13.0,"key":"SMITH"},{"data":"Noxious Fumes","floor":15.0,"key":"SMITH"},{"floor":24,"key":"REST"},{"floor":32,"key":"REST"}],"neow_cost":"NONE","seed_source_timestamp":671258870179834,"circlet_count":0,"master_deck":["Defend_G","Defend_G","Defend_G","Defend_G","Defend_G","Strike_G","Strike_G","Strike_G","Strike_G+1","Survivor","Neutralize","Deadly Poison","PiercingWail","Caltrops","Noxious Fumes+1","Backflip","Bouncing Flask","Dash+1","Escape Plan","Deadly Poison","Escape Plan","Bane","Poisoned Stab+1","Well Laid Plans+1","All Out Attack","Footwork+1","Dodge and Roll","Escape Plan","Dodge and Roll+1","Adrenaline","Infinite Blades+1"],"special_seed":0,"relics":["Sozu","Incense Burner","Lantern","Meat on the Bone","Vajra","Tiny House","Pantograph","Frozen Egg 2","Nloth\u0027s Gift","HoveringKite"],"potions_floor_usage":[],"damage_taken":[{"damage":0.0,"enemies":"Cultist","floor":1.0,"turns":5.0},{"damage":4.0,"enemies":"Jaw Worm","floor":2.0,"turns":4.0},{"damage":0.0,"enemies":"2 Louse","floor":3.0,"turns":3.0},{"damage":42.0,"enemies":"Lagavulin","floor":6.0,"turns":7.0},{"damage":2.0,"enemies":"3 Sentries","floor":8.0,"turns":7.0},{"damage":11.0,"enemies":"Large Slime","floor":10.0,"turns":5.0},{"damage":0.0,"enemies":"Looter","floor":12.0,"turns":3.0},{"damage":8.0,"enemies":"3 Sentries","floor":14.0,"turns":8.0},{"damage":3.0,"enemies":"Hexaghost","floor":16.0,"turns":8.0},{"damage":14.0,"enemies":"3 Byrds","floor":18.0,"turns":4.0},{"damage":13.0,"enemies":"Shell Parasite","floor":19.0,"turns":4.0},{"damage":6.0,"enemies":"Chosen and Byrds","floor":20.0,"turns":5.0},{"damage":34,"enemies":"Gremlin Leader","floor":23,"turns":5},{"damage":22,"enemies":"3 Cultists","floor":25,"turns":6},{"damage":29,"enemies":"Sentry and Sphere","floor":27,"turns":6},{"damage":10,"enemies":"Centurion and Healer","floor":28,"turns":6},{"damage":0,"enemies":"3 Cultists","floor":29,"turns":5},{"damage":29,"enemies":"Chosen and Byrds","floor":30,"turns":5},{"damage":44,"enemies":"Champ","floor":33,"turns":13},{"damage":46,"enemies":"Flame Bruiser 1 Orb","floor":35,"turns":6},{"damage":33,"enemies":"3 Darklings","floor":36,"turns":2}],"seed_played":"-4175706774443078195","potions_obtained":[],"is_trial":false,"path_per_floor":["M","M","M","?","$","E","R","?","T","M","R","M","R","E","R","B",null,"M","M","M","$","?","E","R","M","T","M","M","M","M","?","R","B",null,"M"],"character_chosen":"THE_SILENT","items_purchased":["Noxious Fumes","Backflip","Pantograph"],"campfire_rested":4,"item_purchase_floors":[5,5,21],"current_hp_per_floor":[63,59,59,59,59,17,38,36,36,37,58,58,58,50,50,47,69,55,42,48,48,48,26,48,38,38,23,27,41,26,26,48,41,67,33,0],"gold":454,"neow_bonus":"BOSS_RELIC","is_prod":false,"is_daily":false,"chose_seed":false,"campfire_upgraded":2,"win_rate":0,"timestamp":1533227331,"path_taken":["M","M","M","?","$","E","R","?","T","M","R","M","R","E","R","BOSS","M","M","M","$","?","E","R","M","T","M","M","M","M","?","R","BOSS","M","?"],"build_version":"2018-07-26","purchased_purges":1,"victory":false,"max_hp_per_floor":[70,70,70,70,70,70,70,70,70,70,70,70,70,70,70,70,75,75,75,75,75,75,75,75,75,75,75,75,75,75,75,75,75,75,75,75],"card_choices":[{"not_picked":["Poisoned Stab","Masterful Stab"],"picked":"Deadly Poison","floor":1.0},{"not_picked":["Dagger Spray","Endless Agony"],"picked":"PiercingWail","floor":2.0},{"not_picked":["Underhanded Strike","Accuracy"],"picked":"Caltrops","floor":3.0},{"not_picked":["Dagger Throw","Acrobatics"],"picked":"Bouncing Flask","floor":6.0},{"not_picked":["Prepared","Dagger Throw"],"picked":"Dash","floor":8.0},{"not_picked":["Dodge and Roll","Prepared"],"picked":"Escape Plan","floor":10.0},{"not_picked":["Blade Dance","Slice"],"picked":"Deadly Poison","floor":12.0},{"not_picked":["Terror","Infinite Blades"],"picked":"Escape Plan","floor":14.0},{"not_picked":["Dagger Throw","Underhanded Strike"],"picked":"Bane","floor":17.0},{"not_picked":["Acrobatics","Deflect+1"],"picked":"Poisoned Stab+1","floor":18.0},{"not_picked":["Predator+1","Deflect"],"picked":"Well Laid Plans+1","floor":19.0},{"not_picked":["Bane","Well Laid Plans+1","Dagger Throw+1"],"picked":"SKIP","floor":20.0},{"not_picked":["Wraith Form v2","Bane+1"],"picked":"All Out Attack","floor":23},{"not_picked":["Heel Hook","Bane"],"picked":"Footwork+1","floor":25},{"not_picked":["Deflect","Accuracy+1"],"picked":"Dodge and Roll","floor":27},{"not_picked":["Concentrate","Cloak And Dagger"],"picked":"Escape Plan","floor":28},{"not_picked":["Flying Knee","Choke+1","Eviscerate"],"picked":"SKIP","floor":29},{"not_picked":["Slice","Flying Knee"],"picked":"Dodge and Roll+1","floor":30},{"not_picked":["Die Die Die","Glass Knife"],"picked":"Adrenaline","floor":33},{"not_picked":["Flying Knee","Dagger Throw+1"],"picked":"Infinite Blades+1","floor":35}],"player_experience":1392574,"relics_obtained":[{"floor":6.0,"key":"Incense Burner"},{"floor":8.0,"key":"Lantern"},{"floor":9.0,"key":"Meat on the Bone"},{"floor":14.0,"key":"Vajra"},{"floor":23,"key":"Frozen Egg 2"},{"floor":26,"key":"Blood Vial"}],"event_choices":[{"event_name":"The Lab","player_choice":"Got Potions","floor":4.0,"damage_taken":0.0},{"event_name":"Dead Adventurer","player_choice":"Searched \u00271\u0027 times","floor":8.0,"damage_taken":0.0},{"event_name":"Nest","player_choice":"Stole From Cult","floor":22.0,"damage_taken":0.0},{"event_name":"N\u0027loth","player_choice":"Traded a Blood Vial","floor":31,"damage_taken":0}],"is_beta":false,"boss_relics":[{"not_picked":["Velvet Choker","Black Star"],"picked":"Tiny House"},{"not_picked":["Philosopher\u0027s Stone","WristBlade"],"picked":"HoveringKite"}],"items_purged_floors":[21],"is_endless":false,"potions_floor_spawned":[6,8,8,14,20,23,28,29],"killed_by":"3 Darklings","ascension_level":6}