{"gold_per_floor":[115,115,125,125,141,141,161,178,201,201,221,240,315,89,89,190,190,204,204,217,217,45,45,58,58,84,137,137,62,62,74,74,74],"floor_reached":33,"playtime":1392,"items_purged":["Strike_B"],"score":364,"play_id":"9413bcfb-f94f-4b26-b924-30b635639a0f","local_time":"20180715231943","is_ascension_mode":false,"campfire_choices":[{"floor":6,"key":"REST"},{"floor":15,"key":"REST"},{"data":"Echo Form","floor":23,"key":"SMITH"},{"data":"Zap","floor":25,"key":"SMITH"},{"data":"Consume","floor":28,"key":"SMITH"},{"data":"Dualcast","floor":30,"key":"SMITH"},{"floor":32,"key":"REST"}],"neow_cost":"","seed_source_timestamp":0,"circlet_count":0,"master_deck":["Defend_B","Defend_B","Defend_B","Zap+1","Dualcast+1","Consume+1","Cold Snap","Cold Snap","Cold Snap","Sunder","Echo Form+1","Self Repair","Cold Snap","Hologram","Glacier"],"relics":["Cracked Core","Bag of Marbles","Oddly Smooth Stone","Empty Cage","Tiny Chest","Orichalcum","Bronze Scales"],"potions_floor_usage":[5,10,16,16,33],"damage_taken":[{"damage":8,"enemies":"Jaw Worm","floor":1,"turns":3},{"damage":6,"enemies":"2 Louse","floor":3,"turns":3},{"damage":3,"enemies":"Small Slimes","floor":5,"turns":2},{"damage":9,"enemies":"3 Louse","floor":7,"turns":3},{"damage":8,"enemies":"Large Slime","floor":8,"turns":8},{"damage":0,"enemies":"Gremlin Gang","floor":10,"turns":1},{"damage":1,"enemies":"Red Slaver","floor":11,"turns":3},{"damage":0,"enemies":"3 Louse","floor":12,"turns":2},{"damage":10,"enemies":"The Guardian","floor":16,"turns":15},{"damage":12,"enemies":"Spheric Guardian","floor":18,"turns":4},{"damage":18,"enemies":"Chosen","floor":20,"turns":7},{"damage":22,"enemies":"Snake Plant","floor":24,"turns":5},{"damage":2,"enemies":"Centurion and Healer","floor":31,"turns":5},{"damage":72,"enemies":"Champ","floor":33,"turns":13}],"seed_played":"-1024477885689636521","potions_obtained":[{"floor":3,"key":"AttackPotion"},{"floor":7,"key":"Strength Potion"},{"floor":8,"key":"SmokeBomb"},{"floor":12,"key":"Dexterity Potion"},{"floor":24,"key":"SpeedPotion"}],"is_trial":true,"path_per_floor":["M","?","M","?","M","R","M","M","T","M","M","M","?","$","R","B",null,"M","?","M","?","$","R","M","R","T","T","R","?","R","M","R"],"character_chosen":"DEFECT","items_purchased":["Oddly Smooth Stone","Tiny Chest","Cold Snap"],"campfire_rested":3,"item_purchase_floors":[14,22,22],"current_hp_per_floor":[67,67,61,54,51,73,64,56,56,56,55,55,44,44,66,56,75,63,63,52,52,52,52,44,44,44,44,44,44,44,49,71,0],"gold":74,"neow_bonus":"","is_prod":false,"is_daily":false,"chose_seed":false,"campfire_upgraded":4,"win_rate":0,"timestamp":1531711183,"path_taken":["M","?","M","?","?","R","M","M","T","M","M","M","?","$","R","BOSS","M","?","M","?","$","R","?","R","T","?","R","?","R","M","R","BOSS"],"build_version":"2018-07-12","purchased_purges":1,"victory":false,"max_hp_per_floor":[75,75,75,75,75,75,75,75,75,75,75,75,75,75,75,75,75,75,75,75,75,75,75,75,75,75,75,75,75,75,75,75,75],"card_choices":[{"not_picked":["Leap","Hologram"],"picked":"Consume","floor":1},{"not_picked":["Skim","Doom and Gloom"],"picked":"Cold Snap","floor":3},{"not_picked":["White Noise","Chaos","Steam"],"picked":"SKIP","floor":5},{"not_picked":["Steam","Stack"],"picked":"Cold Snap","floor":7},{"not_picked":["Stack","Conserve Battery"],"picked":"Cold Snap","floor":8},{"not_picked":["Scrape","White Noise"],"picked":"Sunder","floor":11},{"not_picked":["Turbo","Sweeping Beam","Multi-Cast"],"picked":"SKIP","floor":12},{"not_picked":["Seek","Rainbow"],"picked":"Echo Form","floor":16},{"not_picked":["Static Discharge","Conserve Battery","Sunder"],"picked":"SKIP","floor":18},{"not_picked":["Steam Power","Sweeping Beam","Beam Cell"],"picked":"SKIP","floor":20},{"not_picked":["Turbo","Cold Snap"],"picked":"Hologram","floor":24},{"not_picked":["Chill","Aggregate"],"picked":"Glacier","floor":31}],"player_experience":1133094,"relics_obtained":[{"floor":9,"key":"Bag of Marbles"},{"floor":26,"key":"Orichalcum"},{"floor":27,"key":"Bronze Scales"}],"event_choices":[{"event_name":"Shining Light","player_choice":"Ignored","floor":2,"damage_taken":0},{"event_name":"Golden Wing","player_choice":"Card Removal","floor":4,"damage_taken":0},{"event_name":"World of Goop","player_choice":"Gather Gold","floor":13,"damage_taken":0},{"event_name":"The Library","player_choice":"Read","floor":19,"damage_taken":0},{"event_name":"Vampires","player_choice":"Ignored","floor":21,"damage_taken":0},{"event_name":"Beggar","player_choice":"Gave Gold","floor":29,"damage_taken":0}],"boss_relics":[{"not_picked":["Runic Dome","Snecko Eye"],"picked":"Empty Cage"}],"items_purged_floors":[14],"is_endless":true,"potions_floor_spawned":[3,7,8,12,24],"killed_by":"Champ","ascension_level":0}