{"gold_per_floor":[114,129,129,304,44,44,74,89,89,89,104,104,104,119,119,219,219,234,249,49,148,148,478,478,538,563,563,578,578,678,693,693,793,793,808,808,823,838,334,334,364,364,364,379,379,394,409,439,439,439],"floor_reached":51,"playtime":2260,"items_purged":["Doubt"],"score":1045,"play_id":"7e0656c5-27ca-4e77-bb06-7f5272d1feeb","local_time":"20181109133706","daily_mods":["Shiny","Red Cards","Lethality"],"is_ascension_mode":false,"campfire_choices":[{"data":"After Image","floor":6.0,"key":"SMITH"},{"data":"Barricade","floor":10.0,"key":"SMITH"},{"data":"Dark Embrace","floor":13.0,"key":"SMITH"},{"data":"Juggernaut","floor":15.0,"key":"SMITH"},{"data":"Malaise","floor":24.0,"key":"SMITH"},{"data":"Adrenaline","floor":29.0,"key":"SMITH"},{"data":"A Thousand Cuts","floor":32.0,"key":"SMITH"},{"data":"Burst","floor":40,"key":"SMITH"},{"data":"Armaments","floor":42,"key":"SMITH"},{"floor":49,"key":"DIG"}],"neow_cost":"","seed_source_timestamp":0,"circlet_count":0,"master_deck":["Double Tap","Demon Form","Bludgeon","Feed+1","Limit Break","Barricade+1","Fiend Fire+1","Dark Embrace+1","Impervious","Juggernaut+1","Brutality","Reaper","Exhume+1","Offering","Immolate","Venomology","Corpse Explosion","Malaise+1","Die Die Die","Adrenaline+1","Envenom","Doppelganger+1","Burst+1","Wraith Form v2","Tools of the Trade","Night Terror","Unload+1","After Image+1","Bullet Time","Storm of Steel+1","Glass Knife","A Thousand Cuts+1","Shrug It Off","Cloak And Dagger","Metallicize","Seeing Red","Blade Dance","Evolve","Armaments+1","Exhume","Body Slam","Endless Agony","After Image+1","Backstab","Night Terror","Pommel Strike","Pummel+1","Acrobatics+1","Entrench+1","Entrench+1"],"special_seed":17844,"relics":["Ring of the Snake","Pear","Mummified Hand","Ninja Scroll","Busted Crown","DollysMirror","Old Coin","Tiny Chest","Bag of Preparation","Whetstone","Tingsha","Letter Opener","Philosopher\u0027s Stone","Toxic Egg 2","War Paint","Snake Skull","Shovel","Dodecahedron","Prayer Wheel"],"potions_floor_usage":[50,50],"damage_taken":[{"damage":17.0,"enemies":"2 Louse","floor":1.0,"turns":3.0},{"damage":12.0,"enemies":"Small Slimes","floor":2.0,"turns":1.0},{"damage":0.0,"enemies":"Gremlin Nob","floor":7.0,"turns":2.0},{"damage":0.0,"enemies":"Cultist","floor":8.0,"turns":2.0},{"damage":11.0,"enemies":"Looter","floor":11.0,"turns":2.0},{"damage":0.0,"enemies":"2 Fungi Beasts","floor":14.0,"turns":1.0},{"damage":9.0,"enemies":"Hexaghost","floor":16.0,"turns":4.0},{"damage":0.0,"enemies":"3 Byrds","floor":18.0,"turns":1.0},{"damage":10.0,"enemies":"Shell Parasite","floor":19.0,"turns":2.0},{"damage":4.0,"enemies":"Book of Stabbing","floor":23.0,"turns":5.0},{"damage":0.0,"enemies":"Gremlin Leader","floor":25.0,"turns":3.0},{"damage":2.0,"enemies":"Shelled Parasite and Fungi","floor":28.0,"turns":2.0},{"damage":0.0,"enemies":"Colosseum Slavers","floor":30.0,"turns":1.0},{"damage":12.0,"enemies":"Colosseum Nobs","floor":30.0,"turns":4.0},{"damage":0.0,"enemies":"Centurion and Healer","floor":31.0,"turns":3.0},{"damage":6.0,"enemies":"Automaton","floor":33.0,"turns":4.0},{"damage":1,"enemies":"3 Shapes","floor":35,"turns":2},{"damage":0,"enemies":"Orb Walker","floor":37,"turns":3},{"damage":0,"enemies":"Jaw Worm Horde","floor":38,"turns":2},{"damage":6,"enemies":"Giant Head","floor":41,"turns":5},{"damage":14,"enemies":"3 Darklings","floor":44,"turns":2},{"damage":2,"enemies":"Sphere and 2 Shapes","floor":46,"turns":4},{"damage":0,"enemies":"Maw","floor":47,"turns":4},{"damage":7,"enemies":"Reptomancer","floor":48,"turns":2},{"damage":1,"enemies":"Donu and Deca","floor":50,"turns":3}],"seed_played":"-5248013741423723196","potions_obtained":[{"floor":7.0,"key":"GhostInAJar"},{"floor":8.0,"key":"Explosive Potion"},{"floor":14.0,"key":"Swift Potion"},{"floor":25.0,"key":"Swift Potion"},{"floor":28.0,"key":"Ancient Potion"},{"floor":30.0,"key":"SteroidPotion"}],"is_trial":false,"path_per_floor":["M","M","?","?","$","R","E","M","T","R","M","?","R","M","R","B",null,"M","M","$","?","?","E","R","E","T","T","M","R","?","M","R","B",null,"M","?","M","M","$","R","E","R","T","M","?","M","M","E","R","B",null],"character_chosen":"THE_SILENT","items_purchased":["Metallicize","Seeing Red","GhostInAJar","DollysMirror","Toxic Egg 2","Acrobatics+1","War Paint","Swift Potion"],"campfire_rested":0,"item_purchase_floors":[5,5,5,20,39,39,39,39],"current_hp_per_floor":[53,55,41,41,41,41,51,51,51,51,40,40,40,40,40,43,80,80,70,70,70,70,66,66,80,80,80,78,78,73,77,77,71,84,83,83,84,84,84,84,78,78,78,84,84,83,84,77,77,76],"gold":439,"neow_bonus":"","is_prod":false,"is_daily":true,"chose_seed":false,"campfire_upgraded":9,"win_rate":0,"timestamp":1541767026,"path_taken":["M","M","?","?","$","R","E","M","T","R","M","?","R","?","R","BOSS","M","M","$","?","?","E","R","E","T","?","M","R","?","M","R","BOSS","M","?","?","M","$","R","E","R","T","M","?","M","M","E","R","BOSS"],"build_version":"2018-11-08","purchased_purges":1,"victory":true,"max_hp_per_floor":[70,70,70,70,70,70,80,80,80,80,80,80,80,80,80,80,80,80,80,80,80,80,80,80,80,80,80,80,80,80,84,84,84,84,84,84,84,84,84,84,84,84,84,84,84,84,84,84,84,84],"card_choices":[{"not_picked":["Anger","Clash"],"picked":"Shrug It Off","floor":1.0},{"not_picked":["Die Die Die","Disarm"],"picked":"Cloak And Dagger","floor":2.0},{"not_picked":["Thunderclap","Perfected Strike"],"picked":"Blade Dance","floor":7.0},{"not_picked":["Slice","Wild Strike","Flex"],"picked":"SKIP","floor":8.0},{"not_picked":["Slice","Bane"],"picked":"Evolve","floor":11.0},{"not_picked":["Clash","Heel Hook"],"picked":"Armaments","floor":14.0},{"not_picked":["Glass Knife","Wraith Form v2"],"picked":"Exhume","floor":16.0},{"not_picked":[],"picked":"Body Slam","floor":18.0},{"not_picked":[],"picked":"Endless Agony","floor":19.0},{"not_picked":["Deflect"],"picked":"SKIP","floor":23.0},{"not_picked":["Flying Knee"],"picked":"SKIP","floor":25.0},{"not_picked":[],"picked":"Backstab","floor":28.0},{"not_picked":["Sucker Punch"],"picked":"SKIP","floor":31.0},{"not_picked":[],"picked":"Night Terror","floor":33.0},{"not_picked":["Clothesline"],"picked":"SKIP","floor":35},{"not_picked":["Deadly Poison+1"],"picked":"SKIP","floor":37},{"not_picked":[],"picked":"Pummel+1","floor":38},{"not_picked":[],"picked":"Entrench+1","floor":41},{"not_picked":["Blur+1"],"picked":"SKIP","floor":44},{"not_picked":["Caltrops"],"picked":"SKIP","floor":46},{"not_picked":["Flex+1"],"picked":"SKIP","floor":47},{"not_picked":[],"picked":"Entrench+1","floor":48}],"player_experience":1625517,"relics_obtained":[{"floor":7.0,"key":"Pear"},{"floor":9.0,"key":"Mummified Hand"},{"floor":23.0,"key":"Old Coin"},{"floor":25.0,"key":"Tiny Chest"},{"floor":26.0,"key":"Bag of Preparation"},{"floor":27.0,"key":"Whetstone"},{"floor":30.0,"key":"Tingsha"},{"floor":30.0,"key":"Letter Opener"},{"floor":41,"key":"Snake Skull"},{"floor":43,"key":"Shovel"},{"floor":48,"key":"Dodecahedron"},{"floor":49,"key":"Prayer Wheel"}],"event_choices":[{"damage_healed":0.0,"max_hp_gain":0.0,"max_hp_loss":0.0,"gold_gain":0.0,"event_name":"Shining Light","player_choice":"Entered Light","floor":3.0,"gold_loss":0.0,"damage_taken":14.0,"cards_upgraded":["Doppelganger","Feed"]},{"damage_healed":0.0,"max_hp_gain":0.0,"max_hp_loss":0.0,"gold_gain":175.0,"event_name":"Liars Game","player_choice":"AGREE","floor":4.0,"gold_loss":0.0,"damage_taken":0.0,"cards_obtained":["Doubt"]},{"cards_removed":["Phantasmal Killer"],"damage_healed":0.0,"max_hp_gain":0.0,"max_hp_loss":0.0,"gold_gain":0.0,"event_name":"WeMeetAgain","player_choice":"Gave Card","floor":12.0,"gold_loss":0.0,"damage_taken":0.0,"relics_obtained":["Ninja Scroll"]},{"damage_healed":0.0,"max_hp_gain":0.0,"max_hp_loss":0.0,"gold_gain":99.0,"event_name":"Nest","player_choice":"Stole From Cult","floor":21.0,"gold_loss":0.0,"damage_taken":0.0},{"cards_removed":["Grand Finale"],"damage_healed":0.0,"max_hp_gain":0.0,"max_hp_loss":0.0,"gold_gain":0.0,"event_name":"Back to Basics","player_choice":"Elegance","floor":22.0,"gold_loss":0.0,"damage_taken":0.0},{"damage_healed":0.0,"max_hp_gain":0.0,"max_hp_loss":0.0,"gold_gain":0.0,"event_name":"Colosseum","player_choice":"Fight","floor":30.0,"gold_loss":0.0,"damage_taken":0.0},{"damage_healed":0.0,"max_hp_gain":0.0,"max_hp_loss":0.0,"gold_gain":0.0,"event_name":"Colosseum","player_choice":"Fought Nobs","floor":30.0,"gold_loss":0.0,"damage_taken":0.0},{"damage_healed":0,"gold_gain":0,"player_choice":"1 cards matched","damage_taken":0,"max_hp_gain":0,"max_hp_loss":0,"event_name":"Match and Keep!","floor":36,"gold_loss":0,"cards_obtained":["Pommel Strike"]},{"cards_removed":["Berserk"],"damage_healed":0,"gold_gain":0,"player_choice":"Card Removal","damage_taken":0,"max_hp_gain":0,"max_hp_loss":0,"event_name":"Wheel of Change","floor":45,"gold_loss":0}],"is_beta":false,"boss_relics":[{"not_picked":["Cursed Key","Orrery"],"picked":"Busted Crown"},{"not_picked":["Lizard Tail","White Beast Statue"],"picked":"Philosopher\u0027s Stone"}],"items_purged_floors":[5],"is_endless":false,"potions_floor_spawned":[7,8,14,25,28,30,30,33,38,46,48],"ascension_level":0}