{"gold_per_floor":[117,117,133,133,153,153,153,153,202,202,216,240,86,99,99,224,224,247,8,29,0,0],"floor_reached":22,"playtime":1358,"items_purged":["Parasite"],"score":185,"play_id":"9a9a31e1-f6a8-4765-8672-8dd957842826","local_time":"20190213112456","is_ascension_mode":true,"campfire_choices":[{"data":"Fusion","floor":6,"key":"SMITH"},{"data":"Lockon","floor":8,"key":"SMITH"},{"data":"Reinforced Body","floor":15,"key":"SMITH"}],"neow_cost":"NONE","seed_source_timestamp":61851526502884,"circlet_count":0,"master_deck":["Defend_B","Defend_B+1","Defend_B+1","Defend_B","Zap","Dualcast","Tempest","Lockon+1","Fusion+1","White Noise","Tempest","Reinforced Body+1","Echo Form","Stack+1","Reinforced Body+1","Undo+1"],"relics":["Cracked Core","Art of War","War Paint","Golden Idol","Lantern","Astrolabe","Cables"],"potions_floor_usage":[22],"damage_taken":[{"damage":0,"enemies":"Cultist","floor":1,"turns":3},{"damage":5,"enemies":"Small Slimes","floor":3,"turns":3},{"damage":0,"enemies":"2 Louse","floor":5,"turns":2},{"damage":4,"enemies":"Blue Slaver","floor":11,"turns":3},{"damage":16,"enemies":"Exordium Wildlife","floor":12,"turns":4},{"damage":1,"enemies":"2 Fungi Beasts","floor":14,"turns":3},{"damage":26,"enemies":"The Guardian","floor":16,"turns":11},{"damage":10,"enemies":"Shell Parasite","floor":18,"turns":10},{"damage":17,"enemies":"3 Byrds","floor":20,"turns":5},{"damage":6,"enemies":"Colosseum Slavers","floor":22,"turns":4},{"damage":35,"enemies":"Colosseum Nobs","floor":22,"turns":4}],"seed_played":"-8684945143223641805","potions_obtained":[{"floor":1,"key":"LiquidBronze"},{"floor":5,"key":"Fire Potion"},{"floor":14,"key":"Strength Potion"}],"is_trial":false,"path_per_floor":["M","?","M","?","M","R","?","R","T","?","M","M","$","M","R","B",null,"M","$","M","?","?"],"character_chosen":"DEFECT","items_purchased":["Reinforced Body","Cables"],"campfire_rested":0,"item_purchase_floors":[13,19],"current_hp_per_floor":[75,63,58,51,51,51,51,51,51,68,64,48,48,47,47,21,66,56,56,39,39,0],"gold":0,"neow_bonus":"RANDOM_COMMON_RELIC","is_prod":false,"is_daily":false,"chose_seed":false,"campfire_upgraded":3,"win_rate":0,"timestamp":1550085896,"path_taken":["M","?","M","?","M","R","?","R","T","?","M","M","$","M","R","BOSS","M","$","M","?","?"],"build_version":"2019-01-23","purchased_purges":1,"victory":false,"max_hp_per_floor":[75,75,75,75,75,75,69,69,69,69,69,69,66,66,66,66,66,66,66,66,66,66],"card_choices":[{"not_picked":["Reinforced Body","Hologram"],"picked":"Tempest","floor":1},{"not_picked":["Ball Lightning","Self Repair"],"picked":"Lockon","floor":3},{"not_picked":["Force Field","Defragment"],"picked":"Fusion","floor":5},{"not_picked":["Go for the Eyes","Ball Lightning"],"picked":"White Noise","floor":11},{"not_picked":["Chaos","Gash"],"picked":"Tempest","floor":12},{"not_picked":["Hello World","Rebound","Go for the Eyes"],"picked":"SKIP","floor":14},{"not_picked":["All For One","Buffer"],"picked":"Echo Form","floor":16},{"not_picked":["Sweeping Beam+1","Sunder+1","Streamline"],"picked":"SKIP","floor":18},{"not_picked":["Go for the Eyes+1","Hologram+1","Reprogram"],"picked":"SKIP","floor":20}],"player_experience":220906,"relics_obtained":[{"floor":9,"key":"Lantern"}],"event_choices":[{"damage_healed":0,"gold_gain":0,"player_choice":"Success","damage_taken":12,"relics_obtained":["War Paint"],"max_hp_gain":0,"max_hp_loss":0,"event_name":"Scrap Ooze","floor":2,"gold_loss":0},{"cards_removed":["Strike_B"],"damage_healed":0,"gold_gain":0,"player_choice":"Card Removal","damage_taken":7,"max_hp_gain":0,"max_hp_loss":0,"event_name":"Golden Wing","floor":4,"gold_loss":0},{"damage_healed":0,"gold_gain":0,"player_choice":"Lose Max HP","damage_taken":0,"relics_obtained":["Golden Idol"],"max_hp_gain":0,"max_hp_loss":6,"event_name":"Golden Idol","floor":7,"gold_loss":0},{"damage_healed":17,"gold_gain":0,"player_choice":"Healed and dodged fight","damage_taken":0,"max_hp_gain":0,"max_hp_loss":0,"event_name":"Mushrooms","floor":10,"gold_loss":0,"cards_obtained":["Parasite"]},{"damage_healed":0,"gold_gain":0,"player_choice":"Paid Fearfully","damage_taken":0,"max_hp_gain":0,"max_hp_loss":0,"event_name":"Masked Bandits","floor":21,"gold_loss":29},{"damage_healed":0,"gold_gain":0,"player_choice":"Fight","damage_taken":0,"max_hp_gain":0,"max_hp_loss":0,"event_name":"Colosseum","floor":22,"gold_loss":0},{"damage_healed":0,"gold_gain":0,"player_choice":"Fought Nobs","damage_taken":0,"max_hp_gain":0,"max_hp_loss":0,"event_name":"Colosseum","floor":22,"gold_loss":0}],"is_beta":false,"boss_relics":[{"not_picked":["Calling Bell","Empty Cage"],"picked":"Astrolabe"}],"items_purged_floors":[13],"is_endless":false,"potions_floor_spawned":[1,5,14,16,20,22],"killed_by":"Colosseum Nobs","ascension_level":1}