{"gold_per_floor":[111,36,36,54,54,84,100,100,100,111,111,36,36,46,46,120,120,136,36,47,61,7,7,27,37,37,51,67,67],"floor_reached":29,"playtime":1317,"items_purged":["Strike_B","Strike_B"],"score":483,"play_id":"d95a6bb6-7c76-4086-9c19-615a38260780","local_time":"20190129201754","is_ascension_mode":true,"campfire_choices":[{"data":"Zap","floor":11,"key":"SMITH"},{"data":"Coolheaded","floor":15,"key":"SMITH"},{"floor":23,"key":"REST"}],"neow_cost":"NONE","seed_source_timestamp":459645031418337,"circlet_count":0,"master_deck":["AscendersBane","Defend_B","Defend_B","Defend_B","Defend_B","Zap+1","Dualcast","Cold Snap","Hologram","Sunder+1","Leap","Beam Cell+1","Coolheaded+1","Creative AI","Glacier","Go for the Eyes+1","Coolheaded","BootSequence"],"relics":["Cracked Core","NeowsBlessing","WarpedTongs","Molten Egg 2","FossilizedHelix","Busted Crown","Boot"],"potions_floor_usage":[16,16,27,28,29],"damage_taken":[{"damage":0,"enemies":"Jaw Worm","floor":1,"turns":1},{"damage":0,"enemies":"Small Slimes","floor":4,"turns":1},{"damage":1,"enemies":"3 Sentries","floor":6,"turns":2},{"damage":8,"enemies":"Cultist","floor":7,"turns":3},{"damage":14,"enemies":"3 Louse","floor":10,"turns":3},{"damage":0,"enemies":"Exordium Wildlife","floor":14,"turns":3},{"damage":15,"enemies":"The Guardian","floor":16,"turns":8},{"damage":17,"enemies":"Chosen","floor":18,"turns":6},{"damage":25,"enemies":"3 Byrds","floor":20,"turns":4},{"damage":0,"enemies":"Snecko","floor":21,"turns":6},{"damage":0,"enemies":"Centurion and Healer","floor":24,"turns":7},{"damage":0,"enemies":"Shelled Parasite and Fungi","floor":25,"turns":6},{"damage":6,"enemies":"Snake Plant","floor":27,"turns":4},{"damage":26,"enemies":"3 Cultists","floor":28,"turns":5},{"damage":7,"enemies":"Chosen and Byrds","floor":29,"turns":5}],"seed_played":"5045226056596585296","potions_obtained":[{"floor":6,"key":"FocusPotion"},{"floor":10,"key":"Swift Potion"},{"floor":20,"key":"Strength Potion"},{"floor":25,"key":"Weak Potion"},{"floor":27,"key":"Fire Potion"},{"floor":28,"key":"Block Potion"}],"is_trial":false,"path_per_floor":["M","?","?","M","$","E","M","?","T","M","R","$","?","M","R","B",null,"M","$","M","M","$","R","M","M","T","M","M","M"],"character_chosen":"DEFECT","items_purchased":["Go for the Eyes+1"],"campfire_rested":1,"item_purchase_floors":[22],"current_hp_per_floor":[64,64,64,64,64,63,55,55,55,41,41,41,41,41,41,26,60,43,43,18,18,18,39,39,39,39,33,7,0],"gold":67,"neow_bonus":"THREE_ENEMY_KILL","is_prod":false,"is_daily":false,"chose_seed":false,"campfire_upgraded":2,"win_rate":0,"timestamp":1548811074,"path_taken":["M","?","?","?","$","E","M","?","T","M","R","$","?","M","R","BOSS","M","$","?","?","$","R","M","M","T","M","?","M"],"build_version":"2019-01-23","purchased_purges":2,"victory":false,"max_hp_per_floor":[71,71,71,71,71,71,71,71,71,71,71,71,71,71,71,71,71,71,71,71,71,71,71,71,71,71,71,71,71],"card_choices":[{"not_picked":["Stack","Beam Cell"],"picked":"Cold Snap","floor":1},{"not_picked":["Reprogram","Turbo"],"picked":"Hologram","floor":4},{"not_picked":["Beam Cell","Barrage"],"picked":"Sunder","floor":6},{"not_picked":["Seek","Compile Driver+1"],"picked":"Leap","floor":7},{"not_picked":["Steam","Chill"],"picked":"Beam Cell+1","floor":10},{"not_picked":["Stack","Reinforced Body"],"picked":"Coolheaded","floor":14},{"not_picked":["Fission","Hyperbeam+1"],"picked":"Creative AI","floor":16},{"not_picked":[],"picked":"Glacier","floor":18},{"not_picked":["Lockon+1"],"picked":"SKIP","floor":20},{"not_picked":["Streamline+1"],"picked":"SKIP","floor":21},{"not_picked":[],"picked":"Coolheaded","floor":24},{"not_picked":["Force Field"],"picked":"SKIP","floor":25},{"not_picked":["Double Energy"],"picked":"SKIP","floor":27},{"not_picked":[],"picked":"BootSequence","floor":28}],"player_experience":2214433,"relics_obtained":[{"floor":6,"key":"Molten Egg 2"},{"floor":9,"key":"FossilizedHelix"},{"floor":26,"key":"Boot"}],"event_choices":[{"cards_removed":["Strike_B"],"damage_healed":0,"gold_gain":0,"player_choice":"Card Removal","damage_taken":0,"max_hp_gain":0,"max_hp_loss":0,"event_name":"The Cleric","floor":2,"gold_loss":75},{"damage_healed":0,"gold_gain":0,"player_choice":"Rummage","damage_taken":0,"relics_obtained":["WarpedTongs"],"max_hp_gain":0,"max_hp_loss":0,"event_name":"Accursed Blacksmith","floor":3,"gold_loss":0,"cards_obtained":["Pain"]},{"cards_removed":["Pain"],"damage_healed":0,"gold_gain":0,"player_choice":"Forget","damage_taken":0,"max_hp_gain":0,"max_hp_loss":0,"event_name":"Living Wall","floor":8,"gold_loss":0},{"cards_removed":["Strike_B"],"damage_healed":0,"gold_gain":0,"player_choice":"Purged","damage_taken":0,"max_hp_gain":0,"max_hp_loss":0,"event_name":"Purifier","floor":13,"gold_loss":0}],"is_beta":false,"boss_relics":[{"not_picked":["Ectoplasm","Tiny House"],"picked":"Busted Crown"}],"items_purged_floors":[12,19],"is_endless":false,"potions_floor_spawned":[6,10,14,20,25,27,28],"killed_by":"Chosen and Byrds","ascension_level":18}