{"gold_per_floor":[116,116,133,149,160,160,174,190,213,213,227,239,239,83,83,182,182,197,180,80,80],"floor_reached":21,"playtime":1294,"items_purged":["Strike_G","Regret"],"score":254,"play_id":"e36415f8-b4f0-4e66-a27f-9ed9ca2210ec","local_time":"20180806075825","is_ascension_mode":true,"campfire_choices":[{"data":"Neutralize","floor":6,"key":"SMITH"},{"data":"Dash","floor":10,"key":"SMITH"},{"floor":13,"key":"REST"},{"floor":15,"key":"REST"}],"neow_cost":"","seed_source_timestamp":1001582219752742,"circlet_count":0,"master_deck":["Defend_G","Defend_G","Defend_G","Defend_G","Defend_G","Strike_G","Strike_G","Strike_G","Strike_G","Survivor","Neutralize+1","Backflip","Escape Plan","Dash+1","Terror","Poisoned Stab","Noxious Fumes","Leg Sweep","Bouncing Flask","Dodge and Roll","Adrenaline","Regret","Injury"],"relics":["Ring of the Snake","Art of War","Calling Bell","Bag of Preparation","Pantograph","Unceasing Top"],"potions_floor_usage":[5,21],"damage_taken":[{"damage":13,"enemies":"Small Slimes","floor":1,"turns":4},{"damage":4,"enemies":"Jaw Worm","floor":3,"turns":5},{"damage":3,"enemies":"Cultist","floor":4,"turns":5},{"damage":9,"enemies":"Lots of Slimes","floor":5,"turns":5},{"damage":6,"enemies":"Red Slaver","floor":7,"turns":5},{"damage":8,"enemies":"Gremlin Gang","floor":8,"turns":9},{"damage":18,"enemies":"Lots of Slimes","floor":11,"turns":4},{"damage":17,"enemies":"Exordium Thugs","floor":12,"turns":5},{"damage":13,"enemies":"The Guardian","floor":16,"turns":11},{"damage":21,"enemies":"Spheric Guardian","floor":18,"turns":5},{"damage":16,"enemies":"2 Thieves","floor":19,"turns":4},{"damage":24,"enemies":"Chosen and Byrds","floor":21,"turns":6}],"seed_played":"-2278725972946025525","potions_obtained":[{"floor":3,"key":"Fire Potion"},{"floor":4,"key":"SpeedPotion"},{"floor":7,"key":"FearPotion"}],"is_trial":false,"path_per_floor":["M","?","M","M","M","R","M","M","T","R","M","M","R","$","R","B",null,"M","M","$"],"character_chosen":"THE_SILENT","items_purchased":["Bouncing Flask","Dodge and Roll"],"campfire_rested":2,"item_purchase_floors":[14,14],"current_hp_per_floor":[50,70,66,63,54,54,48,40,40,40,22,5,26,26,47,34,61,40,24,24,0],"gold":80,"neow_bonus":"","is_prod":false,"is_daily":false,"chose_seed":false,"campfire_upgraded":2,"win_rate":0,"timestamp":1533556705,"path_taken":["M","?","M","?","M","R","M","M","T","R","M","M","R","?","R","BOSS","M","?","?","M"],"build_version":"2018-08-02","purchased_purges":2,"victory":false,"max_hp_per_floor":[70,70,70,70,70,70,70,70,70,70,70,70,70,70,70,70,70,70,70,70,70],"card_choices":[{"not_picked":["Calculated Gamble","Accuracy"],"picked":"Backflip","floor":1},{"not_picked":["Outmaneuver","Bane"],"picked":"Escape Plan","floor":3},{"not_picked":["Deadly Poison","Prepared"],"picked":"Dash","floor":4},{"not_picked":["Deadly Poison","Dagger Spray"],"picked":"Terror","floor":5},{"not_picked":["Skewer","Bane","Terror"],"picked":"SKIP","floor":7},{"not_picked":["Masterful Stab","Concentrate"],"picked":"Poisoned Stab","floor":8},{"not_picked":["Prepared","Well Laid Plans"],"picked":"Noxious Fumes","floor":11},{"not_picked":["Prepared","Infinite Blades"],"picked":"Leg Sweep","floor":12},{"not_picked":["Phantasmal Killer","Doppelganger"],"picked":"Adrenaline","floor":16},{"not_picked":["Acrobatics","Tactician","Skewer"],"picked":"SKIP","floor":18},{"not_picked":["Bane","Prepared","Skewer+1"],"picked":"SKIP","floor":19}],"player_experience":1437595,"relics_obtained":[{"floor":9,"key":"Art of War"},{"floor":17,"key":"Bag of Preparation"},{"floor":17,"key":"Pantograph"},{"floor":17,"key":"Unceasing Top"}],"event_choices":[{"event_name":"Big Fish","player_choice":"Banana","floor":2,"damage_taken":0}],"is_beta":false,"boss_relics":[{"not_picked":["HoveringKite","Philosopher\u0027s Stone"],"picked":"Calling Bell"}],"items_purged_floors":[14,20],"is_endless":false,"potions_floor_spawned":[3,4,7],"killed_by":"Chosen and Byrds","ascension_level":9}