{"gold_per_floor":[117,135,145,155,1,1,1,12,39,55,69,69,34,34,34,138,138,148,159,84,96,114,114,114,114,139,9,9,19,19,19,19,122,122,139,239,253,66,85,85,85],"floor_reached":41,"playtime":5923,"items_purged":["Strike_B"],"score":481,"play_id":"1bd44602-4989-4f15-8eed-3d72b5afe5fc","local_time":"20181112232455","is_ascension_mode":true,"campfire_choices":[{"data":"Zap","floor":6,"key":"SMITH"},{"data":"Lockon","floor":12,"key":"SMITH"},{"data":"Go for the Eyes","floor":15,"key":"SMITH"},{"data":"Glacier","floor":23,"key":"SMITH"},{"data":"Beam Cell","floor":25,"key":"SMITH"},{"floor":32,"key":"REST"},{"floor":40,"key":"REST"}],"neow_cost":"NONE","seed_source_timestamp":425521101633861,"circlet_count":0,"master_deck":["Strike_B","Strike_B","Strike_B","Defend_B+1","Defend_B","Defend_B","Defend_B","Zap+1","Dualcast","Auto Shields","Go for the Eyes+1","Rip and Tear","Beam Cell+1","Glacier+1","White Noise","Buffer","Lockon+1","Reboot+1","Ball Lightning","Capacitor","Conserve Battery","White Noise+1","Creative AI","Steam+1","Defragment"],"relics":["Orichalcum","Busted Crown","War Paint","Centennial Puzzle","Nloth\u0027s Gift","Eternal Feather","PreservedInsect"],"potions_floor_usage":[10,16,19,19,21,29,37],"damage_taken":[{"damage":3,"enemies":"Jaw Worm","floor":1,"turns":4},{"damage":0,"enemies":"Cultist","floor":2,"turns":3},{"damage":2,"enemies":"Small Slimes","floor":3,"turns":3},{"damage":6,"enemies":"3 Louse","floor":4,"turns":3},{"damage":5,"enemies":"Lots of Slimes","floor":8,"turns":4},{"damage":0,"enemies":"Large Slime","floor":10,"turns":5},{"damage":4,"enemies":"3 Louse","floor":11,"turns":4},{"damage":5,"enemies":"Slime Boss","floor":16,"turns":13},{"damage":0,"enemies":"Chosen","floor":18,"turns":3},{"damage":26,"enemies":"3 Byrds","floor":19,"turns":8},{"damage":2,"enemies":"Centurion and Healer","floor":21,"turns":9},{"damage":0,"enemies":"Chosen and Byrds","floor":22,"turns":5},{"damage":11,"enemies":"Cultist and Chosen","floor":29,"turns":7},{"damage":39,"enemies":"Champ","floor":33,"turns":13},{"damage":0,"enemies":"3 Shapes","floor":35,"turns":6},{"damage":47,"enemies":"3 Darklings","floor":37,"turns":14},{"damage":13,"enemies":"Spire Growth","floor":39,"turns":8},{"damage":58,"enemies":"Reptomancer","floor":41,"turns":6}],"seed_played":"-2108142803712871053","potions_obtained":[{"floor":4,"key":"EssenceOfSteel"},{"floor":8,"key":"Fruit Juice"},{"floor":11,"key":"Swift Potion"},{"floor":14,"key":"Regen Potion"},{"floor":16,"key":"Ancient Potion"},{"floor":19,"key":"Swift Potion"},{"floor":22,"key":"Fire Potion"},{"floor":35,"key":"SneckoOil"},{"floor":39,"key":"Ancient Potion"}],"is_trial":false,"path_per_floor":["M","M","M","M","$","R","?","M","T","M","M","R","?","?","R","B",null,"M","M","?","M","M","R","?","R","T","$","?","M","$","?","R","B",null,"M","?","M","$","M","R","E"],"character_chosen":"DEFECT","items_purchased":["Glacier","Capacitor","Conserve Battery","Defragment","PreservedInsect"],"campfire_rested":2,"item_purchase_floors":[5,27,27,38,38],"current_hp_per_floor":[79,79,77,71,71,71,71,66,66,71,67,67,87,87,87,82,86,86,72,72,70,70,70,70,70,70,70,70,59,59,59,85,46,77,77,77,30,30,17,58,0],"gold":85,"neow_bonus":"TEN_PERCENT_HP_BONUS","is_prod":false,"is_daily":false,"chose_seed":false,"campfire_upgraded":5,"win_rate":0,"timestamp":1542086695,"path_taken":["M","M","M","M","$","R","?","M","T","?","M","R","?","?","R","BOSS","M","?","?","M","M","R","?","R","T","$","?","?","$","?","R","BOSS","M","?","?","$","M","R","E"],"build_version":"2018-11-08","purchased_purges":1,"victory":false,"max_hp_per_floor":[82,82,82,82,82,82,82,82,82,87,87,87,87,87,87,87,87,87,87,87,87,87,87,87,87,87,87,87,87,87,87,87,87,87,87,87,87,87,87,87,87],"card_choices":[{"not_picked":["Gash","Stack"],"picked":"Auto Shields","floor":1},{"not_picked":["Streamline","Rip and Tear"],"picked":"Go for the Eyes","floor":2},{"not_picked":["Hello World","FTL"],"picked":"Rip and Tear","floor":3},{"not_picked":["Streamline","Gash"],"picked":"Beam Cell","floor":4},{"not_picked":["Scrape","Loop"],"picked":"Buffer","floor":8},{"not_picked":["Gash","Leap","Skim"],"picked":"SKIP","floor":10},{"not_picked":["Reprogram","Sunder"],"picked":"Lockon","floor":11},{"not_picked":["Machine Learning","Buffer"],"picked":"Reboot","floor":16},{"not_picked":["Coolheaded"],"picked":"SKIP","floor":18},{"not_picked":["Barrage"],"picked":"SKIP","floor":19},{"not_picked":[],"picked":"Ball Lightning","floor":21},{"not_picked":["Loop"],"picked":"SKIP","floor":22},{"not_picked":[],"picked":"White Noise+1","floor":29},{"not_picked":[],"picked":"Creative AI","floor":33},{"not_picked":[],"picked":"Steam+1","floor":35},{"not_picked":["Redo"],"picked":"SKIP","floor":37},{"not_picked":["Hologram+1"],"picked":"SKIP","floor":39}],"player_experience":529575,"relics_obtained":[{"floor":9,"key":"Orichalcum"},{"floor":26,"key":"War Paint"}],"event_choices":[{"damage_healed":0,"gold_gain":0,"player_choice":"2 cards matched","damage_taken":0,"max_hp_gain":0,"max_hp_loss":0,"event_name":"Match and Keep!","floor":7,"gold_loss":0,"cards_obtained":["White Noise","Go for the Eyes"]},{"damage_healed":21,"gold_gain":0,"player_choice":"Healed","damage_taken":0,"max_hp_gain":0,"max_hp_loss":0,"event_name":"The Cleric","floor":13,"gold_loss":35},{"damage_healed":0,"gold_gain":0,"player_choice":"Got Potions","damage_taken":0,"max_hp_gain":0,"max_hp_loss":0,"event_name":"Lab","floor":14,"gold_loss":0},{"cards_removed":["Go for the Eyes"],"damage_healed":0,"gold_gain":0,"player_choice":"Gave Gold","damage_taken":0,"max_hp_gain":0,"max_hp_loss":0,"event_name":"Beggar","floor":20,"gold_loss":75},{"damage_healed":0,"gold_gain":0,"player_choice":"Ignored","damage_taken":0,"max_hp_gain":0,"max_hp_loss":0,"event_name":"Ghosts","floor":24,"gold_loss":0},{"damage_healed":0,"gold_gain":0,"player_choice":"Gave Potion","damage_taken":0,"relics_obtained":["Centennial Puzzle"],"max_hp_gain":0,"max_hp_loss":0,"event_name":"WeMeetAgain","floor":28,"gold_loss":0},{"damage_healed":0,"gold_gain":0,"player_choice":"Traded Relic","damage_taken":0,"relics_obtained":["Nloth\u0027s Gift"],"max_hp_gain":0,"max_hp_loss":0,"event_name":"N\u0027loth","floor":31,"relics_lost":["Cracked Core"],"gold_loss":0},{"damage_healed":0,"gold_gain":100,"player_choice":"Pray","damage_taken":0,"max_hp_gain":0,"max_hp_loss":0,"event_name":"Golden Shrine","floor":36,"gold_loss":0}],"is_beta":true,"boss_relics":[{"not_picked":["Snecko Eye","Runic Dome"],"picked":"Busted Crown"},{"not_picked":["Empty Cage","Velvet Choker"],"picked":"Eternal Feather"}],"items_purged_floors":[5],"is_endless":false,"potions_floor_spawned":[4,8,11,16,18,19,22,35,39],"killed_by":"Reptomancer","ascension_level":5}