{"gold_per_floor":[113,113,128,128,141,141,164,182,182,182,196,39,39,58,58,188,188,203,118,157,172,97,97,120,135,135,76,3,3,3,28,28,151,151,166,499,499,512,612,252,252,265,265,265,487,501,127,146,146,146],"floor_reached":51,"playtime":2295,"items_purged":["Juggernaut","Wild Strike","Flex"],"score":714,"play_id":"4c863693-c51e-43e5-bcfe-34776846e359","local_time":"20181215122902","is_ascension_mode":false,"campfire_choices":[{"data":"Armaments","floor":6.0,"key":"SMITH"},{"data":"Disarm","floor":10.0,"key":"SMITH"},{"data":"Spot Weakness","floor":15.0,"key":"SMITH"},{"data":"Heavy Blade","floor":23.0,"key":"SMITH"},{"floor":29.0,"key":"REST"},{"floor":32.0,"key":"REST"},{"floor":44.0,"key":"REST"},{"floor":49.0,"key":"REST"}],"neow_cost":"NONE","seed_source_timestamp":1421140641508771,"circlet_count":0,"master_deck":["Bash","Body Slam+1","Armaments+1","Disarm+1","Inflame","Spot Weakness+1","Demon Form","Metallicize","Limit Break","Spot Weakness","Sword Boomerang","Sentinel+1","Sentinel+1","Spot Weakness","Flame Barrier","Clothesline+1","Heavy Blade+1","Impervious","Exhume","Whirlwind","The Bomb","Whirlwind","Ghostly Armor+1"],"special_seed":0,"relics":["Burning Blood","NeowsBlessing","Whetstone","Dream Catcher","Pandora\u0027s Box","War Paint","Red Mask","Oddly Smooth Stone","Self Forming Clay","Snecko Eye","Bird Faced Urn","ClockworkSouvenir","Bottled Tornado","Bag of Marbles"],"potions_floor_usage":[50,50],"damage_taken":[{"damage":0.0,"enemies":"Jaw Worm","floor":1.0,"turns":1.0},{"damage":0.0,"enemies":"Small Slimes","floor":3.0,"turns":1.0},{"damage":0.0,"enemies":"Cultist","floor":5.0,"turns":1.0},{"damage":5.0,"enemies":"Looter","floor":7.0,"turns":3.0},{"damage":17.0,"enemies":"Gremlin Gang","floor":8.0,"turns":5.0},{"damage":5.0,"enemies":"Exordium Thugs","floor":11.0,"turns":4.0},{"damage":17.0,"enemies":"3 Louse","floor":14.0,"turns":4.0},{"damage":11.0,"enemies":"Hexaghost","floor":16.0,"turns":8.0},{"damage":22.0,"enemies":"2 Thieves","floor":18.0,"turns":3.0},{"damage":16.0,"enemies":"Masked Bandits","floor":20.0,"turns":4.0},{"damage":21.0,"enemies":"Chosen","floor":21.0,"turns":8.0},{"damage":14.0,"enemies":"Snecko","floor":24.0,"turns":5.0},{"damage":22.0,"enemies":"Centurion and Healer","floor":25.0,"turns":7.0},{"damage":20.0,"enemies":"Colosseum Slavers","floor":30.0,"turns":9.0},{"damage":12.0,"enemies":"Shelled Parasite and Fungi","floor":31.0,"turns":3.0},{"damage":32.0,"enemies":"Champ","floor":33.0,"turns":7.0},{"damage":10.0,"enemies":"3 Darklings","floor":35.0,"turns":5.0},{"damage":5.0,"enemies":"3 Shapes","floor":38.0,"turns":6.0},{"damage":35.0,"enemies":"Mind Bloom Boss Battle","floor":39.0,"turns":5.0},{"damage":12.0,"enemies":"Maw","floor":42.0,"turns":8.0},{"damage":31.0,"enemies":"Sphere and 2 Shapes","floor":46.0,"turns":3.0},{"damage":7.0,"enemies":"3 Darklings","floor":48.0,"turns":3.0},{"damage":8,"enemies":"Donu and Deca","floor":50,"turns":4}],"seed_played":"1902019682325140344","potions_obtained":[{"floor":5.0,"key":"SteroidPotion"},{"floor":7.0,"key":"PowerPotion"},{"floor":8.0,"key":"Block Potion"},{"floor":13.0,"key":"AttackPotion"},{"floor":18.0,"key":"LiquidBronze"},{"floor":20.0,"key":"Regen Potion"},{"floor":25.0,"key":"Swift Potion"},{"floor":39.0,"key":"GamblersBrew"},{"floor":42.0,"key":"Explosive Potion"},{"floor":46.0,"key":"Block Potion"}],"is_trial":false,"path_per_floor":["M","?","M","?","M","R","M","M","T","R","M","$","?","M","R","B",null,"M","?","?","M","$","R","M","M","T","?","$","R","?","M","R","B",null,"M","?","?","M","?","$","?","M","T","R","?","M","$","M","R","B",null],"character_chosen":"IRONCLAD","items_purchased":["Dream Catcher","Impervious","Flex","ClockworkSouvenir","Bag of Marbles","PowerPotion","AttackPotion"],"campfire_rested":4,"item_purchase_floors":[12,28,40,40,47,47,47],"current_hp_per_floor":[80,60,66,66,72,72,73,62,62,62,63,63,63,52,52,47,80,64,64,54,39,39,39,31,30,30,30,30,54,40,34,58,32,80,76,76,76,77,48,48,48,44,44,68,68,45,45,46,70,76],"gold":146,"neow_bonus":"THREE_ENEMY_KILL","is_prod":false,"is_daily":false,"chose_seed":false,"campfire_upgraded":4,"win_rate":0,"timestamp":1544844542,"path_taken":["M","?","M","?","?","R","M","M","T","R","M","$","?","?","R","BOSS","M","?","?","M","$","R","?","M","T","?","?","R","?","M","R","BOSS","M","?","?","M","?","$","?","M","T","R","?","M","$","M","R","BOSS"],"build_version":"2018-12-13","purchased_purges":3,"victory":true,"max_hp_per_floor":[80,80,80,80,80,80,80,80,80,80,80,80,80,80,80,80,80,80,80,80,80,80,80,80,80,80,80,80,80,80,80,80,80,80,80,80,80,80,80,80,80,80,80,80,80,80,80,80,80,80],"card_choices":[{"not_picked":["Wild Strike","Fire Breathing","Havoc"],"picked":"SKIP","floor":1.0},{"not_picked":["Uppercut","Corruption"],"picked":"Body Slam","floor":3.0},{"not_picked":["Sword Boomerang","Pommel Strike"],"picked":"Armaments","floor":5.0},{"not_picked":["Wild Strike","Sword Boomerang"],"picked":"Disarm","floor":7.0},{"not_picked":["Power Through","Anger","Pommel Strike"],"picked":"SKIP","floor":8.0},{"not_picked":["Uppercut","Wild Strike"],"picked":"Inflame","floor":11.0},{"not_picked":["Body Slam","Perfected Strike"],"picked":"Spot Weakness","floor":14.0},{"not_picked":["Berserk","Reaper"],"picked":"Demon Form","floor":16.0},{"not_picked":["Clash+1","Feel No Pain+1"],"picked":"Flame Barrier","floor":18.0},{"not_picked":["Rupture+1","Body Slam"],"picked":"Clothesline+1","floor":20.0},{"not_picked":["Pommel Strike+1","Perfected Strike"],"picked":"Heavy Blade","floor":21.0},{"not_picked":["Power Through","Pommel Strike","Carnage"],"picked":"SKIP","floor":24.0},{"not_picked":["Sever Soul","Shrug It Off","Headbutt"],"picked":"SKIP","floor":25.0},{"not_picked":["Heavy Blade","Thunderclap","Twin Strike"],"picked":"SKIP","floor":31.0},{"not_picked":["Fiend Fire","Brutality"],"picked":"Exhume","floor":33.0},{"not_picked":["Pommel Strike","Shrug It Off+1"],"picked":"Whirlwind","floor":35.0},{"not_picked":["Secret Technique","Forethought"],"picked":"The Bomb","floor":37.0},{"not_picked":["Wild Strike+1","Reckless Charge+1"],"picked":"Whirlwind","floor":38.0},{"not_picked":["True Grit","Body Slam","Anger+1"],"picked":"SKIP","floor":42.0},{"not_picked":["Warcry","Cleave"],"picked":"Ghostly Armor+1","floor":44.0},{"not_picked":["Reaper","Inflame","Headbutt"],"picked":"SKIP","floor":46.0},{"not_picked":["Body Slam+1","Heavy Blade","Cleave+1"],"picked":"SKIP","floor":48.0}],"player_experience":206090,"relics_obtained":[{"floor":9.0,"key":"Whetstone"},{"floor":20.0,"key":"Red Mask"},{"floor":26.0,"key":"Oddly Smooth Stone"},{"floor":39.0,"key":"Bird Faced Urn"},{"floor":43.0,"key":"Bottled Tornado"}],"event_choices":[{"damage_healed":0.0,"max_hp_gain":0.0,"max_hp_loss":0.0,"gold_gain":0.0,"event_name":"Golden Idol","player_choice":"Take Damage","floor":2.0,"gold_loss":0.0,"damage_taken":20.0,"relics_obtained":["Golden Idol"]},{"damage_healed":0.0,"max_hp_gain":0.0,"max_hp_loss":0.0,"gold_gain":0.0,"event_name":"NoteForYourself","player_choice":"Ignored","floor":4.0,"gold_loss":0.0,"damage_taken":0.0},{"damage_healed":0.0,"max_hp_gain":0.0,"max_hp_loss":0.0,"gold_gain":0.0,"event_name":"Lab","player_choice":"Got Potions","floor":13.0,"gold_loss":0.0,"damage_taken":0.0},{"damage_healed":0.0,"max_hp_gain":0.0,"max_hp_loss":0.0,"gold_gain":0.0,"event_name":"Addict","player_choice":"Obtained Relic","floor":19.0,"gold_loss":85.0,"damage_taken":0.0,"relics_obtained":["War Paint"]},{"damage_healed":0.0,"max_hp_gain":0.0,"max_hp_loss":0.0,"gold_gain":0.0,"event_name":"Masked Bandits","player_choice":"Fought Bandits","floor":20.0,"gold_loss":0.0,"damage_taken":0.0},{"damage_healed":0.0,"max_hp_gain":0.0,"max_hp_loss":0.0,"gold_gain":0.0,"event_name":"WeMeetAgain","player_choice":"Paid Gold","floor":27.0,"gold_loss":59.0,"damage_taken":0.0,"relics_obtained":["Self Forming Clay"]},{"damage_healed":0.0,"max_hp_gain":0.0,"max_hp_loss":0.0,"gold_gain":0.0,"event_name":"Colosseum","player_choice":"Fight","floor":30.0,"gold_loss":0.0,"damage_taken":0.0},{"damage_healed":0.0,"max_hp_gain":0.0,"max_hp_loss":0.0,"gold_gain":0.0,"event_name":"Colosseum","player_choice":"Fled From Nobs","floor":30.0,"gold_loss":0.0,"damage_taken":0.0},{"damage_healed":0.0,"max_hp_gain":0.0,"max_hp_loss":0.0,"gold_gain":333.0,"event_name":"The Moai Head","player_choice":"Gave Idol","floor":36.0,"relics_lost":["Golden Idol"],"gold_loss":0.0,"damage_taken":0.0},{"damage_healed":0.0,"max_hp_gain":0.0,"max_hp_loss":0.0,"gold_gain":0.0,"event_name":"SensoryStone","player_choice":"Memory 1","floor":37.0,"gold_loss":0.0,"damage_taken":0.0},{"damage_healed":0.0,"max_hp_gain":0.0,"max_hp_loss":0.0,"gold_gain":0.0,"event_name":"MindBloom","player_choice":"Fight","floor":39.0,"gold_loss":0.0,"damage_taken":0.0},{"damage_healed":0.0,"max_hp_gain":0.0,"max_hp_loss":0.0,"gold_gain":0.0,"event_name":"Mysterious Sphere","player_choice":"Ignored","floor":41.0,"gold_loss":0.0,"damage_taken":0.0},{"damage_healed":0.0,"max_hp_gain":0.0,"max_hp_loss":0.0,"gold_gain":222.0,"event_name":"Tomb of Lord Red Mask","player_choice":"Wore Mask","floor":45.0,"gold_loss":0.0,"damage_taken":0.0}],"is_beta":false,"boss_relics":[{"not_picked":["Astrolabe","Fusion Hammer"],"picked":"Pandora\u0027s Box"},{"not_picked":["Coffee Dripper","Orrery"],"picked":"Snecko Eye"}],"items_purged_floors":[22,40,47],"is_endless":false,"potions_floor_spawned":[5,7,8,16,18,20,25,39,42,46],"ascension_level":0}