{"gold_per_floor":[112,112,131,6,21,47,47,69,69,2,2,20,51,51,51,51],"floor_reached":16,"playtime":1004,"items_purged":["Pain"],"score":108,"play_id":"324d1963-f389-4e50-824a-76c314033f04","local_time":"20190206224644","is_ascension_mode":false,"campfire_choices":[{"data":"Neutralize","floor":7,"key":"SMITH"},{"floor":15,"key":"REST"}],"neow_cost":"NONE","seed_source_timestamp":35517688308661,"circlet_count":0,"master_deck":["Defend_G","Defend_G","Defend_G","Defend_G","Defend_G","Strike_G","Strike_G","Strike_G","Strike_G","Survivor","Neutralize+1","Flying Knee","Acrobatics","Dash","Venomology","Acrobatics"],"relics":["Ring of the Snake","WarpedTongs","Gambling Chip","Odd Mushroom","Bottled Lightning","Meat on the Bone","GremlinMask"],"potions_floor_usage":[8,13,16,16,16],"damage_taken":[{"damage":4,"enemies":"Small Slimes","floor":1,"turns":4},{"damage":4,"enemies":"Cultist","floor":3,"turns":3},{"damage":0,"enemies":"2 Louse","floor":5,"turns":3},{"damage":32,"enemies":"Gremlin Nob","floor":6,"turns":6},{"damage":6,"enemies":"The Mushroom Lair","floor":8,"turns":5},{"damage":0,"enemies":"Looter","floor":12,"turns":3},{"damage":3,"enemies":"3 Sentries","floor":13,"turns":11},{"damage":42,"enemies":"Hexaghost","floor":16,"turns":20}],"seed_played":"5877988026709391042","potions_obtained":[{"floor":3,"key":"SteroidPotion"},{"floor":13,"key":"Ancient Potion"}],"is_trial":false,"path_per_floor":["M","?","M","$","M","E","R","?","T","$","?","M","E","?","R","B"],"character_chosen":"THE_SILENT","items_purchased":["Acrobatics","Dash"],"campfire_rested":1,"item_purchase_floors":[4,10],"current_hp_per_floor":[66,66,62,62,62,30,30,24,24,24,24,24,21,21,42,0],"gold":51,"neow_bonus":"REMOVE_CARD","is_prod":false,"is_daily":false,"chose_seed":false,"campfire_upgraded":1,"win_rate":0.0,"timestamp":1549489604,"path_taken":["M","?","?","$","M","E","R","?","T","$","?","?","E","?","R","BOSS"],"build_version":"2019-01-23","purchased_purges":1,"victory":false,"max_hp_per_floor":[70,70,70,70,70,70,70,70,70,70,70,70,70,70,70,70],"card_choices":[{"not_picked":["Underhanded Strike","Skewer"],"picked":"Flying Knee","floor":1},{"not_picked":["Outmaneuver","Poisoned Stab","Dodge and Roll"],"picked":"SKIP","floor":3},{"not_picked":["Outmaneuver","Flying Knee","Dagger Spray"],"picked":"SKIP","floor":5},{"not_picked":["Bane","Heel Hook","Distraction"],"picked":"SKIP","floor":6},{"not_picked":["Endless Agony","Poisoned Stab","A Thousand Cuts"],"picked":"SKIP","floor":12},{"not_picked":["Dagger Spray","Slice"],"picked":"Acrobatics","floor":13}],"player_experience":4376,"relics_obtained":[{"floor":6,"key":"Gambling Chip"},{"floor":8,"key":"Odd Mushroom"},{"floor":9,"key":"Bottled Lightning"},{"floor":13,"key":"Meat on the Bone"}],"event_choices":[{"damage_healed":0,"gold_gain":0,"player_choice":"Rummage","damage_taken":0,"relics_obtained":["WarpedTongs"],"max_hp_gain":0,"max_hp_loss":0,"event_name":"Accursed Blacksmith","floor":2,"gold_loss":0,"cards_obtained":["Pain"]},{"damage_healed":0,"gold_gain":0,"player_choice":"Fought Mushrooms","damage_taken":0,"max_hp_gain":0,"max_hp_loss":0,"event_name":"Mushrooms","floor":8,"gold_loss":0},{"damage_healed":0,"gold_gain":0,"player_choice":"1 cards matched","damage_taken":0,"max_hp_gain":0,"max_hp_loss":0,"event_name":"Match and Keep!","floor":11,"gold_loss":0,"cards_obtained":["Venomology"]},{"damage_healed":0,"gold_gain":0,"player_choice":"Trade","damage_taken":0,"relics_obtained":["GremlinMask"],"max_hp_gain":0,"max_hp_loss":0,"event_name":"FaceTrader","floor":14,"gold_loss":0}],"is_beta":false,"boss_relics":[],"items_purged_floors":[4],"is_endless":false,"potions_floor_spawned":[3,13],"killed_by":"Hexaghost","ascension_level":0}