{"gold_per_floor":[113,113,113,134,16,60,60,93,146,146,162,181,10,34,34,160,160,185,208,133,147,67,67,67,67,142,19,19,52,64,96,108,225,237,269,356,58,58,72,72,72,72,72,72,72,82,82,101,101,101],"floor_reached":50,"playtime":1867,"items_purged":["Strike_B","Strike_B"],"score":584,"play_id":"e2c0a15f-1cff-4beb-8a67-e648c8b91fab","local_time":"20181029155434","is_ascension_mode":true,"campfire_choices":[{"floor":7,"key":"REST"},{"floor":15,"key":"REST"},{"data":"Defragment","floor":23,"key":"SMITH"},{"floor":28,"key":"REST"},{"data":"Defragment","floor":32,"key":"SMITH"},{"data":"Static Discharge","floor":40,"key":"SMITH"},{"data":"Sunder","floor":42,"key":"SMITH"},{"floor":49,"key":"REST"}],"neow_cost":"NONE","seed_source_timestamp":778891286608869,"circlet_count":0,"master_deck":["Strike_B","Strike_B","Defend_B","Defend_B","Defend_B","Defend_B","Zap+1","Dualcast","Defragment+1","Hologram","Discovery","Go for the Eyes","BootSequence","Sunder+1","Redo+1","Steam+1","Defragment+1","Leap+1","Compile Driver","Chill+1","Electrodynamics","Chaos+1","Undo+1","Auto Shields+1","Cold Snap","Loop","Stack+1","Auto Shields+1","Defragment+1","Ball Lightning+1","Echo Form+1","Stack+1","Static Discharge+1","Writhe","Regret"],"relics":["Cracked Core","Art of War","Toxic Egg 2","Bronze Scales","Nuclear Battery","Nloth\u0027s Gift","Bottled Lightning","MawBank","Cursed Key","Regal Pillow","Kunai"],"potions_floor_usage":[6,16,29,29,33,46,48,50,50],"damage_taken":[{"damage":2,"enemies":"Jaw Worm","floor":1,"turns":3},{"damage":0,"enemies":"2 Louse","floor":4,"turns":2},{"damage":24,"enemies":"3 Sentries","floor":6,"turns":8},{"damage":41,"enemies":"Gremlin Nob","floor":8,"turns":5},{"damage":0,"enemies":"Cultist","floor":11,"turns":3},{"damage":0,"enemies":"Exordium Wildlife","floor":12,"turns":2},{"damage":0,"enemies":"2 Fungi Beasts","floor":14,"turns":3},{"damage":18,"enemies":"The Guardian","floor":16,"turns":11},{"damage":0,"enemies":"2 Thieves","floor":18,"turns":3},{"damage":7,"enemies":"3 Byrds","floor":19,"turns":3},{"damage":12,"enemies":"Cultist and Chosen","floor":21,"turns":4},{"damage":11,"enemies":"Book of Stabbing","floor":29,"turns":7},{"damage":1,"enemies":"Centurion and Healer","floor":31,"turns":5},{"damage":28,"enemies":"Champ","floor":33,"turns":15},{"damage":5,"enemies":"3 Shapes","floor":35,"turns":4},{"damage":0,"enemies":"Orb Walker","floor":39,"turns":3},{"damage":20,"enemies":"Writhing Mass","floor":46,"turns":5},{"damage":15,"enemies":"Spire Growth","floor":48,"turns":6},{"damage":77,"enemies":"Time Eater","floor":50,"turns":10}],"seed_played":"-103843447603476925","potions_obtained":[{"floor":1,"key":"Weak Potion"},{"floor":11,"key":"PowerPotion"},{"floor":12,"key":"GamblersBrew"},{"floor":16,"key":"Energy Potion"},{"floor":19,"key":"EssenceOfSteel"},{"floor":29,"key":"Block Potion"},{"floor":33,"key":"GamblersBrew"},{"floor":35,"key":"FearPotion"},{"floor":46,"key":"SkillPotion"},{"floor":48,"key":"EssenceOfSteel"}],"is_trial":false,"path_per_floor":["M","?","?","M","$","E","R","E","T","?","M","M","$","M","R","B",null,"M","M","$","M","$","R","?","$","T","$","R","E","?","M","R","B",null,"M","?","$","?","M","R","?","R","T","$","?","M","$","M","R"],"character_chosen":"DEFECT","items_purchased":["Discovery","Go for the Eyes","Defragment","Leap+1","Compile Driver","Auto Shields+1","Loop","Stack+1","Regal Pillow","Static Discharge"],"campfire_rested":4,"item_purchase_floors":[5,5,13,13,13,20,22,27,37,37],"current_hp_per_floor":[73,73,73,73,73,49,71,30,30,23,23,23,23,23,45,27,75,75,68,68,56,56,56,56,56,56,56,75,64,64,63,63,35,75,70,63,63,63,63,63,75,75,75,75,75,55,55,40,75,0],"gold":101,"neow_bonus":"UPGRADE_CARD","is_prod":false,"is_daily":false,"chose_seed":false,"campfire_upgraded":4,"win_rate":0,"timestamp":1540846474,"path_taken":["M","?","?","M","$","E","R","E","T","?","M","M","$","M","R","BOSS","M","M","?","?","$","R","?","?","T","$","R","E","?","M","R","BOSS","M","?","$","?","M","R","?","R","T","$","?","M","?","?","R","BOSS"],"build_version":"2018-10-29","purchased_purges":2,"victory":false,"max_hp_per_floor":[75,75,75,75,75,75,75,75,75,75,75,75,75,75,75,75,75,75,75,75,75,75,75,75,75,75,75,75,75,75,75,75,75,75,75,75,75,75,75,75,75,75,75,75,75,75,75,75,75,75],"card_choices":[{"not_picked":["Leap","Rebound"],"picked":"Defragment","floor":1},{"not_picked":["Barrage","Stack"],"picked":"Hologram","floor":4},{"not_picked":["Biased Cognition","Conserve Battery"],"picked":"BootSequence","floor":6},{"not_picked":["Gash","Compile Driver"],"picked":"Sunder","floor":8},{"not_picked":["Go for the Eyes","Hologram+1"],"picked":"Redo+1","floor":11},{"not_picked":["Skim+1","Recycle+1"],"picked":"Steam+1","floor":12},{"not_picked":["Sweeping Beam","Darkness+1"],"picked":"Chill+1","floor":14},{"not_picked":["Machine Learning","Fission+1"],"picked":"Electrodynamics","floor":16},{"not_picked":["Consume+1","Compile Driver"],"picked":"Chaos+1","floor":18},{"not_picked":["Compile Driver","Stack+1"],"picked":"Undo+1","floor":19},{"not_picked":["Sunder","Compile Driver"],"picked":"Cold Snap","floor":21},{"not_picked":["Sweeping Beam","Force Field+1"],"picked":"Auto Shields+1","floor":29},{"not_picked":["Doom and Gloom","Steam+1"],"picked":"Ball Lightning+1","floor":31},{"not_picked":["Thunder Strike","Machine Learning"],"picked":"Echo Form","floor":33},{"not_picked":["Conserve Battery+1","Fusion+1"],"picked":"Stack+1","floor":35},{"not_picked":["Turbo+1","Sweeping Beam","Redo+1"],"picked":"SKIP","floor":39},{"not_picked":["Turbo+1","Static Discharge+1","Conserve Battery+1"],"picked":"SKIP","floor":46},{"not_picked":["Turbo+1","Cold Snap","Hologram+1"],"picked":"SKIP","floor":48}],"player_experience":485425,"relics_obtained":[{"floor":6,"key":"Art of War"},{"floor":8,"key":"Toxic Egg 2"},{"floor":9,"key":"Bronze Scales"},{"floor":26,"key":"Bottled Lightning"},{"floor":29,"key":"MawBank"},{"floor":43,"key":"Kunai"}],"event_choices":[{"damage_healed":0,"gold_gain":0,"player_choice":"Take Wound","damage_taken":0,"relics_obtained":["Golden Idol"],"max_hp_gain":0,"max_hp_loss":0,"event_name":"Golden Idol","floor":2,"gold_loss":0,"cards_obtained":["Injury"]},{"cards_removed":["Injury"],"damage_healed":0,"gold_gain":0,"player_choice":"Forget","damage_taken":0,"max_hp_gain":0,"max_hp_loss":0,"event_name":"Living Wall","floor":3,"gold_loss":0},{"damage_healed":0,"gold_gain":0,"player_choice":"Damaged","damage_taken":7,"max_hp_gain":0,"max_hp_loss":0,"event_name":"Wheel of Change","floor":10,"gold_loss":0},{"damage_healed":0,"gold_gain":0,"player_choice":"Traded Relic","damage_taken":0,"relics_obtained":["Nloth\u0027s Gift"],"max_hp_gain":0,"max_hp_loss":0,"event_name":"N\u0027loth","floor":24,"relics_lost":["Golden Idol"],"gold_loss":0},{"damage_healed":0,"gold_gain":0,"player_choice":"Copied","damage_taken":0,"max_hp_gain":0,"max_hp_loss":0,"event_name":"Duplicator","floor":30,"gold_loss":0,"cards_obtained":["Defragment"]},{"damage_healed":0,"gold_gain":75,"player_choice":"Touch","damage_taken":7,"max_hp_gain":0,"max_hp_loss":0,"event_name":"FaceTrader","floor":36,"gold_loss":0},{"damage_healed":0,"gold_gain":0,"player_choice":"Upgraded","damage_taken":0,"max_hp_gain":0,"max_hp_loss":0,"event_name":"Upgrade Shrine","floor":38,"gold_loss":0,"cards_upgraded":["Echo Form"]},{"damage_healed":19,"gold_gain":0,"player_choice":"Writhe","damage_taken":0,"max_hp_gain":0,"max_hp_loss":0,"event_name":"Winding Halls","floor":41,"gold_loss":0,"cards_obtained":["Writhe"]},{"damage_healed":0,"gold_gain":0,"player_choice":"Memory 1","damage_taken":0,"max_hp_gain":0,"max_hp_loss":0,"event_name":"SensoryStone","floor":45,"gold_loss":0}],"is_beta":true,"boss_relics":[{"not_picked":["Empty Cage","White Beast Statue"],"picked":"Nuclear Battery"},{"not_picked":["Lizard Tail","Snecko Eye"],"picked":"Cursed Key"}],"items_purged_floors":[27,37],"is_endless":false,"potions_floor_spawned":[1,11,12,16,19,21,29,33,35,46,48],"killed_by":"Time Eater","ascension_level":4}