{"gold_per_floor":[117,117,42,42,42,74,74,84,134,149,167,167,185,210,210,331,331,345,370,45,59,59,75,75,93,140,140,159,174,217,61,61,186,186,201,217,230,230,130,161,161,202,226,26,42,42,42,65,65,65],"floor_reached":50,"playtime":2388,"items_purged":["Normality","Bash"],"score":606,"play_id":"fe962255-c337-4ea4-91bd-d73d28a3ed13","local_time":"20180813170511","is_ascension_mode":false,"campfire_choices":[{"data":"Perfected Strike","floor":7,"key":"SMITH"},{"data":"Armaments","floor":15,"key":"SMITH"},{"data":"Perfected Strike","floor":24,"key":"SMITH"},{"data":"Perfected Strike","floor":27,"key":"SMITH"},{"floor":32,"key":"REST"},{"floor":41,"key":"REST"},{"data":"Flex","floor":46,"key":"SMITH"},{"floor":49,"key":"REST"}],"neow_cost":"NONE","seed_source_timestamp":82339379143140,"circlet_count":0,"master_deck":["Strike_R","Strike_R","Strike_R+1","Strike_R","Strike_R","Defend_R","Defend_R","Defend_R","Defend_R","Bash","Perfected Strike+1","Flex+1","Twin Strike","Wild Strike","Armaments+1","Perfected Strike+1","Perfected Strike+1","Pommel Strike+1","Wild Strike","Twin Strike","Perfected Strike+1","Wild Strike","Perfected Strike+1","Flex+1","Perfected Strike+1"],"relics":["Black Blood","Art of War","Red Skull","Regal Pillow","Happy Flower","Golden Idol","Mark of Pain","Whetstone","Blood Vial","Kunai","Bronze Scales","Oddly Smooth Stone","Unceasing Top","Dream Catcher","Frozen Eye"],"potions_floor_usage":[16,33,40,42,47,50],"damage_taken":[{"damage":2,"enemies":"2 Louse","floor":1,"turns":5},{"damage":21,"enemies":"Lagavulin","floor":6,"turns":7},{"damage":0,"enemies":"Cultist","floor":8,"turns":2},{"damage":6,"enemies":"Jaw Worm","floor":10,"turns":2},{"damage":15,"enemies":"Exordium Thugs","floor":11,"turns":5},{"damage":5,"enemies":"Looter","floor":13,"turns":2},{"damage":7,"enemies":"Large Slime","floor":14,"turns":4},{"damage":2,"enemies":"Slime Boss","floor":16,"turns":7},{"damage":0,"enemies":"Spheric Guardian","floor":18,"turns":2},{"damage":25,"enemies":"2 Thieves","floor":19,"turns":3},{"damage":21,"enemies":"Snake Plant","floor":21,"turns":2},{"damage":0,"enemies":"Snecko","floor":23,"turns":2},{"damage":20,"enemies":"Sentry and Sphere","floor":25,"turns":4},{"damage":0,"enemies":"Snake Plant","floor":28,"turns":1},{"damage":0,"enemies":"Snecko","floor":29,"turns":2},{"damage":16,"enemies":"Slavers","floor":30,"turns":3},{"damage":23,"enemies":"Collector","floor":33,"turns":6},{"damage":22,"enemies":"Flame Bruiser 1 Orb","floor":35,"turns":4},{"damage":0,"enemies":"3 Darklings","floor":36,"turns":4},{"damage":32,"enemies":"Sphere and 2 Shapes","floor":37,"turns":4},{"damage":58,"enemies":"Giant Head","floor":40,"turns":6},{"damage":4,"enemies":"2 Orb Walkers","floor":42,"turns":3},{"damage":18,"enemies":"Maw","floor":45,"turns":5},{"damage":43,"enemies":"Giant Head","floor":47,"turns":6},{"damage":16,"enemies":"4 Shapes","floor":48,"turns":3},{"damage":76,"enemies":"Donu and Deca","floor":50,"turns":5}],"seed_played":"898675132058167784","potions_obtained":[{"floor":8,"key":"SmokeBomb"},{"floor":14,"key":"GamblersBrew"},{"floor":16,"key":"SpeedPotion"},{"floor":19,"key":"Energy Potion"},{"floor":28,"key":"SteroidPotion"},{"floor":35,"key":"SkillPotion"},{"floor":45,"key":"BloodPotion"}],"is_trial":false,"path_per_floor":["M","?","$","?","?","E","R","M","T","M","M","?","M","M","R","B",null,"M","M","$","M","?","M","R","M","T","R","M","M","E","$","R","B",null,"M","M","M","?","$","E","R","E","T","$","M","R","E","M","R"],"character_chosen":"IRONCLAD","items_purchased":["Perfected Strike","Flex","Whetstone","Wild Strike","Block Potion","Bronze Scales","Frozen Eye"],"campfire_rested":3,"item_purchase_floors":[3,3,20,20,20,31,44],"current_hp_per_floor":[80,80,80,80,80,65,65,71,71,71,62,42,43,42,42,46,80,80,61,61,46,46,52,52,38,38,38,46,54,46,46,80,63,80,68,80,58,58,58,12,51,59,59,59,53,53,22,18,57,0],"gold":65,"neow_bonus":"RANDOM_COMMON_RELIC","is_prod":false,"is_daily":false,"chose_seed":false,"campfire_upgraded":5,"win_rate":0,"timestamp":1534145711,"path_taken":["M","?","?","?","?","E","R","M","T","?","M","?","M","M","R","BOSS","M","M","$","M","?","M","R","M","T","R","?","M","E","$","R","BOSS","M","?","M","?","$","E","R","E","T","$","M","R","E","M","R","BOSS"],"build_version":"2018-08-09","purchased_purges":2,"victory":false,"max_hp_per_floor":[80,80,80,80,80,80,80,80,80,80,80,80,80,80,80,80,80,80,80,80,80,80,80,80,80,80,80,80,80,80,80,80,80,80,80,80,80,80,80,80,80,80,80,80,80,80,80,80,80,80],"card_choices":[{"not_picked":["True Grit","Seeing Red","Whirlwind"],"picked":"SKIP","floor":1},{"not_picked":["Flame Barrier","Dual Wield"],"picked":"Twin Strike","floor":6},{"not_picked":["Armaments","Iron Wave"],"picked":"Wild Strike","floor":8},{"not_picked":["Iron Wave","Headbutt"],"picked":"Armaments","floor":10},{"not_picked":["Searing Blow","Bloodletting"],"picked":"Perfected Strike","floor":11},{"not_picked":["Intimidate","Metallicize","Sword Boomerang"],"picked":"SKIP","floor":13},{"not_picked":["Metallicize","Barricade"],"picked":"Perfected Strike","floor":14},{"not_picked":["Anger","Dropkick"],"picked":"Pommel Strike+1","floor":18},{"not_picked":["Warcry","Heavy Blade","Havoc"],"picked":"SKIP","floor":19},{"not_picked":["Anger","Uppercut"],"picked":"Twin Strike","floor":21},{"not_picked":["Whirlwind","Pummel+1"],"picked":"Wild Strike","floor":23},{"not_picked":["Dual Wield","Hemokinesis","Fire Breathing+1"],"picked":"SKIP","floor":25},{"not_picked":["Second Wind+1","Body Slam","Anger"],"picked":"SKIP","floor":28},{"not_picked":["Power Through","Flex"],"picked":"Perfected Strike+1","floor":29},{"not_picked":["Berserk","Inflame"],"picked":"Flex+1","floor":30},{"not_picked":["Seeing Red","Heavy Blade+1","Cleave+1"],"picked":"SKIP","floor":35},{"not_picked":["Sword Boomerang+1","Intimidate","Feel No Pain+1"],"picked":"SKIP","floor":36},{"not_picked":["Sword Boomerang+1","Body Slam+1","Warcry+1"],"picked":"SKIP","floor":37},{"not_picked":["Juggernaut","Hemokinesis+1","Clash"],"picked":"SKIP","floor":40},{"not_picked":["Anger","Feel No Pain+1","Rupture"],"picked":"SKIP","floor":42},{"not_picked":["Reckless Charge+1","Wild Strike+1"],"picked":"Perfected Strike+1","floor":45},{"not_picked":["Second Wind+1","Warcry","Power Through"],"picked":"SKIP","floor":48}],"player_experience":336599,"relics_obtained":[{"floor":6,"key":"Regal Pillow"},{"floor":9,"key":"Happy Flower"},{"floor":26,"key":"Blood Vial"},{"floor":30,"key":"Kunai"},{"floor":40,"key":"Oddly Smooth Stone"},{"floor":42,"key":"Unceasing Top"},{"floor":43,"key":"Dream Catcher"}],"event_choices":[{"event_name":"Match and Keep!","player_choice":"1 cards matched","floor":2,"damage_taken":0},{"event_name":"The Cleric","player_choice":"Leave","floor":4,"damage_taken":0},{"event_name":"Accursed Blacksmith","player_choice":"Rummage","floor":5,"damage_taken":0},{"event_name":"Golden Idol","player_choice":"Take Damage","floor":12,"damage_taken":0},{"event_name":"The Library","player_choice":"Read","floor":22,"damage_taken":0},{"event_name":"Transmorgrifier","player_choice":"Skipped","floor":38,"damage_taken":0}],"is_beta":false,"boss_relics":[{"not_picked":["Philosopher\u0027s Stone","Fusion Hammer"],"picked":"Mark of Pain"},{"not_picked":["White Beast Statue","Astrolabe"],"picked":"Black Blood"}],"items_purged_floors":[20,39],"is_endless":false,"potions_floor_spawned":[8,14,16,19,23,28,35,45,47],"killed_by":"Donu and Deca","ascension_level":0}