{"gold_per_floor":[117,127,127,140,140,173,187,214,214,232,232,51,51,66,66,162,162,182,197,214,228,238,238,251,274,274,299,299,316,316,330,330,428,428,440,453,467,467],"floor_reached":38,"playtime":3073,"items_purged":["Strike_B"],"score":464,"play_id":"87eeea2c-8045-4a12-8f0e-1e4d1ecc4f80","local_time":"20181208213820","is_ascension_mode":false,"campfire_choices":[{"floor":11.0,"key":"RECALL"},{"floor":15.0,"key":"REST"},{"floor":23,"key":"REST"},{"floor":28,"key":"REST"},{"floor":32,"key":"REST"}],"neow_cost":"NONE","seed_source_timestamp":0,"circlet_count":0,"master_deck":["Strike_B","Strike_B","Strike_B","Defend_B","Defend_B","Defend_B","Defend_B","Zap","Dualcast","Cold Snap","Steam","Rebound","Glacier","Lockon","Cold Snap","Loop+1","White Noise","Finesse","Compile Driver","Echo Form+1","Go for the Eyes","Genetic Algorithm","Sweeping Beam","Blizzard","Echo Form+1","Redo","Chill+1","Glacier+1"],"special_seed":0,"relics":["Busted Crown","Mummified Hand","Singing Bowl","Shuriken","Frozen Egg 2","Sozu","Question Card","Calipers","Art of War","Inserter"],"potions_floor_usage":[],"damage_taken":[{"damage":0.0,"enemies":"Cultist","floor":1.0,"turns":4.0},{"damage":0.0,"enemies":"2 Louse","floor":2.0,"turns":2.0},{"damage":0.0,"enemies":"Small Slimes","floor":4.0,"turns":2.0},{"damage":14.0,"enemies":"Lagavulin","floor":6.0,"turns":8.0},{"damage":14.0,"enemies":"Exordium Thugs","floor":7.0,"turns":5.0},{"damage":2.0,"enemies":"3 Sentries","floor":8.0,"turns":10.0},{"damage":1.0,"enemies":"Blue Slaver","floor":10.0,"turns":4.0},{"damage":0.0,"enemies":"Exordium Wildlife","floor":14.0,"turns":3.0},{"damage":0.0,"enemies":"Hexaghost","floor":16.0,"turns":8.0},{"damage":20.0,"enemies":"2 Thieves","floor":18.0,"turns":4.0},{"damage":10.0,"enemies":"Shell Parasite","floor":19.0,"turns":5.0},{"damage":28.0,"enemies":"Shelled Parasite and Fungi","floor":20.0,"turns":6.0},{"damage":0,"enemies":"Snecko","floor":21,"turns":6},{"damage":18,"enemies":"Sentry and Sphere","floor":22,"turns":6},{"damage":0,"enemies":"Cultist and Chosen","floor":24,"turns":9},{"damage":13,"enemies":"Gremlin Leader","floor":27,"turns":7},{"damage":9,"enemies":"Shelled Parasite and Fungi","floor":29,"turns":6},{"damage":16,"enemies":"Snake Plant","floor":31,"turns":6},{"damage":18,"enemies":"Collector","floor":33,"turns":11},{"damage":10,"enemies":"Orb Walker","floor":35,"turns":4},{"damage":0,"enemies":"3 Shapes","floor":36,"turns":7},{"damage":31,"enemies":"Spire Growth","floor":37,"turns":6},{"damage":50,"enemies":"2 Orb Walkers","floor":38,"turns":6}],"seed_played":"7818652649713108506","potions_obtained":[{"floor":4.0,"key":"Weak Potion"},{"floor":8.0,"key":"LiquidBronze"},{"floor":10.0,"key":"Energy Potion"},{"floor":14.0,"key":"Block Potion"}],"is_trial":false,"path_per_floor":["M","M","?","M","?","E","M","E","T","M","R","$","?","M","R","B",null,"M","M","M","M","M","R","M","T","T","E","R","M","?","M","R","B",null,"M","M","M","?"],"character_chosen":"DEFECT","items_purchased":["Loop+1","White Noise"],"campfire_rested":4,"item_purchase_floors":[12,12],"current_hp_per_floor":[75,75,75,75,75,61,47,45,45,46,46,46,46,46,69,69,77,57,49,21,23,7,31,31,31,31,18,42,35,35,21,47,29,87,77,77,46,0],"gold":467,"neow_bonus":"BOSS_RELIC","is_prod":false,"is_daily":false,"chose_seed":false,"campfire_upgraded":0,"win_rate":0,"timestamp":1544323100,"path_taken":["M","M","?","M","?","E","?","E","T","M","R","$","?","M","R","BOSS","M","?","?","M","M","R","M","?","T","E","R","?","?","M","R","BOSS","M","M","M","?"],"build_version":"2018-12-06","purchased_purges":1,"victory":false,"max_hp_per_floor":[75,75,75,75,75,75,75,75,75,77,77,77,77,77,77,77,77,77,79,79,81,83,83,83,83,83,83,83,85,85,87,87,87,87,87,87,87,87],"card_choices":[{"not_picked":[],"picked":"Cold Snap","floor":1.0},{"not_picked":[],"picked":"Steam","floor":2.0},{"not_picked":[],"picked":"Rebound","floor":4.0},{"not_picked":[],"picked":"Glacier","floor":6.0},{"not_picked":[],"picked":"Lockon","floor":7.0},{"not_picked":[],"picked":"Cold Snap","floor":8.0},{"not_picked":["Redo"],"picked":"Singing Bowl","floor":10.0},{"not_picked":[],"picked":"Compile Driver","floor":14.0},{"not_picked":[],"picked":"Echo Form+1","floor":16.0},{"not_picked":[],"picked":"Go for the Eyes","floor":18.0},{"not_picked":["Rebound"],"picked":"Singing Bowl","floor":19.0},{"not_picked":[],"picked":"Genetic Algorithm","floor":20.0},{"not_picked":["Turbo+1"],"picked":"Singing Bowl","floor":21},{"not_picked":["Barrage"],"picked":"Singing Bowl","floor":22},{"not_picked":[],"picked":"Sweeping Beam","floor":24},{"not_picked":["Compile Driver"],"picked":"Blizzard","floor":27},{"not_picked":["Fusion","Turbo"],"picked":"Singing Bowl","floor":29},{"not_picked":["Turbo","Recycle"],"picked":"Singing Bowl","floor":31},{"not_picked":["Core Surge"],"picked":"Echo Form+1","floor":33},{"not_picked":["Steam"],"picked":"Redo","floor":35},{"not_picked":["Sweeping Beam+1"],"picked":"Chill+1","floor":36},{"not_picked":["Beam Cell"],"picked":"Glacier+1","floor":37}],"player_experience":1813811,"relics_obtained":[{"floor":6.0,"key":"Singing Bowl"},{"floor":8.0,"key":"Shuriken"},{"floor":9.0,"key":"Frozen Egg 2"},{"floor":26,"key":"Question Card"},{"floor":27,"key":"Calipers"},{"floor":30,"key":"Art of War"}],"event_choices":[{"damage_healed":0.0,"max_hp_gain":0.0,"max_hp_loss":0.0,"gold_gain":0.0,"event_name":"Liars Game","player_choice":"Ignored","floor":3.0,"gold_loss":0.0,"damage_taken":0.0},{"damage_healed":0.0,"max_hp_gain":0.0,"max_hp_loss":0.0,"gold_gain":0.0,"event_name":"WeMeetAgain","player_choice":"Gave Potion","floor":5.0,"gold_loss":0.0,"damage_taken":0.0,"relics_obtained":["Mummified Hand"]},{"damage_healed":0.0,"max_hp_gain":0.0,"max_hp_loss":0.0,"gold_gain":0.0,"event_name":"Match and Keep!","player_choice":"1 cards matched","floor":13.0,"gold_loss":0.0,"damage_taken":0.0,"cards_obtained":["Finesse"]},{"damage_healed":0,"gold_gain":0,"player_choice":"Relic","damage_taken":0,"max_hp_gain":0,"max_hp_loss":0,"event_name":"Wheel of Change","floor":30,"gold_loss":0},{"damage_healed":0,"gold_gain":0,"player_choice":"Fight","damage_taken":0,"max_hp_gain":0,"max_hp_loss":0,"event_name":"Mysterious Sphere","floor":38,"gold_loss":0}],"is_beta":false,"boss_relics":[{"not_picked":["Calling Bell","Runic Pyramid"],"picked":"Sozu"},{"not_picked":["Snecko Eye","Velvet Choker"],"picked":"Inserter"}],"items_purged_floors":[12],"is_endless":false,"potions_floor_spawned":[4,8,10,14,19,20,22,24,31,35,37],"killed_by":"2 Orb Walkers","ascension_level":0}