{"path_per_floor":["M","?","$","M","?","R","$","E","T","E","R","?","$","M","R","B",null,"M","M","$"],"character_chosen":"THE_SILENT","items_purchased":["Noxious Fumes","Sucker Punch","Deadly Poison","Bouncing Flask","Footwork"],"gold_per_floor":[119,119,45,61,61,61,13,47,47,80,80,255,131,148,148,251,251,270,288,47,47],"floor_reached":21,"campfire_rested":1,"playtime":977,"current_hp_per_floor":[60,60,60,58,51,51,51,20,20,14,47,47,47,47,47,8,63,45,8,8,0],"items_purged":["Doubt","Strike_G"],"gold":47,"score":238,"play_id":"47d1283b-1d3e-4c42-8e0c-28a2d204e6f1","local_time":"20180517132404","is_prod":false,"is_daily":false,"chose_seed":false,"is_ascension_mode":true,"campfire_upgraded":0,"timestamp":1526556244,"path_taken":["M","?","?","M","?","R","$","E","T","E","R","?","$","M","R","BOSS","M","?","$","M"],"build_version":"2018-05-10","seed_source_timestamp":262594106510584,"purchased_purges":2,"victory":false,"master_deck":["Defend_G","Defend_G","Defend_G","Defend_G","Strike_G","Survivor","Neutralize","Footwork","Noxious Fumes","Deadly Poison","Sucker Punch","Footwork","Outmaneuver","Bouncing Flask","Deadly Poison","Deadly Poison","Adrenaline","Deadly Poison","Deadly Poison","Bouncing Flask","Footwork"],"max_hp_per_floor":[63,63,63,63,63,63,63,63,63,63,63,63,63,63,63,63,63,63,63,63,63],"relics":["Ring of the Snake","Peace Pipe","Prayer Wheel","Shovel","Regal Pillow","Eternal Feather"],"card_choices":[{"not_picked":["Blur","Underhanded Strike"],"picked":"Footwork","floor":1.0},{"not_picked":["Backstab","Deflect"],"picked":"Deadly Poison","floor":4.0},{"not_picked":["Dagger Spray","Unload"],"picked":"Footwork","floor":8.0},{"not_picked":["Dagger Throw","Eviscerate"],"picked":"Outmaneuver","floor":9.0},{"not_picked":["Outmaneuver","Blade Dance"],"picked":"Bouncing Flask","floor":10.0},{"not_picked":["Expertise","Outmaneuver"],"picked":"Deadly Poison","floor":14.0},{"not_picked":["Tools of the Trade","Storm of Steel"],"picked":"Adrenaline","floor":16.0},{"not_picked":["Flechettes","Calculated Gamble"],"picked":"Deadly Poison","floor":18.0},{"not_picked":["Choke","Dagger Spray"],"picked":"Deadly Poison","floor":19}],"player_experience":91637,"potions_floor_usage":[],"damage_taken":[{"damage":3.0,"enemies":"2 Louse","floor":1.0,"turns":3.0},{"damage":2.0,"enemies":"Jaw Worm","floor":4.0,"turns":6.0},{"damage":31.0,"enemies":"Gremlin Nob","floor":8.0,"turns":6.0},{"damage":6.0,"enemies":"Lagavulin","floor":10.0,"turns":8.0},{"damage":0.0,"enemies":"Small Slimes","floor":14.0,"turns":4.0},{"damage":39.0,"enemies":"The Guardian","floor":16.0,"turns":8.0},{"damage":18.0,"enemies":"Chosen","floor":18.0,"turns":5.0},{"damage":37,"enemies":"3 Byrds","floor":19,"turns":4},{"damage":12,"enemies":"Snake Plant","floor":21,"turns":2}],"event_choices":[{"event_name":"Living Wall","player_choice":"Forget","floor":2.0,"damage_taken":0.0},{"event_name":"Golden Wing","player_choice":"Card Removal","floor":5.0,"damage_taken":0.0},{"event_name":"Liars Game","player_choice":"agreed","floor":12.0,"damage_taken":0.0}],"boss_relics":[],"potions_floor_spawned":[1,8,16],"seed_played":"-7729200255315285767","killed_by":"Snake Plant","ascension_level":3,"is_trial":false}