{"gold_per_floor":[115,131,147,158,10,10,22,22,22,40,54,4,4,22,22,122,122,137,122,22,22,22],"floor_reached":22,"playtime":1471,"items_purged":["Strike_R","Strike_R"],"score":216,"play_id":"a4ca8657-c7aa-400b-9be5-10f7609a98c0","local_time":"20180627220459","is_ascension_mode":true,"campfire_choices":[{"floor":6,"key":"REST"},{"floor":8,"key":"REST"},{"floor":13,"key":"REST"},{"floor":15,"key":"REST"}],"neow_cost":"NONE","seed_source_timestamp":267105293316653,"circlet_count":0,"master_deck":["Strike_R","Strike_R","Defend_R","Defend_R","Defend_R","Defend_R","Bash","Sentinel","Metallicize","Feel No Pain","Whirlwind","Uppercut","Burning Pact","Pommel Strike","Inflame","Warcry","Entrench","Demon Form","Battle Trance+1"],"relics":["Burning Blood","Matryoshka","Cursed Key"],"potions_floor_usage":[4,11,16,16],"damage_taken":[{"damage":6,"enemies":"Cultist","floor":1,"turns":4},{"damage":7,"enemies":"Jaw Worm","floor":2,"turns":6},{"damage":19,"enemies":"Small Slimes","floor":3,"turns":5},{"damage":28,"enemies":"Exordium Wildlife","floor":4,"turns":4},{"damage":22,"enemies":"Large Slime","floor":7,"turns":7},{"damage":19,"enemies":"Looter","floor":10,"turns":3},{"damage":21,"enemies":"2 Fungi Beasts","floor":11,"turns":4},{"damage":11,"enemies":"Red Slaver","floor":14,"turns":7},{"damage":74,"enemies":"Slime Boss","floor":16,"turns":16},{"damage":34,"enemies":"Spheric Guardian","floor":18,"turns":6},{"damage":34,"enemies":"2 Thieves","floor":19,"turns":4},{"damage":27,"enemies":"Sentry and Sphere","floor":22,"turns":3}],"seed_played":"1391578776238491421","potions_obtained":[{"floor":1,"key":"SteroidPotion"},{"floor":4,"key":"Dexterity Potion"},{"floor":7,"key":"Explosive Potion"},{"floor":11,"key":"Dexterity Potion"},{"floor":16,"key":"GamblersBrew"},{"floor":19,"key":"Ancient Potion"}],"is_trial":false,"path_per_floor":["M","M","M","M","$","R","M","R","T","M","M","?","R","M","R","B",null,"M","M","$","?"],"character_chosen":"IRONCLAD","items_purchased":["Burning Pact"],"campfire_rested":4,"item_purchase_floors":[5],"current_hp_per_floor":[80,79,66,44,44,68,52,76,76,63,48,48,72,67,80,12,80,52,24,24,24,0],"gold":22,"neow_bonus":"THREE_CARDS","is_prod":false,"is_daily":false,"chose_seed":false,"campfire_upgraded":0,"win_rate":0,"timestamp":1530151499,"path_taken":["M","M","?","M","$","R","M","R","T","M","M","?","R","M","R","BOSS","M","?","?","?","M"],"build_version":"2018-06-21v2","purchased_purges":2,"victory":false,"max_hp_per_floor":[80,80,80,80,80,80,80,80,80,80,80,80,80,80,80,80,80,80,80,80,80,80],"card_choices":[{"not_picked":["Hemokinesis","Anger"],"picked":"Sentinel","floor":0},{"not_picked":["Reckless Charge","Clothesline"],"picked":"Metallicize","floor":1},{"not_picked":["Anger","Armaments"],"picked":"Feel No Pain","floor":2},{"not_picked":["Anger","Battle Trance"],"picked":"Whirlwind","floor":3},{"not_picked":["Power Through","Twin Strike"],"picked":"Uppercut","floor":4},{"not_picked":["Heavy Blade","Sword Boomerang"],"picked":"Pommel Strike","floor":7},{"not_picked":["Thunderclap","Sever Soul"],"picked":"Inflame","floor":10},{"not_picked":["Rupture","Clothesline"],"picked":"Warcry","floor":11},{"not_picked":["Infernal Blade","Perfected Strike"],"picked":"Entrench","floor":14},{"not_picked":["Reaper","Offering"],"picked":"Demon Form","floor":16},{"not_picked":["Searing Blow","Thunderclap","Clash"],"picked":"SKIP","floor":18},{"not_picked":["Havoc","Wild Strike"],"picked":"Battle Trance+1","floor":19}],"player_experience":824407,"relics_obtained":[{"floor":9,"key":"Matryoshka"}],"event_choices":[{"event_name":"The Cleric","player_choice":"Card Removal","floor":12,"damage_taken":0},{"event_name":"Addict","player_choice":"Ignored","floor":21,"damage_taken":0}],"boss_relics":[{"not_picked":["Empty Cage","Snecko Eye"],"picked":"Cursed Key"}],"items_purged_floors":[5,20],"is_endless":false,"potions_floor_spawned":[1,4,7,11,16,19],"killed_by":"Sentry and Sphere","ascension_level":4}