{"gold_per_floor":[210,230,230,1,1,1,35,35,60,76,110,110,126,144,144,218,268,282,282,282,282,27,27,39,39,39,39,59,77,148,148],"floor_reached":31,"playtime":1439,"items_purged":[],"score":487,"play_id":"152ff532-801e-4b3d-9688-4f437e1e987e","local_time":"20190121124613","is_ascension_mode":true,"campfire_choices":[{"data":"Streamline","floor":6,"key":"SMITH"},{"floor":8,"key":"REST"},{"floor":12,"key":"REST"},{"floor":15,"key":"REST"},{"floor":23,"key":"REST"},{"floor":27,"key":"REST"}],"neow_cost":"NONE","seed_source_timestamp":101410126113917,"circlet_count":0,"master_deck":["AscendersBane","Strike_B","Defend_B","Defend_B+1","Defend_B","Defend_B","Zap","Dualcast","Leap","Streamline+1","Tempest","Creative AI","Genetic Algorithm","Chill","Ball Lightning","Sweeping Beam","Glacier","Rainbow","Glacier","Reprogram","Doom and Gloom","Writhe","Beam Cell","Leap","Steam","Redo+1","Go for the Eyes","Conserve Battery"],"relics":["Cracked Core","MealTicket","Ginger","Strawberry","Dream Catcher","Tiny House","Dodecahedron","ClockworkSouvenir","Meat on the Bone","Ornamental Fan"],"potions_floor_usage":[7,14,16,18,28,29],"damage_taken":[{"damage":4,"enemies":"2 Louse","floor":1,"turns":3},{"damage":0,"enemies":"Cultist","floor":2,"turns":3},{"damage":27,"enemies":"Gremlin Nob","floor":7,"turns":4},{"damage":14,"enemies":"Small Slimes","floor":10,"turns":3},{"damage":39,"enemies":"Lagavulin","floor":11,"turns":8},{"damage":12,"enemies":"Looter","floor":13,"turns":3},{"damage":7,"enemies":"2 Fungi Beasts","floor":14,"turns":3},{"damage":33,"enemies":"Hexaghost","floor":16,"turns":12},{"damage":10,"enemies":"Shell Parasite","floor":18,"turns":10},{"damage":59,"enemies":"Colosseum Slavers","floor":19,"turns":7},{"damage":16,"enemies":"Spheric Guardian","floor":24,"turns":9},{"damage":36,"enemies":"Centurion and Healer","floor":28,"turns":12},{"damage":17,"enemies":"Snake Plant","floor":29,"turns":7},{"damage":35,"enemies":"Cultist and Chosen","floor":31,"turns":7}],"seed_played":"5202701055174307722","potions_obtained":[{"floor":1,"key":"Strength Potion"},{"floor":2,"key":"Energy Potion"},{"floor":11,"key":"LiquidBronze"},{"floor":14,"key":"Fruit Juice"},{"floor":17,"key":"Weak Potion"},{"floor":18,"key":"LiquidBronze"},{"floor":24,"key":"Swift Potion"},{"floor":28,"key":"Strength Potion"}],"is_trial":false,"path_per_floor":["M","M","?","$","?","R","E","R","T","M","E","R","M","M","R","B",null,"M","?","?","?","$","R","M","?","T","R","M","M","T","M"],"character_chosen":"DEFECT","items_purchased":["MealTicket","ClockworkSouvenir","Beam Cell"],"campfire_rested":5,"item_purchase_floors":[4,22,22],"current_hp_per_floor":[60,60,65,65,65,65,38,60,67,53,14,38,26,24,50,17,75,65,6,6,6,21,48,32,32,32,59,35,30,30,0],"gold":148,"neow_bonus":"HUNDRED_GOLD","is_prod":false,"is_daily":false,"chose_seed":false,"campfire_upgraded":1,"win_rate":0,"timestamp":1548092773,"path_taken":["M","M","?","$","?","R","E","R","T","?","E","R","M","M","R","BOSS","M","?","?","?","$","R","M","?","T","R","M","M","?","?"],"build_version":"2019-01-17v2","purchased_purges":0,"victory":false,"max_hp_per_floor":[71,71,76,76,76,76,76,76,83,83,83,83,83,88,88,88,93,93,93,93,93,93,93,93,93,93,93,93,93,93,93],"card_choices":[{"not_picked":["Steam","Melter"],"picked":"Leap","floor":1},{"not_picked":["Rebound","Steam"],"picked":"Streamline","floor":2},{"not_picked":["Turbo","Barrage"],"picked":"Tempest","floor":7},{"not_picked":["Steam Power","Turbo"],"picked":"Creative AI","floor":10},{"not_picked":["Steam Power","Sweeping Beam"],"picked":"Genetic Algorithm","floor":11},{"not_picked":["Leap","Sweeping Beam"],"picked":"Chill","floor":12},{"not_picked":["Rebound","Compile Driver"],"picked":"Ball Lightning","floor":13},{"not_picked":["Heatsinks","White Noise"],"picked":"Sweeping Beam","floor":14},{"not_picked":["Coolheaded","Leap"],"picked":"Glacier","floor":15},{"not_picked":["Biased Cognition","Core Surge"],"picked":"Rainbow","floor":16},{"not_picked":["Reprogram","Rebound"],"picked":"Glacier","floor":17},{"not_picked":["Turbo","Sunder","Chaos"],"picked":"SKIP","floor":18},{"not_picked":["Chaos","Streamline"],"picked":"Leap","floor":23},{"not_picked":["Leap","Tempest"],"picked":"Steam","floor":24},{"not_picked":["Stack","Ball Lightning+1"],"picked":"Redo+1","floor":27},{"not_picked":["Gash","Turbo"],"picked":"Go for the Eyes","floor":28},{"not_picked":["Go for the Eyes","Barrage"],"picked":"Conserve Battery","floor":29}],"player_experience":2183302,"relics_obtained":[{"floor":7,"key":"Ginger"},{"floor":9,"key":"Strawberry"},{"floor":11,"key":"Dream Catcher"},{"floor":26,"key":"Meat on the Bone"},{"floor":30,"key":"Ornamental Fan"}],"event_choices":[{"damage_healed":0,"gold_gain":0,"player_choice":"Donut","damage_taken":0,"max_hp_gain":5,"max_hp_loss":0,"event_name":"Big Fish","floor":3,"gold_loss":0},{"cards_removed":["Strike_B"],"damage_healed":0,"gold_gain":0,"player_choice":"Offered Basic","damage_taken":0,"max_hp_gain":0,"max_hp_loss":0,"event_name":"Bonfire Elementals","floor":5,"gold_loss":0},{"damage_healed":0,"gold_gain":0,"player_choice":"Fight","damage_taken":0,"max_hp_gain":0,"max_hp_loss":0,"event_name":"Colosseum","floor":19,"gold_loss":0},{"damage_healed":0,"gold_gain":0,"player_choice":"Fled From Nobs","damage_taken":0,"max_hp_gain":0,"max_hp_loss":0,"event_name":"Colosseum","floor":19,"gold_loss":0},{"damage_healed":0,"gold_gain":0,"cards_transformed":["Strike_B","Strike_B"],"player_choice":"Became Test Subject","damage_taken":0,"max_hp_gain":0,"max_hp_loss":0,"event_name":"Drug Dealer","floor":20,"gold_loss":0,"cards_obtained":["Reprogram","Doom and Gloom"]},{"damage_healed":0,"gold_gain":0,"player_choice":"Opened","damage_taken":0,"relics_obtained":["Dodecahedron"],"max_hp_gain":0,"max_hp_loss":0,"event_name":"The Mausoleum","floor":21,"gold_loss":0,"cards_obtained":["Writhe"]},{"damage_healed":0,"gold_gain":0,"player_choice":"Ignored","damage_taken":0,"max_hp_gain":0,"max_hp_loss":0,"event_name":"Vampires","floor":25,"gold_loss":0}],"is_beta":false,"boss_relics":[{"not_picked":["Pandora\u0027s Box","Nuclear Battery"],"picked":"Tiny House"}],"items_purged_floors":[],"is_endless":false,"potions_floor_spawned":[1,2,11,14,18,24,28],"killed_by":"Cultist and Chosen","ascension_level":18}