{"gold_per_floor":[110,110,124,138,153,153,169,179,179,189,43,43,43,43,43,144,144,164,164,181,106,106,106,119,40,90,90,109,109,121,138,138,237,237,252,252,1,1,1,1,15,28,28,28,28,45,45],"floor_reached":47,"playtime":3156,"items_purged":["Strike_B","Defend_B"],"score":594,"play_id":"07faef9d-2ec6-418f-a566-7fd656483822","local_time":"20180714234701","is_ascension_mode":false,"campfire_choices":[{"data":"Dualcast","floor":6,"key":"SMITH"},{"data":"Redo","floor":13,"key":"SMITH"},{"floor":15,"key":"REST"},{"data":"Storm","floor":23,"key":"SMITH"},{"floor":29,"key":"REST"},{"floor":32,"key":"REST"},{"data":"Echo Form","floor":40,"key":"SMITH"},{"floor":44,"key":"REST"}],"neow_cost":"","seed_source_timestamp":0,"circlet_count":0,"master_deck":["Defend_B","Defend_B","Defend_B+1","Zap+1","Dualcast+1","Hologram","Coolheaded","Hologram","Leap+1","Storm+1","Blizzard","Defragment","Echo Form+1","Leap+1","Redo+1","Capacitor","Defragment","Glacier","Multi-Cast","Reboot","Coolheaded","Master of Strategy","Fusion+1"],"relics":["Cracked Core","Pear","Sozu","Symbiotic Virus","Anchor","Empty Cage","Strawberry","Toxic Egg 2","Potion Belt"],"potions_floor_usage":[16,16,28,30],"damage_taken":[{"damage":1,"enemies":"Cultist","floor":1,"turns":3},{"damage":1,"enemies":"Jaw Worm","floor":3,"turns":3},{"damage":8,"enemies":"Small Slimes","floor":4,"turns":3},{"damage":5,"enemies":"Blue Slaver","floor":5,"turns":4},{"damage":0,"enemies":"3 Louse","floor":7,"turns":3},{"damage":0,"enemies":"Large Slime","floor":8,"turns":5},{"damage":6,"enemies":"Exordium Thugs","floor":10,"turns":6},{"damage":1,"enemies":"The Guardian","floor":16,"turns":11},{"damage":9,"enemies":"Shell Parasite","floor":18,"turns":7},{"damage":0,"enemies":"Chosen","floor":20,"turns":4},{"damage":22,"enemies":"Centurion and Healer","floor":24,"turns":12},{"damage":31,"enemies":"3 Cultists","floor":28,"turns":5},{"damage":5,"enemies":"Snecko","floor":30,"turns":4},{"damage":5,"enemies":"Cultist and Chosen","floor":31,"turns":7},{"damage":12,"enemies":"Champ","floor":33,"turns":11},{"damage":26,"enemies":"Flame Bruiser 1 Orb","floor":35,"turns":5},{"damage":20,"enemies":"3 Darklings","floor":41,"turns":4},{"damage":7,"enemies":"Sphere and 2 Shapes","floor":42,"turns":6},{"damage":60,"enemies":"Flame Bruiser 2 Orb","floor":46,"turns":9},{"damage":7,"enemies":"3 Darklings","floor":47,"turns":5}],"seed_played":"-6698961202455928587","potions_obtained":[{"floor":7,"key":"FocusPotion"},{"floor":8,"key":"Block Potion"},{"floor":12,"key":"Poison Potion"},{"floor":16,"key":"Energy Potion"}],"is_trial":true,"path_per_floor":["M","?","M","M","M","R","M","M","T","M","$","?","R","?","R","B",null,"M","?","M","?","?","R","M","$","T","?","M","R","M","M","R","B",null,"M","?","$","?","?","R","M","M","T","R","T","M"],"character_chosen":"DEFECT","items_purchased":["Defragment","Capacitor","Strawberry"],"campfire_rested":4,"item_purchase_floors":[11,25,37],"current_hp_per_floor":[74,74,73,65,60,60,60,60,70,64,64,64,64,47,72,71,85,76,76,76,76,76,76,54,54,54,54,23,48,43,38,63,51,85,59,59,66,66,66,66,46,39,39,66,66,6,0],"gold":45,"neow_bonus":"","is_prod":false,"is_daily":false,"chose_seed":false,"campfire_upgraded":4,"win_rate":0,"timestamp":1531626421,"path_taken":["M","?","?","M","M","R","M","M","T","M","$","?","R","?","R","BOSS","M","?","M","?","?","R","M","$","T","?","M","R","?","M","R","BOSS","M","?","$","?","?","R","?","M","T","R","?","M","M"],"build_version":"2018-07-12","purchased_purges":2,"victory":false,"max_hp_per_floor":[75,75,75,75,75,75,75,75,85,85,85,85,85,85,85,85,85,85,85,85,85,85,85,85,85,85,85,85,85,85,85,85,85,85,85,85,92,92,92,92,92,92,92,92,92,92,92],"card_choices":[{"not_picked":["Stack","Double Energy"],"picked":"Hologram","floor":1},{"not_picked":["Chaos","Recycle"],"picked":"Coolheaded","floor":3},{"not_picked":["Rebound","Steam"],"picked":"Hologram","floor":4},{"not_picked":["Gash","Streamline"],"picked":"Leap","floor":5},{"not_picked":["Go for the Eyes","Scrape"],"picked":"Storm","floor":7},{"not_picked":["Tempest","Sunder"],"picked":"Redo","floor":8},{"not_picked":["Hello World","Barrage"],"picked":"Blizzard","floor":10},{"not_picked":["Core Surge","Fission"],"picked":"Echo Form","floor":16},{"not_picked":["Go for the Eyes","Sweeping Beam"],"picked":"Leap+1","floor":18},{"not_picked":["Hologram","Hello World"],"picked":"Redo+1","floor":20},{"not_picked":["Go for the Eyes","Stack","Rebound"],"picked":"SKIP","floor":24},{"not_picked":["Gash","Turbo+1"],"picked":"Defragment","floor":28},{"not_picked":["Consume","Cold Snap+1"],"picked":"Glacier","floor":30},{"not_picked":["Storm","Redo+1"],"picked":"Multi-Cast","floor":31},{"not_picked":["Hyperbeam","Creative AI"],"picked":"Reboot","floor":33},{"not_picked":["Gash","Ball Lightning+1"],"picked":"Coolheaded","floor":35},{"not_picked":["Sadistic Nature","Purity"],"picked":"Master of Strategy","floor":36},{"not_picked":["Rebound","Recycle+1","Sunder+1"],"picked":"SKIP","floor":41},{"not_picked":["Turbo+1","Streamline","Steam"],"picked":"SKIP","floor":42},{"not_picked":["Doom and Gloom","Sunder+1"],"picked":"Fusion+1","floor":46}],"player_experience":1107230,"relics_obtained":[{"floor":9,"key":"Pear"},{"floor":26,"key":"Anchor"},{"floor":43,"key":"Toxic Egg 2"},{"floor":45,"key":"Potion Belt"}],"event_choices":[{"event_name":"Upgrade Shrine","player_choice":"Upgraded","floor":2,"damage_taken":0},{"event_name":"The Lab","player_choice":"Got Potions","floor":12,"damage_taken":0},{"event_name":"Shining Light","player_choice":"Entered Light","floor":14,"damage_taken":0},{"event_name":"The Mausoleum","player_choice":"Yes","floor":19,"damage_taken":0},{"event_name":"Beggar","player_choice":"Gave Gold","floor":21,"damage_taken":0},{"event_name":"Vampires","player_choice":"Ignored","floor":22,"damage_taken":0},{"event_name":"Forgotten Altar","player_choice":"Smashed Altar","floor":27,"damage_taken":0},{"event_name":"SensoryStone","player_choice":"Memory 1","floor":36,"damage_taken":0},{"event_name":"Fountain of Cleansing","player_choice":"Removed Curse","floor":38,"damage_taken":0},{"event_name":"Falling","player_choice":"Removed Skill","floor":39,"damage_taken":0}],"boss_relics":[{"not_picked":["Snecko Eye","Velvet Choker"],"picked":"Sozu"},{"not_picked":["Astrolabe","Runic Dome"],"picked":"Empty Cage"}],"items_purged_floors":[11,37],"is_endless":true,"potions_floor_spawned":[7,8,16,28,31,33,42,46],"killed_by":"3 Darklings","ascension_level":0}