{"gold_per_floor":[116,132,147,161,161,200,216,251,277,242,261,18,32,57,57,181,181,200,200,216,235,235,235,235,251,277,277,321,339,358,383,383,383],"floor_reached":33,"playtime":2399,"items_purged":[],"score":305,"play_id":"a5f4be50-c7d4-4e9c-a263-1b2c18497116","local_time":"20181210135520","is_ascension_mode":false,"campfire_choices":[{"floor":15,"key":"REST"},{"floor":24,"key":"REST"},{"floor":27,"key":"REST"},{"floor":32,"key":"REST"}],"neow_cost":"NONE","seed_source_timestamp":160987597319803,"circlet_count":0,"master_deck":["Defend_G","Defend_G","Defend_G","Defend_G","Defend_G","Strike_G","Strike_G","Strike_G","Strike_G","Strike_G","Survivor","Neutralize","Deadly Poison","Riddle With Holes","Backflip","Caltrops","Injury","Underhanded Strike","Cloak And Dagger","Riddle With Holes","Dodge and Roll","Dagger Throw","Sucker Punch","After Image","Caltrops","PiercingWail+1","PiercingWail","Blur","Backflip","Calculated Gamble","Acrobatics+1","Backflip"],"special_seed":0,"relics":["Fusion Hammer","Golden Idol","Art of War","Thread and Needle","Anchor","Kunai","Black Star","Nilry\u0027s Codex","Mercury Hourglass","Dodecahedron"],"potions_floor_usage":[8,22,23,28,28],"damage_taken":[{"damage":0.0,"enemies":"Small Slimes","floor":1.0,"turns":4.0},{"damage":0.0,"enemies":"2 Louse","floor":2.0,"turns":4.0},{"damage":1.0,"enemies":"Jaw Worm","floor":3.0,"turns":4.0},{"damage":14.0,"enemies":"Gremlin Gang","floor":4.0,"turns":6.0},{"damage":5.0,"enemies":"3 Sentries","floor":6.0,"turns":8.0},{"damage":7.0,"enemies":"Looter","floor":7.0,"turns":3.0},{"damage":24,"enemies":"Gremlin Nob","floor":8,"turns":4},{"damage":0,"enemies":"2 Fungi Beasts","floor":11,"turns":3},{"damage":0,"enemies":"Large Slime","floor":13,"turns":6},{"damage":5,"enemies":"Exordium Thugs","floor":14,"turns":5},{"damage":13,"enemies":"Hexaghost","floor":16,"turns":11},{"damage":9,"enemies":"3 Byrds","floor":18,"turns":5},{"damage":13,"enemies":"Spheric Guardian","floor":20,"turns":6},{"damage":3,"enemies":"Centurion and Healer","floor":21,"turns":8},{"damage":0,"enemies":"Gremlin Leader","floor":23,"turns":1},{"damage":0,"enemies":"Chosen and Byrds","floor":25,"turns":6},{"damage":21,"enemies":"Slavers","floor":28,"turns":7},{"damage":17,"enemies":"Cultist and Chosen","floor":29,"turns":9},{"damage":0,"enemies":"Snake Plant","floor":30,"turns":5},{"damage":0,"enemies":"Centurion and Healer","floor":31,"turns":8},{"damage":66,"enemies":"Champ","floor":33,"turns":15}],"seed_played":"4524392703403313292","potions_obtained":[{"floor":3.0,"key":"Explosive Potion"},{"floor":4.0,"key":"EssenceOfSteel"},{"floor":7.0,"key":"PowerPotion"},{"floor":13,"key":"GhostInAJar"},{"floor":16,"key":"FearPotion"},{"floor":20,"key":"AttackPotion"},{"floor":21,"key":"SmokeBomb"},{"floor":22,"key":"Fruit Juice"},{"floor":22,"key":"Block Potion"},{"floor":25,"key":"SkillPotion"}],"is_trial":false,"path_per_floor":["M","M","M","M","?","E","M","E","T","?","M","$","M","M","R","B",null,"M","?","M","M","?","E","R","M","T","R","E","M","M","M","R","B"],"character_chosen":"THE_SILENT","items_purchased":["Kunai"],"campfire_rested":4,"item_purchase_floors":[12],"current_hp_per_floor":[70,70,69,55,55,50,43,19,19,36,36,36,36,31,52,39,70,61,45,32,29,34,34,56,56,56,75,54,37,37,37,59,0],"gold":383,"neow_bonus":"BOSS_RELIC","is_prod":false,"is_daily":false,"chose_seed":false,"campfire_upgraded":0,"win_rate":0,"timestamp":1544468120,"path_taken":["M","M","M","M","?","E","M","E","T","?","M","$","M","M","R","BOSS","M","?","M","M","?","E","R","M","T","R","E","M","?","M","R","BOSS"],"build_version":"2018-12-06","purchased_purges":0,"victory":false,"max_hp_per_floor":[70,70,70,70,70,70,70,70,70,70,70,70,70,70,70,70,70,70,70,70,70,75,75,75,75,75,75,75,75,75,75,75,75],"card_choices":[{"not_picked":["Well Laid Plans","Underhanded Strike"],"picked":"Deadly Poison","floor":1.0},{"not_picked":["Slice","Concentrate"],"picked":"Riddle With Holes","floor":2.0},{"not_picked":["Masterful Stab","Outmaneuver"],"picked":"Backflip","floor":3.0},{"not_picked":["Distraction","Endless Agony"],"picked":"Caltrops","floor":4.0},{"not_picked":["Acrobatics","Catalyst"],"picked":"Underhanded Strike","floor":6.0},{"not_picked":["Quick Slash","Dagger Spray"],"picked":"Cloak And Dagger","floor":7.0},{"not_picked":["Finisher","Doppelganger"],"picked":"Riddle With Holes","floor":8},{"not_picked":["Deflect","Flechettes"],"picked":"Dodge and Roll","floor":11},{"not_picked":["Outmaneuver","Deflect"],"picked":"Dagger Throw","floor":13},{"not_picked":["Outmaneuver","Deflect"],"picked":"Sucker Punch","floor":14},{"not_picked":["Glass Knife","Adrenaline"],"picked":"After Image","floor":16},{"not_picked":["Prepared","Quick Slash"],"picked":"Caltrops","floor":18},{"not_picked":["Bane","Choke"],"picked":"PiercingWail+1","floor":20},{"not_picked":["Slice+1","Eviscerate"],"picked":"PiercingWail","floor":21},{"not_picked":["Dodge and Roll","Flechettes"],"picked":"Blur","floor":25},{"not_picked":["Skewer","Distraction"],"picked":"Backflip","floor":28},{"not_picked":["Expertise+1","Setup"],"picked":"Calculated Gamble","floor":29},{"not_picked":["Quick Slash","Poisoned Stab+1"],"picked":"Acrobatics+1","floor":30},{"not_picked":["Bane+1","Dagger Throw"],"picked":"Backflip","floor":31}],"player_experience":1838021,"relics_obtained":[{"floor":6.0,"key":"Art of War"},{"floor":8,"key":"Thread and Needle"},{"floor":9,"key":"Anchor"},{"floor":19,"key":"Nilry\u0027s Codex"},{"floor":28,"key":"Mercury Hourglass"},{"floor":28,"key":"Dodecahedron"}],"event_choices":[{"damage_healed":0.0,"max_hp_gain":0.0,"max_hp_loss":0.0,"gold_gain":0.0,"event_name":"Golden Idol","player_choice":"Take Wound","floor":5.0,"gold_loss":0.0,"damage_taken":0.0,"relics_obtained":["Golden Idol"],"cards_obtained":["Injury"]},{"damage_healed":17,"gold_gain":0,"player_choice":"Healed","damage_taken":0,"max_hp_gain":0,"max_hp_loss":0,"event_name":"The Cleric","floor":10,"gold_loss":35},{"damage_healed":0,"gold_gain":0,"player_choice":"Obtained Book","damage_taken":16,"max_hp_gain":0,"max_hp_loss":0,"event_name":"Cursed Tome","floor":19,"gold_loss":0},{"damage_healed":0,"gold_gain":0,"player_choice":"Got Potions","damage_taken":0,"max_hp_gain":0,"max_hp_loss":0,"event_name":"Lab","floor":22,"gold_loss":0}],"is_beta":false,"boss_relics":[{"not_picked":["Astrolabe","Coffee Dripper"],"picked":"Black Star"}],"items_purged_floors":[],"is_endless":false,"potions_floor_spawned":[3,4,7,13,16,20,21,25],"killed_by":"Champ","ascension_level":0}