{"gold_per_floor":[110,185,185,195,195,195,212,212,212,225,225,241,16,33,33,135,135,155,155,167,183,183,183,195,195,195,207,53,86,11,28,28,133,133,151,162,162,177,195,220,220,0,0,19,19,33,48,65,65,65],"floor_reached":51,"playtime":4829,"items_purged":["Strike_R","Normality"],"score":1018,"play_id":"29c48176-835e-48eb-9403-42c12e565636","local_time":"20180629162706","is_ascension_mode":true,"campfire_choices":[{"data":"Body Slam","floor":6.0,"key":"SMITH"},{"data":"Whirlwind","floor":8.0,"key":"SMITH"},{"data":"Body Slam","floor":11.0,"key":"SMITH"},{"floor":15.0,"key":"REST"},{"data":"Flame Barrier","floor":23.0,"key":"SMITH"},{"data":"Shrug It Off","floor":25.0,"key":"SMITH"},{"data":"Demon Form","floor":32.0,"key":"SMITH"},{"floor":41.0,"key":"REST"},{"data":"Body Slam","floor":45.0,"key":"SMITH"},{"floor":49.0,"key":"REST"}],"neow_cost":"","seed_source_timestamp":34222855753953,"circlet_count":0,"master_deck":["Strike_R","Defend_R","Defend_R","Defend_R+1","Defend_R+1","Bash","AscendersBane","Body Slam+1","Whirlwind+1","Body Slam+1","Shrug It Off+1","Offering","Havoc+1","Flame Barrier+1","Demon Form+1","Sentinel","Shrug It Off","Body Slam+1","Burning Pact","Juggernaut","Feel No Pain","Iron Wave+1","Sentinel+1","Limit Break","Normality","Havoc","Body Slam+1","Uppercut","Shrug It Off+1"],"special_seed":0,"relics":["Black Blood","Letter Opener","Regal Pillow","Cursed Key","Du-Vu Doll","Unceasing Top","Vajra","Red Mask","Bottled Flame"],"potions_floor_usage":[50,50,50],"damage_taken":[{"damage":0.0,"enemies":"Small Slimes","floor":1.0,"turns":3.0},{"damage":5.0,"enemies":"2 Louse","floor":4.0,"turns":3.0},{"damage":0.0,"enemies":"Jaw Worm","floor":7.0,"turns":3.0},{"damage":0.0,"enemies":"Lots of Slimes","floor":10.0,"turns":1.0},{"damage":7.0,"enemies":"Large Slime","floor":12.0,"turns":5.0},{"damage":3.0,"enemies":"Exordium Wildlife","floor":14.0,"turns":5.0},{"damage":57.0,"enemies":"Slime Boss","floor":16.0,"turns":14.0},{"damage":13.0,"enemies":"2 Thieves","floor":18.0,"turns":3.0},{"damage":4.0,"enemies":"3 Byrds","floor":20.0,"turns":3.0},{"damage":4.0,"enemies":"Snecko","floor":21.0,"turns":3.0},{"damage":4.0,"enemies":"Slaver and Parasite","floor":24.0,"turns":4.0},{"damage":11.0,"enemies":"Centurion and Healer","floor":27.0,"turns":5.0},{"damage":13.0,"enemies":"Book of Stabbing","floor":29.0,"turns":5.0},{"damage":4.0,"enemies":"3 Cultists","floor":31.0,"turns":2.0},{"damage":60.0,"enemies":"Champ","floor":33.0,"turns":8.0},{"damage":4.0,"enemies":"3 Shapes","floor":35.0,"turns":2.0},{"damage":4.0,"enemies":"3 Darklings","floor":36.0,"turns":3.0},{"damage":23.0,"enemies":"Maw","floor":38.0,"turns":7.0},{"damage":27.0,"enemies":"Spire Growth","floor":39.0,"turns":5.0},{"damage":61.0,"enemies":"2 Orb Walkers","floor":40.0,"turns":6.0},{"damage":10.0,"enemies":"4 Shapes","floor":44.0,"turns":4.0},{"damage":4.0,"enemies":"Sphere and 2 Shapes","floor":46.0,"turns":2.0},{"damage":0.0,"enemies":"3 Darklings","floor":47.0,"turns":1.0},{"damage":19.0,"enemies":"Maw","floor":48.0,"turns":5.0},{"damage":72,"enemies":"Awakened One","floor":50,"turns":9}],"seed_played":"5579797759798307548","potions_obtained":[{"floor":1.0,"key":"GamblersBrew"},{"floor":4.0,"key":"Regen Potion"},{"floor":16.0,"key":"BloodPotion"},{"floor":18.0,"key":"EssenceOfSteel"},{"floor":27.0,"key":"Block Potion"},{"floor":29.0,"key":"Dexterity Potion"},{"floor":35.0,"key":"BloodPotion"},{"floor":36.0,"key":"EssenceOfSteel"},{"floor":44.0,"key":"Block Potion"},{"floor":48.0,"key":"GamblersBrew"}],"is_trial":false,"path_per_floor":["M","?","?","M","?","R","M","R","T","M","R","M","$","M","R","B",null,"M","?","M","M","?","R","M","R","T","M","$","E","?","M","R","B",null,"M","M","?","M","M","E","R","?","T","M","R","M","M","M","R","B"],"character_chosen":"IRONCLAD","items_purchased":["Regal Pillow","Shrug It Off"],"campfire_rested":3,"item_purchase_floors":[],"current_hp_per_floor":[50,39,39,40,21,21,27,27,27,33,33,32,32,35,78,27,79,72,72,74,76,76,76,78,78,78,73,73,66,66,68,68,14,76,82,88,88,75,58,16,59,59,59,59,59,65,75,66,96,49],"gold":65,"neow_bonus":"","is_prod":false,"is_daily":false,"chose_seed":false,"campfire_upgraded":7,"win_rate":0,"timestamp":1530282426,"path_taken":["M","?","?","?","?","R","M","R","T","M","R","M","$","M","R","BOSS","M","?","M","M","?","R","M","R","T","M","$","E","?","M","R","BOSS","M","M","?","M","M","E","R","?","T","M","R","M","M","M","R","BOSS"],"build_version":"2018-06-28","purchased_purges":2,"victory":true,"max_hp_per_floor":[96,96,96,96,96,96,96,96,96,96,96,96,96,96,96,96,96,96,96,96,96,96,96,96,96,96,96,96,96,96,96,96,96,96,96,96,96,96,96,96,96,96,96,96,96,96,96,96,96,96],"card_choices":[{"not_picked":["Rampage","Twin Strike"],"picked":"Body Slam","floor":1.0},{"not_picked":["Pommel Strike","Clash"],"picked":"Ghostly Armor","floor":4.0},{"not_picked":["Thunderclap","Sentinel"],"picked":"Whirlwind","floor":7.0},{"not_picked":["Combust","Clothesline"],"picked":"Body Slam","floor":10.0},{"not_picked":["Burning Pact","Sword Boomerang"],"picked":"Shrug It Off","floor":12.0},{"not_picked":["Fire Breathing","Headbutt","Power Through"],"picked":"SKIP","floor":14.0},{"not_picked":["Fiend Fire","Exhume"],"picked":"Offering","floor":16.0},{"not_picked":["Perfected Strike","Pommel Strike"],"picked":"Havoc","floor":18.0},{"not_picked":["Fire Breathing+1","Wild Strike","Anger"],"picked":"SKIP","floor":20.0},{"not_picked":["Anger+1","Entrench"],"picked":"Flame Barrier","floor":21.0},{"not_picked":["True Grit","Cleave"],"picked":"Demon Form","floor":24.0},{"not_picked":["Rampage+1","Searing Blow"],"picked":"Sentinel","floor":27.0},{"not_picked":["Havoc","Fire Breathing"],"picked":"Body Slam","floor":29.0},{"not_picked":["Flex","Warcry+1"],"picked":"Burning Pact","floor":31.0},{"not_picked":["Double Tap","Demon Form"],"picked":"Juggernaut","floor":33.0},{"not_picked":["Burning Pact","Perfected Strike","Second Wind+1"],"picked":"SKIP","floor":35.0},{"not_picked":["Havoc","Clash+1"],"picked":"Feel No Pain","floor":36.0},{"not_picked":["Sword Boomerang","Feel No Pain"],"picked":"Iron Wave+1","floor":38.0},{"not_picked":["Anger+1","Bloodletting+1"],"picked":"Sentinel+1","floor":39.0},{"not_picked":["Anger","Flex+1"],"picked":"Limit Break","floor":40.0},{"not_picked":["Sever Soul","Sentinel"],"picked":"Havoc","floor":44.0},{"not_picked":["Reckless Charge+1","Pommel Strike+1"],"picked":"Body Slam+1","floor":46.0},{"not_picked":["Clash","Sword Boomerang"],"picked":"Uppercut","floor":47.0},{"not_picked":["Wild Strike","Havoc+1"],"picked":"Shrug It Off+1","floor":48.0}],"player_experience":226530,"relics_obtained":[{"floor":9.0,"key":"Letter Opener"},{"floor":26.0,"key":"Du-Vu Doll"},{"floor":29.0,"key":"Unceasing Top"},{"floor":40.0,"key":"Vajra"},{"floor":43.0,"key":"Bottled Flame"}],"event_choices":[{"event_name":"World of Goop","player_choice":"Gather Gold","floor":2.0,"damage_taken":0.0},{"event_name":"Purifier","player_choice":"One Purge","floor":3.0,"damage_taken":0.0},{"event_name":"Shining Light","player_choice":"Entered Light","floor":5.0,"damage_taken":0.0},{"event_name":"Upgrade Shrine","player_choice":"Upgraded","floor":19.0,"damage_taken":0.0},{"event_name":"Wheel of Change","player_choice":"Card Removal","floor":22.0,"damage_taken":0.0},{"event_name":"Beggar","player_choice":"Gave Gold","floor":30.0,"damage_taken":0.0},{"event_name":"Falling","player_choice":"Removed Skill","floor":37.0,"damage_taken":0.0},{"event_name":"Tomb of Lord Red Mask","player_choice":"Paid","floor":42.0,"damage_taken":0.0}],"boss_relics":[{"not_picked":["Runic Dome","Calling Bell"],"picked":"Cursed Key"},{"not_picked":["Lizard Tail","Pandora\u0027s Box"],"picked":"Black Blood"}],"items_purged_floors":[],"is_endless":false,"potions_floor_spawned":[1,4,16,18,27,29,35,36,44,48],"ascension_level":10}