{"gold_per_floor":[109,109,122,136,156,156,172,192,217,18,18,51,51,68,68,171,171,183,47,59,73,73,73,73],"floor_reached":24,"playtime":870,"items_purged":["Strike_B","Parasite"],"score":230,"play_id":"d4e53f84-b7c4-4115-8935-98c139125953","local_time":"20181024005329","is_ascension_mode":true,"campfire_choices":[{"data":"Chaos","floor":6,"key":"SMITH"},{"data":"Echo Form","floor":15,"key":"SMITH"},{"floor":23,"key":"REST"}],"neow_cost":"NONE","seed_source_timestamp":293811263429331,"circlet_count":0,"master_deck":["Strike_B+1","Strike_B","Defend_B","Defend_B","Defend_B","Defend_B","Zap","Dualcast","BootSequence","Compile Driver","Cold Snap+1","Streamline","Chaos+1","Loop","Echo Form+1","Steam","Capacitor","Machine Learning","Conserve Battery+1","Defragment","Undo","Decay"],"relics":["Cracked Core","NeowsBlessing","Whetstone","Cables","Cursed Key"],"potions_floor_usage":[7,12,16,18],"damage_taken":[{"damage":0,"enemies":"Jaw Worm","floor":1,"turns":1},{"damage":0,"enemies":"2 Louse","floor":3,"turns":1},{"damage":0,"enemies":"Cultist","floor":4,"turns":1},{"damage":2,"enemies":"Red Slaver","floor":5,"turns":3},{"damage":1,"enemies":"Large Slime","floor":7,"turns":6},{"damage":0,"enemies":"3 Louse","floor":8,"turns":3},{"damage":20,"enemies":"Lagavulin","floor":12,"turns":6},{"damage":4,"enemies":"Red Slaver","floor":14,"turns":3},{"damage":22,"enemies":"Hexaghost","floor":16,"turns":8},{"damage":1,"enemies":"Chosen","floor":18,"turns":4},{"damage":25,"enemies":"3 Byrds","floor":20,"turns":6},{"damage":21,"enemies":"Shelled Parasite and Fungi","floor":21,"turns":5},{"damage":50,"enemies":"Slavers","floor":24,"turns":5}],"seed_played":"-155958509243829403","potions_obtained":[{"floor":1,"key":"Energy Potion"},{"floor":4,"key":"Dexterity Potion"},{"floor":5,"key":"FearPotion"},{"floor":12,"key":"Dexterity Potion"}],"is_trial":false,"path_per_floor":["M","?","M","M","M","R","M","M","T","$","?","E","?","M","R","B",null,"M","$","M","M","?","R"],"character_chosen":"DEFECT","items_purchased":["Echo Form","Steam","Defragment"],"campfire_rested":1,"item_purchase_floors":[10,10,19],"current_hp_per_floor":[75,75,75,75,73,73,72,72,72,72,72,52,70,66,66,44,75,74,72,47,26,26,47,0],"gold":73,"neow_bonus":"THREE_ENEMY_KILL","is_prod":false,"is_daily":false,"chose_seed":false,"campfire_upgraded":2,"win_rate":0,"timestamp":1540360409,"path_taken":["M","?","M","?","M","R","M","M","T","$","?","E","?","M","R","BOSS","M","$","M","M","?","R","E"],"build_version":"2018-10-22","purchased_purges":2,"victory":false,"max_hp_per_floor":[75,75,75,75,75,75,75,75,75,75,75,75,75,75,75,75,75,75,72,72,72,72,72,72],"card_choices":[{"not_picked":["Heatsinks","Chaos"],"picked":"BootSequence","floor":1},{"not_picked":["Darkness","Barrage"],"picked":"Cold Snap","floor":3},{"not_picked":["Hello World","Aggregate"],"picked":"Streamline","floor":4},{"not_picked":["BootSequence","Fusion"],"picked":"Chaos","floor":5},{"not_picked":["Rip and Tear","Redo"],"picked":"Loop","floor":7},{"not_picked":["Redo","Heatsinks","Barrage"],"picked":"SKIP","floor":8},{"not_picked":["Cold Snap","Compile Driver","Stack"],"picked":"SKIP","floor":12},{"not_picked":["Hologram","Sweeping Beam"],"picked":"Capacitor","floor":14},{"not_picked":["All For One","Meteor Strike"],"picked":"Machine Learning","floor":16},{"not_picked":["Cold Snap+1","Streamline"],"picked":"Conserve Battery+1","floor":18},{"not_picked":["Rebound","Sunder"],"picked":"Undo","floor":20},{"not_picked":["Hologram+1","Reprogram","Conserve Battery"],"picked":"SKIP","floor":21}],"player_experience":463775,"relics_obtained":[{"floor":9,"key":"Whetstone"},{"floor":12,"key":"Cables"}],"event_choices":[{"damage_healed":0,"gold_gain":0,"cards_transformed":["Strike_B"],"player_choice":"Change","damage_taken":0,"max_hp_gain":0,"max_hp_loss":0,"event_name":"Living Wall","floor":2,"gold_loss":0,"cards_obtained":["Compile Driver"]},{"damage_healed":0,"gold_gain":0,"player_choice":"Ignored","damage_taken":0,"max_hp_gain":0,"max_hp_loss":0,"event_name":"Liars Game","floor":11,"gold_loss":0},{"damage_healed":18,"gold_gain":0,"player_choice":"Healed and dodged fight","damage_taken":0,"max_hp_gain":0,"max_hp_loss":0,"event_name":"Mushrooms","floor":13,"gold_loss":0,"cards_obtained":["Parasite"]},{"damage_healed":0,"gold_gain":0,"player_choice":"Smashed Altar","damage_taken":0,"max_hp_gain":0,"max_hp_loss":0,"event_name":"Forgotten Altar","floor":22,"gold_loss":0,"cards_obtained":["Decay"]}],"is_beta":true,"boss_relics":[{"not_picked":["Runic Dome","Runic Pyramid"],"picked":"Cursed Key"}],"items_purged_floors":[10,19],"is_endless":false,"potions_floor_spawned":[1,4,5,12],"killed_by":"Slavers","ascension_level":3}