{"path_per_floor":["M","?","?","$","M","E","M","R","T","M","M","M","$","?","R","B",null,"M","?","?","$","?","R","M","T","T","$","M","M","M","M","R"],"character_chosen":"IRONCLAD","items_purchased":["Shrug It Off","Whirlwind","Battle Trance"],"gold_per_floor":[114,114,114,62,75,101,111,111,111,128,138,156,4,4,4,105,105,119,119,119,44,44,44,56,111,111,31,44,63,80,90,90,90],"floor_reached":33,"campfire_rested":2,"playtime":1613,"item_purchase_floors":[4,13,13],"current_hp_per_floor":[79,84,72,72,78,56,62,62,62,63,56,62,62,45,70,42,85,85,85,85,85,85,85,85,85,85,85,74,68,59,67,85,0],"items_purged":["Writhe","Strike_R"],"gold":90,"score":286,"play_id":"08209593-878a-486d-a79f-1a62b6ac725a","local_time":"20180611104805","is_prod":false,"is_daily":false,"chose_seed":false,"is_ascension_mode":true,"campfire_upgraded":2,"win_rate":0,"timestamp":1528728485,"campfire_choices":[{"data":"Shrug It Off","floor":8,"key":"SMITH"},{"floor":15,"key":"REST"},{"data":"Heavy Blade","floor":23,"key":"SMITH"},{"floor":32,"key":"REST"}],"path_taken":["M","?","?","?","M","E","M","R","T","M","M","?","$","?","R","BOSS","M","?","?","?","?","R","M","?","T","$","M","M","M","M","R","BOSS"],"build_version":"2018-06-07v3","seed_source_timestamp":401211176044305,"purchased_purges":2,"victory":false,"master_deck":["Strike_R+1","Strike_R","Strike_R","Strike_R","Defend_R","Defend_R","Defend_R","Defend_R","Bash","Cleave","Shrug It Off+1","Inflame","Intimidate","Double Tap+1","Anger","Heavy Blade+1","Flex","Whirlwind","Battle Trance","Impervious","Armaments","Heavy Blade","Dual Wield","Flex","Limit Break","Flex","Inflame"],"max_hp_per_floor":[80,85,85,85,85,85,85,85,85,85,85,85,85,85,85,85,85,85,85,85,85,85,85,85,85,85,85,85,85,85,85,85,85],"relics":["Burning Blood","Lantern","Centennial Puzzle","Meat on the Bone","Anchor","Mark of Pain","Blood Vial","Dream Catcher","The Courier"],"card_choices":[{"not_picked":["Clash","Armaments"],"picked":"Cleave","floor":1},{"not_picked":["Second Wind","Hemokinesis"],"picked":"Inflame","floor":5},{"not_picked":["True Grit","Wild Strike"],"picked":"Intimidate","floor":6},{"not_picked":["Ghostly Armor","Thunderclap"],"picked":"Double Tap","floor":7},{"not_picked":["Sword Boomerang","Twin Strike"],"picked":"Anger","floor":10},{"not_picked":["Havoc","Warcry"],"picked":"Heavy Blade","floor":11},{"not_picked":["Pommel Strike","Feel No Pain"],"picked":"Flex","floor":12},{"not_picked":["Offering","Limit Break"],"picked":"Impervious","floor":16},{"not_picked":["Rampage","Anger"],"picked":"Armaments","floor":18},{"not_picked":["Combust+1","Perfected Strike"],"picked":"Dual Wield","floor":24},{"not_picked":["Clothesline","Combust","Sword Boomerang"],"picked":"SKIP","floor":28},{"not_picked":["Anger","Pommel Strike+1"],"picked":"Flex","floor":29},{"not_picked":["Cleave+1","Shrug It Off"],"picked":"Limit Break","floor":30},{"not_picked":["Clash","Sword Boomerang"],"picked":"Flex","floor":31},{"not_picked":["Sword Boomerang","Cleave+1"],"picked":"Inflame","floor":32}],"player_experience":475970,"potions_floor_usage":[7,16,31,33,33,33],"damage_taken":[{"damage":7,"enemies":"Small Slimes","floor":1,"turns":3},{"damage":0,"enemies":"2 Louse","floor":5,"turns":3},{"damage":28,"enemies":"3 Sentries","floor":6,"turns":5},{"damage":0,"enemies":"Cultist","floor":7,"turns":2},{"damage":5,"enemies":"Exordium Wildlife","floor":10,"turns":5},{"damage":13,"enemies":"Blue Slaver","floor":11,"turns":3},{"damage":0,"enemies":"2 Fungi Beasts","floor":12,"turns":2},{"damage":46,"enemies":"Hexaghost","floor":16,"turns":7},{"damage":6,"enemies":"2 Thieves","floor":18,"turns":3},{"damage":0,"enemies":"3 Byrds","floor":24,"turns":4},{"damage":17,"enemies":"Cultist and Chosen","floor":28,"turns":5},{"damage":14,"enemies":"Snake Plant","floor":29,"turns":4},{"damage":29,"enemies":"Centurion and Healer","floor":30,"turns":6},{"damage":8,"enemies":"3 Cultists","floor":31,"turns":3},{"damage":105,"enemies":"Champ","floor":33,"turns":9}],"relics_obtained":[{"floor":6,"key":"Meat on the Bone"},{"floor":9,"key":"Anchor"},{"floor":25,"key":"Dream Catcher"},{"floor":26,"key":"The Courier"}],"event_choices":[{"event_name":"Big Fish","player_choice":"Donut","floor":2,"damage_taken":0},{"event_name":"Scrap Ooze","player_choice":"success","floor":3,"damage_taken":12},{"event_name":"Shining Light","player_choice":"Entered Light","floor":14,"damage_taken":0},{"event_name":"The Mausoleum","player_choice":"Yes","floor":19,"damage_taken":0},{"event_name":"The Library","player_choice":"Read","floor":20,"damage_taken":0},{"event_name":"Ghosts","player_choice":"Ignored","floor":22,"damage_taken":0}],"boss_relics":[{"not_picked":["Orrery","White Beast Statue"],"picked":"Mark of Pain"}],"items_purged_floors":[21,27],"potions_floor_spawned":[5,6,12,18,24,30,31],"seed_played":"7254630284382806582","killed_by":"Champ","ascension_level":3,"potions_obtained":[{"floor":5,"key":"SpeedPotion"},{"floor":6,"key":"AttackPotion"},{"floor":12,"key":"Explosive Potion"},{"floor":18,"key":"BloodPotion"},{"floor":24,"key":"SkillPotion"},{"floor":30,"key":"Regen Potion"},{"floor":31,"key":"AttackPotion"}],"is_trial":false}