{"gold_per_floor":[110,185,185,196,211,211,246,246,271,306,322,23,40,140,140,140],"floor_reached":16,"playtime":518,"items_purged":["Strike_B"],"score":209,"play_id":"73acd448-fc44-4356-9410-35c8d0a8ebb1","local_time":"20181211160830","is_ascension_mode":true,"campfire_choices":[{"data":"Zap","floor":6,"key":"SMITH"},{"floor":8,"key":"REST"},{"data":"Cold Snap","floor":15,"key":"SMITH"}],"neow_cost":"NONE","seed_source_timestamp":531924632698537,"circlet_count":0,"master_deck":["AscendersBane","Strike_B","Strike_B","Strike_B","Defend_B","Defend_B","Defend_B","Zap+1","Dualcast","Chill","FTL","Gash","Compile Driver","Cold Snap+1"],"relics":["Cracked Core","NeowsBlessing","Anchor","Turnip","PrismaticShard"],"potions_floor_usage":[7,16],"damage_taken":[{"damage":0,"enemies":"Small Slimes","floor":1,"turns":1},{"damage":0,"enemies":"Jaw Worm","floor":4,"turns":1},{"damage":0,"enemies":"2 Louse","floor":5,"turns":1},{"damage":39,"enemies":"Gremlin Nob","floor":7,"turns":4},{"damage":13,"enemies":"3 Sentries","floor":10,"turns":8},{"damage":0,"enemies":"Red Slaver","floor":11,"turns":2},{"damage":1,"enemies":"3 Louse","floor":13,"turns":2},{"damage":24,"enemies":"Hexaghost","floor":16,"turns":9}],"seed_played":"-804630845592110257","potions_obtained":[{"floor":1,"key":"Energy Potion"},{"floor":4,"key":"Poison Potion"},{"floor":10,"key":"SmokeBomb"}],"is_trial":false,"path_per_floor":["M","?","?","M","M","R","E","R","T","E","M","$","M","?","R","B"],"character_chosen":"DEFECT","items_purchased":["PrismaticShard"],"campfire_rested":1,"item_purchase_floors":[12],"current_hp_per_floor":[64,53,53,53,53,53,14,35,35,22,22,22,21,21,21,0],"gold":140,"neow_bonus":"THREE_ENEMY_KILL","is_prod":false,"is_daily":false,"chose_seed":false,"campfire_upgraded":2,"win_rate":0,"timestamp":1544566110,"path_taken":["M","?","?","?","M","R","E","R","T","E","M","$","M","?","R","BOSS"],"build_version":"2018-12-10","purchased_purges":1,"victory":false,"max_hp_per_floor":[71,71,71,71,71,71,71,71,71,71,71,71,71,71,71,71],"card_choices":[{"not_picked":["Skim","Redo"],"picked":"Chill","floor":1},{"not_picked":["Steam Power","Genetic Algorithm"],"picked":"FTL","floor":4},{"not_picked":["Hologram","Stack"],"picked":"Gash","floor":5},{"not_picked":["Doom and Gloom","Blizzard"],"picked":"Compile Driver","floor":7},{"not_picked":["Barrage","Streamline"],"picked":"Cold Snap","floor":10},{"not_picked":["Go for the Eyes","Sweeping Beam","Stack"],"picked":"SKIP","floor":11},{"not_picked":["Flying Knee","Sucker Punch","Heatsinks"],"picked":"SKIP","floor":13}],"player_experience":775647,"relics_obtained":[{"floor":7,"key":"Anchor"},{"floor":10,"key":"Turnip"}],"event_choices":[{"damage_healed":0,"gold_gain":75,"player_choice":"Gather Gold","damage_taken":11,"max_hp_gain":0,"max_hp_loss":0,"event_name":"World of Goop","floor":2,"gold_loss":0},{"cards_removed":["Defend_B"],"damage_healed":0,"gold_gain":0,"player_choice":"Forget","damage_taken":0,"max_hp_gain":0,"max_hp_loss":0,"event_name":"Living Wall","floor":3,"gold_loss":0},{"damage_healed":0,"gold_gain":100,"player_choice":"Gold","damage_taken":0,"max_hp_gain":0,"max_hp_loss":0,"event_name":"Wheel of Change","floor":14,"gold_loss":0}],"is_beta":true,"boss_relics":[],"items_purged_floors":[12],"is_endless":false,"potions_floor_spawned":[1,4,10],"killed_by":"Hexaghost","ascension_level":18}