{"gold_per_floor":[111,125,200,220,0,28,28,61,61,77,77,89,0,0,0,74,74,85,103,103,123,173,173,192,192,217,4,27,27,40,12,12,83,83,98,109,121,121,137,137,137],"floor_reached":41,"playtime":1446,"items_purged":[],"score":817,"play_id":"4b9b1ccc-e648-45f8-a7a9-45a8f6068dbd","local_time":"20190212221138","is_ascension_mode":true,"campfire_choices":[{"floor":7,"key":"REST"},{"data":"Metallicize","floor":11,"key":"SMITH"},{"data":"Spot Weakness","floor":15,"key":"SMITH"},{"data":"Heavy Blade","floor":23,"key":"SMITH"},{"floor":25,"key":"REST"},{"data":"Perfected Strike","floor":29,"key":"SMITH"},{"floor":32,"key":"REST"},{"floor":40,"key":"REST"}],"neow_cost":"NONE","seed_source_timestamp":805388741359563,"circlet_count":0,"master_deck":["AscendersBane","Strike_R","Strike_R","Strike_R","Strike_R","Strike_R","Defend_R","Defend_R","Defend_R","Defend_R","Bash","Pommel Strike","Inflame","Pommel Strike","Metallicize+1","Immolate","Spot Weakness+1","Reaper","Twin Strike","Heavy Blade+1","Perfected Strike+1","Anger","Twin Strike","Impervious","Pommel Strike","Perfected Strike","True Grit+1","Feed","Pommel Strike","Armaments+1","Rage"],"relics":["Black Blood","Vajra","Orichalcum","Bird Faced Urn","Kunai","Meat on the Bone","Pen Nib","Brimstone","Centennial Puzzle","Orrery"],"potions_floor_usage":[6,16,33,39,39],"damage_taken":[{"damage":6,"enemies":"Jaw Worm","floor":1,"turns":5},{"damage":7,"enemies":"Small Slimes","floor":2,"turns":3},{"damage":1,"enemies":"Cultist","floor":4,"turns":3},{"damage":14,"enemies":"Gremlin Nob","floor":6,"turns":4},{"damage":29,"enemies":"Lagavulin","floor":8,"turns":6},{"damage":6,"enemies":"Exordium Thugs","floor":10,"turns":4},{"damage":2,"enemies":"3 Louse","floor":12,"turns":2},{"damage":26,"enemies":"Hexaghost","floor":16,"turns":9},{"damage":20,"enemies":"Chosen","floor":18,"turns":5},{"damage":22,"enemies":"2 Thieves","floor":19,"turns":3},{"damage":35,"enemies":"Sentry and Sphere","floor":21,"turns":7},{"damage":55,"enemies":"3 Cultists","floor":24,"turns":6},{"damage":36,"enemies":"Snake Plant","floor":30,"turns":4},{"damage":45,"enemies":"Champ","floor":33,"turns":6},{"damage":6,"enemies":"Orb Walker","floor":35,"turns":3},{"damage":9,"enemies":"3 Shapes","floor":36,"turns":2},{"damage":29,"enemies":"Sphere and 2 Shapes","floor":37,"turns":4},{"damage":38,"enemies":"Writhing Mass","floor":39,"turns":4},{"damage":82,"enemies":"Giant Head","floor":41,"turns":6}],"seed_played":"-6096085352890491444","potions_obtained":[{"floor":4,"key":"Block Potion"},{"floor":12,"key":"EssenceOfSteel"},{"floor":16,"key":"SneckoOil"},{"floor":19,"key":"Dexterity Potion"},{"floor":33,"key":"AttackPotion"},{"floor":35,"key":"SkillPotion"}],"is_trial":false,"path_per_floor":["M","M","?","M","$","E","R","E","T","M","R","M","$","?","R","B",null,"M","M","?","M","?","R","M","R","T","$","T","R","M","$","R","B",null,"M","M","M","?","M","R","E"],"character_chosen":"IRONCLAD","items_purchased":["Orichalcum","Pommel Strike","Spot Weakness","Brimstone","Twin Strike"],"campfire_rested":4,"item_purchase_floors":[5,5,13,27,31],"current_hp_per_floor":[68,67,56,61,61,53,75,52,52,54,54,58,58,58,58,54,70,62,50,50,50,50,50,37,59,59,59,59,59,52,52,74,52,69,78,78,59,59,45,68,0],"gold":137,"neow_bonus":"RANDOM_COMMON_RELIC","is_prod":false,"is_daily":false,"chose_seed":false,"campfire_upgraded":4,"win_rate":0,"timestamp":1550027498,"path_taken":["M","M","?","M","$","E","R","E","T","M","R","M","?","?","R","BOSS","M","?","?","M","?","R","M","R","T","$","?","R","?","?","R","BOSS","M","M","M","?","M","R","E"],"build_version":"2019-01-23","purchased_purges":0,"victory":false,"max_hp_per_floor":[75,75,75,75,75,75,75,75,75,75,75,75,75,75,75,75,75,75,75,75,75,75,75,75,75,75,75,75,75,75,75,75,75,75,78,78,78,78,78,78,78],"card_choices":[{"not_picked":["Wild Strike","Entrench"],"picked":"Pommel Strike","floor":1},{"not_picked":["Anger","Flex"],"picked":"Bludgeon","floor":2},{"not_picked":["Rampage","Rupture"],"picked":"Inflame","floor":4},{"not_picked":["Warcry","True Grit","Sword Boomerang"],"picked":"SKIP","floor":6},{"not_picked":["Warcry","True Grit","Sword Boomerang"],"picked":"SKIP","floor":6},{"not_picked":["Dual Wield","Clothesline"],"picked":"Metallicize","floor":8},{"not_picked":["Body Slam","Hemokinesis"],"picked":"Immolate","floor":10},{"not_picked":["Sword Boomerang","Iron Wave","Armaments"],"picked":"SKIP","floor":12},{"not_picked":["Brutality","Fiend Fire"],"picked":"Reaper","floor":16},{"not_picked":["Bloodletting","Havoc"],"picked":"Twin Strike","floor":18},{"not_picked":["Evolve","Battle Trance","Reckless Charge"],"picked":"SKIP","floor":19},{"not_picked":["Searing Blow","Thunderclap"],"picked":"Perfected Strike","floor":21},{"not_picked":["Warcry","Sentinel","Armaments"],"picked":"SKIP","floor":24},{"not_picked":["Feel No Pain","Armaments"],"picked":"Anger","floor":30},{"not_picked":["Berserk","Demon Form"],"picked":"Impervious","floor":33},{"not_picked":["Havoc","Body Slam"],"picked":"Pommel Strike","floor":34},{"not_picked":["Burning Pact","Clash"],"picked":"Perfected Strike","floor":34},{"not_picked":["Wild Strike","Rampage"],"picked":"True Grit+1","floor":34},{"not_picked":["True Grit","Sword Boomerang+1"],"picked":"Feed","floor":34},{"not_picked":["Flex","Offering"],"picked":"Pommel Strike","floor":35},{"not_picked":["Havoc","Headbutt"],"picked":"Armaments+1","floor":36},{"not_picked":["Iron Wave","Warcry","Headbutt"],"picked":"SKIP","floor":37},{"not_picked":["Corruption","Clothesline+1"],"picked":"Rage","floor":39}],"player_experience":2422743,"relics_obtained":[{"floor":6,"key":"Bird Faced Urn"},{"floor":8,"key":"Kunai"},{"floor":9,"key":"Meat on the Bone"},{"floor":26,"key":"Pen Nib"},{"floor":28,"key":"Centennial Puzzle"}],"event_choices":[{"damage_healed":0,"gold_gain":75,"player_choice":"Gather Gold","damage_taken":11,"max_hp_gain":0,"max_hp_loss":0,"event_name":"World of Goop","floor":3,"gold_loss":0},{"damage_healed":0,"gold_gain":0,"player_choice":"Leave","damage_taken":0,"max_hp_gain":0,"max_hp_loss":0,"event_name":"FaceTrader","floor":14,"gold_loss":0},{"damage_healed":0,"gold_gain":0,"player_choice":"Read","damage_taken":0,"max_hp_gain":0,"max_hp_loss":0,"event_name":"The Library","floor":20,"gold_loss":0,"cards_obtained":["Heavy Blade"]},{"damage_healed":0,"gold_gain":50,"player_choice":"Stole From Cult","damage_taken":0,"max_hp_gain":0,"max_hp_loss":0,"event_name":"Nest","floor":22,"gold_loss":0},{"cards_removed":["Bludgeon"],"damage_healed":0,"gold_gain":0,"player_choice":"Card Removal","damage_taken":0,"max_hp_gain":0,"max_hp_loss":0,"event_name":"Wheel of Change","floor":38,"gold_loss":0}],"is_beta":false,"boss_relics":[{"not_picked":["Eternal Feather","Fusion Hammer"],"picked":"Black Blood"},{"not_picked":["Coffee Dripper","Runic Dome"],"picked":"Orrery"}],"items_purged_floors":[],"is_endless":false,"potions_floor_spawned":[4,12,16,19,30,33,35],"killed_by":"Giant Head","ascension_level":17}