{"gold_per_floor":[113,130,141,91,91,91,105,134,161,173,21,21,38,55,55,153,153,165,165,165,11,21,21,49,65,144,160,173,30,129,29,29,126,126,139,139,151,151,151,179,179,179],"floor_reached":42,"playtime":5244,"items_purged":["Strike_B+1","Strike_B+1"],"score":446,"play_id":"9c2a7b48-8079-44e6-bcbd-bf472e95cba7","local_time":"20190131172053","is_ascension_mode":false,"campfire_choices":[{"data":"Chaos","floor":6,"key":"SMITH"},{"data":"Rainbow","floor":10,"key":"SMITH"},{"data":"Enlightenment","floor":12,"key":"SMITH"},{"data":"Dualcast","floor":15,"key":"SMITH"},{"data":"Sunder","floor":23,"key":"SMITH"},{"floor":32,"key":"REST"},{"data":"Buffer","floor":41,"key":"SMITH"}],"neow_cost":"NONE","seed_source_timestamp":180548746601484,"circlet_count":0,"master_deck":["Strike_B+1","Defend_B+1","Defend_B+1","Defend_B+1","Zap+1","Dualcast+1","Melter","Chaos+1","Turbo+1","Undo+1","Rainbow+1","Enlightenment+1","Sunder+1","Compile Driver","Doom and Gloom","Creative AI","Glacier+1","Skim+1","Rainbow","Defragment","Buffer+1"],"relics":["FrozenCore","Centennial Puzzle","MawBank","War Paint","Vajra","Tiny Chest","The Courier"],"potions_floor_usage":[7,7,8,8,28,40],"damage_taken":[{"damage":0,"enemies":"Small Slimes","floor":1,"turns":3},{"damage":1,"enemies":"Cultist","floor":2,"turns":3},{"damage":7,"enemies":"2 Louse","floor":3,"turns":3},{"damage":20,"enemies":"Exordium Thugs","floor":7,"turns":2},{"damage":7,"enemies":"Gremlin Nob","floor":8,"turns":5},{"damage":1,"enemies":"Lots of Slimes","floor":13,"turns":4},{"damage":4,"enemies":"2 Fungi Beasts","floor":14,"turns":2},{"damage":13,"enemies":"Hexaghost","floor":16,"turns":8},{"damage":0,"enemies":"3 Byrds","floor":18,"turns":4},{"damage":0,"enemies":"Spheric Guardian","floor":22,"turns":3},{"damage":35,"enemies":"Slavers","floor":24,"turns":6},{"damage":4,"enemies":"Cultist and Chosen","floor":25,"turns":5},{"damage":4,"enemies":"3 Cultists","floor":27,"turns":6},{"damage":18,"enemies":"Snake Plant","floor":28,"turns":7},{"damage":6,"enemies":"Champ","floor":33,"turns":10},{"damage":0,"enemies":"Orb Walker","floor":35,"turns":4},{"damage":0,"enemies":"3 Shapes","floor":37,"turns":5},{"damage":51,"enemies":"Reptomancer","floor":40,"turns":13},{"damage":31,"enemies":"Nemesis","floor":42,"turns":2}],"seed_played":"-1591773306672536496","potions_obtained":[{"floor":1,"key":"AttackPotion"},{"floor":3,"key":"Poison Potion"},{"floor":5,"key":"Explosive Potion"},{"floor":7,"key":"Weak Potion"},{"floor":18,"key":"Regen Potion"},{"floor":28,"key":"Strength Potion"},{"floor":35,"key":"Dexterity Potion"}],"is_trial":false,"path_per_floor":["M","M","M","?","?","R","M","E","T","R","$","R","M","M","R","B",null,"M","?","?","$","M","R","E","M","T","M","M","$","?","$","R","B",null,"M","?","M","?","?","E","R","E"],"character_chosen":"DEFECT","items_purchased":["Enlightenment","Sunder","War Paint","Defragment"],"campfire_rested":1,"item_purchase_floors":[11,11,21,29],"current_hp_per_floor":[75,74,67,67,67,67,47,40,40,40,40,40,39,35,35,22,75,75,75,75,75,75,75,40,36,36,32,19,19,19,19,41,35,75,75,75,75,75,75,24,24,0],"gold":179,"neow_bonus":"UPGRADE_CARD","is_prod":false,"is_daily":false,"chose_seed":false,"campfire_upgraded":6,"win_rate":0,"timestamp":1548984053,"path_taken":["M","M","M","?","?","R","M","E","T","R","$","R","M","?","R","BOSS","M","?","?","$","?","R","E","?","T","M","M","$","?","$","R","BOSS","M","?","M","?","?","E","R","E"],"build_version":"2019-01-23","purchased_purges":2,"victory":false,"max_hp_per_floor":[75,75,75,75,75,75,75,75,75,75,75,75,75,75,75,75,75,75,75,75,75,75,75,75,75,75,75,75,75,75,75,75,75,75,75,75,75,75,75,75,75,75],"card_choices":[{"not_picked":["Reinforced Body","Conserve Battery"],"picked":"Melter","floor":1},{"not_picked":["Gash","Barrage"],"picked":"Chaos","floor":2},{"not_picked":["Rebound","Compile Driver"],"picked":"Turbo","floor":3},{"not_picked":["Stack","Compile Driver"],"picked":"Undo","floor":7},{"not_picked":["Tempest","Blizzard"],"picked":"Rainbow","floor":8},{"not_picked":["Conserve Battery","Loop"],"picked":"Compile Driver","floor":13},{"not_picked":["Sweeping Beam","Turbo"],"picked":"Doom and Gloom","floor":14},{"not_picked":["Biased Cognition","Thunder Strike"],"picked":"Creative AI","floor":16},{"not_picked":["Compile Driver","Fusion+1"],"picked":"Glacier","floor":18},{"not_picked":["Turbo","Cold Snap","Self Repair+1"],"picked":"SKIP","floor":22},{"not_picked":["Barrage+1","Darkness"],"picked":"Skim+1","floor":24},{"not_picked":["Loop","Gash","Redo"],"picked":"SKIP","floor":25},{"not_picked":["Cold Snap+1","Coolheaded","Hologram+1"],"picked":"SKIP","floor":27},{"not_picked":["Sweeping Beam","Gash+1"],"picked":"Rainbow","floor":28},{"not_picked":["Machine Learning","Electrodynamics"],"picked":"Buffer","floor":33},{"not_picked":["Barrage","Streamline+1","Gash"],"picked":"SKIP","floor":35},{"not_picked":["Gash+1","Aggregate","Doom and Gloom+1"],"picked":"SKIP","floor":37},{"not_picked":["Cold Snap+1","Sweeping Beam","Rebound"],"picked":"SKIP","floor":40},{"not_picked":["Cold Snap+1","Sweeping Beam","Rebound"],"picked":"SKIP","floor":40}],"player_experience":183559,"relics_obtained":[{"floor":8,"key":"Centennial Puzzle"},{"floor":9,"key":"MawBank"},{"floor":24,"key":"Vajra"},{"floor":26,"key":"Tiny Chest"},{"floor":40,"key":"The Courier"}],"event_choices":[{"cards_removed":["Strike_B"],"damage_healed":0,"gold_gain":0,"player_choice":"Card Removal","damage_taken":0,"max_hp_gain":0,"max_hp_loss":0,"event_name":"The Cleric","floor":4,"gold_loss":50},{"damage_healed":0,"gold_gain":0,"player_choice":"Got Potions","damage_taken":0,"max_hp_gain":0,"max_hp_loss":0,"event_name":"Lab","floor":5,"gold_loss":0},{"damage_healed":0,"gold_gain":0,"player_choice":"Simplicity","damage_taken":0,"max_hp_gain":0,"max_hp_loss":0,"event_name":"Back to Basics","floor":19,"gold_loss":0,"cards_upgraded":["Strike_B","Strike_B","Strike_B","Defend_B","Defend_B","Defend_B","Defend_B"]},{"damage_healed":0,"gold_gain":0,"player_choice":"Forge","damage_taken":0,"max_hp_gain":0,"max_hp_loss":0,"event_name":"Accursed Blacksmith","floor":20,"gold_loss":0,"cards_upgraded":["Glacier"]},{"damage_healed":0,"gold_gain":99,"player_choice":"Stole From Cult","damage_taken":0,"max_hp_gain":0,"max_hp_loss":0,"event_name":"Nest","floor":30,"gold_loss":0},{"damage_healed":0,"gold_gain":0,"player_choice":"Ignored","damage_taken":0,"max_hp_gain":0,"max_hp_loss":0,"event_name":"Mysterious Sphere","floor":36,"gold_loss":0},{"cards_removed":["Defend_B"],"damage_healed":0,"gold_gain":0,"player_choice":"Removed Skill","damage_taken":0,"max_hp_gain":0,"max_hp_loss":0,"event_name":"Falling","floor":38,"gold_loss":0},{"damage_healed":0,"gold_gain":0,"player_choice":"0 cards matched","damage_taken":0,"max_hp_gain":0,"max_hp_loss":0,"event_name":"Match and Keep!","floor":39,"gold_loss":0,"cards_obtained":[]}],"is_beta":false,"boss_relics":[{"not_picked":["Fusion Hammer","Busted Crown","Calling Bell"]},{"not_picked":["Pandora\u0027s Box","Philosopher\u0027s Stone"],"picked":"FrozenCore"}],"items_purged_floors":[29,31],"is_endless":false,"potions_floor_spawned":[1,3,7,18,28,35],"killed_by":"Nemesis","ascension_level":0}