{"gold_per_floor":[212,227,227,245,245,271,271,290,336,350,40,40,40,59,59,161,161,181,181,195,208,208,208,224,236,236,254,254],"floor_reached":28,"playtime":1528,"items_purged":[],"score":224,"play_id":"8207525f-55dd-4e14-93ae-6269a83d3521","local_time":"20190114224432","is_ascension_mode":false,"campfire_choices":[{"data":"Self Repair","floor":7,"key":"SMITH"},{"data":"Static Discharge","floor":12,"key":"SMITH"},{"data":"Beam Cell","floor":15,"key":"SMITH"},{"data":"Seek","floor":23,"key":"SMITH"}],"neow_cost":"NONE","seed_source_timestamp":278299661138101,"circlet_count":0,"master_deck":["Defend_B","Defend_B","Defend_B","Defend_B","Zap","Dualcast","Beam Cell+1","Conserve Battery","Streamline","Self Repair+1","Hologram","Redo","Streamline+1","Static Discharge+1","Parasite","Cold Snap+1","Seek+1","Stack+1","Rebound+1","Rainbow+1","Static Discharge+1","Go for the Eyes+1","Rebound+1","Hologram"],"relics":["Cracked Core","GremlinMask","Molten Egg 2","Bag of Preparation","Sling","Astrolabe","Cables"],"potions_floor_usage":[16,16,24,24,24,27],"damage_taken":[{"damage":7,"enemies":"Small Slimes","floor":1,"turns":2},{"damage":0,"enemies":"Cultist","floor":2,"turns":3},{"damage":3,"enemies":"Jaw Worm","floor":4,"turns":3},{"damage":28,"enemies":"3 Sentries","floor":6,"turns":8},{"damage":2,"enemies":"Blue Slaver","floor":8,"turns":3},{"damage":20,"enemies":"Lots of Slimes","floor":10,"turns":4},{"damage":9,"enemies":"2 Fungi Beasts","floor":14,"turns":3},{"damage":41,"enemies":"The Guardian","floor":16,"turns":8},{"damage":7,"enemies":"3 Byrds","floor":18,"turns":3},{"damage":3,"enemies":"Spheric Guardian","floor":20,"turns":3},{"damage":15,"enemies":"Snake Plant","floor":21,"turns":2},{"damage":14,"enemies":"Centurion and Healer","floor":24,"turns":4},{"damage":19,"enemies":"Shelled Parasite and Fungi","floor":25,"turns":4},{"damage":14,"enemies":"Snecko","floor":27,"turns":4},{"damage":14,"enemies":"3 Cultists","floor":28,"turns":4}],"seed_played":"-1124384873276642249","potions_obtained":[{"floor":2,"key":"FearPotion"},{"floor":8,"key":"FearPotion"},{"floor":10,"key":"EssenceOfSteel"},{"floor":16,"key":"Ancient Potion"},{"floor":18,"key":"Ancient Potion"},{"floor":25,"key":"Block Potion"}],"is_trial":false,"path_per_floor":["M","M","?","M","?","E","R","M","T","M","$","R","?","M","R","B",null,"M","?","M","M","?","R","M","M","T","M","M"],"character_chosen":"DEFECT","items_purchased":["Streamline+1","Static Discharge","Sling"],"campfire_rested":0,"item_purchase_floors":[11,11,11],"current_hp_per_floor":[68,68,68,65,65,37,37,45,45,35,35,35,53,54,54,23,75,68,68,65,50,50,50,36,27,27,13,0],"gold":254,"neow_bonus":"HUNDRED_GOLD","is_prod":false,"is_daily":false,"chose_seed":false,"campfire_upgraded":4,"win_rate":0,"timestamp":1547534672,"path_taken":["M","M","?","?","?","E","R","?","T","M","$","R","?","M","R","BOSS","M","?","?","?","?","R","M","M","T","M","M"],"build_version":"2019-01-10","purchased_purges":0,"victory":false,"max_hp_per_floor":[75,75,75,75,75,75,75,75,75,75,75,75,75,75,75,75,75,75,75,75,75,75,75,75,75,75,75,75],"card_choices":[{"not_picked":["Stack","Gash"],"picked":"Beam Cell","floor":1},{"not_picked":["Storm","Hologram"],"picked":"Conserve Battery","floor":2},{"not_picked":["Undo","Turbo"],"picked":"Streamline","floor":4},{"not_picked":["Reprogram","Chill"],"picked":"Self Repair","floor":6},{"not_picked":["Steam","Reprogram"],"picked":"Hologram","floor":8},{"not_picked":["FTL+1","Stack"],"picked":"Redo","floor":10},{"not_picked":["Streamline+1","BootSequence"],"picked":"Cold Snap+1","floor":14},{"not_picked":["Reboot","Meteor Strike+1"],"picked":"Seek","floor":16},{"not_picked":["Turbo","Leap+1"],"picked":"Static Discharge","floor":18},{"not_picked":["Beam Cell+1","Cold Snap+1"],"picked":"Go for the Eyes+1","floor":20},{"not_picked":["Gash+1","Sweeping Beam+1"],"picked":"Rebound+1","floor":21},{"not_picked":["Beam Cell+1","Leap+1","Turbo"],"picked":"SKIP","floor":24},{"not_picked":["Gash+1","Steam Power"],"picked":"Hologram","floor":25},{"not_picked":["Hologram","Thunder Strike+1","Hello World"],"picked":"SKIP","floor":27}],"player_experience":130503,"relics_obtained":[{"floor":6,"key":"Molten Egg 2"},{"floor":9,"key":"Bag of Preparation"},{"floor":26,"key":"Cables"}],"event_choices":[{"cards_removed":["Strike_B"],"damage_healed":0,"gold_gain":0,"player_choice":"Offered Basic","damage_taken":0,"max_hp_gain":0,"max_hp_loss":0,"event_name":"Bonfire Elementals","floor":3,"gold_loss":0},{"damage_healed":0,"gold_gain":0,"player_choice":"Trade","damage_taken":0,"relics_obtained":["GremlinMask"],"max_hp_gain":0,"max_hp_loss":0,"event_name":"FaceTrader","floor":5,"gold_loss":0},{"damage_healed":18,"gold_gain":0,"player_choice":"Healed and dodged fight","damage_taken":0,"max_hp_gain":0,"max_hp_loss":0,"event_name":"Mushrooms","floor":13,"gold_loss":0,"cards_obtained":["Parasite"]},{"damage_healed":0,"gold_gain":0,"player_choice":"Forge","damage_taken":0,"max_hp_gain":0,"max_hp_loss":0,"event_name":"Accursed Blacksmith","floor":19,"gold_loss":0,"cards_upgraded":["Static Discharge"]},{"damage_healed":0,"gold_gain":0,"player_choice":"Ignored","damage_taken":0,"max_hp_gain":0,"max_hp_loss":0,"event_name":"The Mausoleum","floor":22,"gold_loss":0}],"is_beta":false,"boss_relics":[{"not_picked":["Philosopher\u0027s Stone","Ectoplasm"],"picked":"Astrolabe"}],"items_purged_floors":[],"is_endless":false,"potions_floor_spawned":[2,8,10,16,18,25],"killed_by":"3 Cultists","ascension_level":0}