{"gold_per_floor":[118,21,33,52,52,52,82,101,158,176,28,52,3,13,13,108,108,127,226,151,170,186,186,218,235,235,235,235,235,253,12,12,114,114,128,128,228,8,0,18,18,29,29,29,64,35,46,46,46,46,46,46,10,44,44],"floor_reached":55,"playtime":2911,"items_purged":["Second Wind"],"score":765,"play_id":"27dc26e3-2c28-4e37-90fd-db8992960a4d","local_time":"20190104230756","is_ascension_mode":false,"campfire_choices":[{"data":"Body Slam","floor":6.0,"key":"SMITH"},{"data":"Heavy Blade","floor":15.0,"key":"SMITH"},{"data":"Body Slam","floor":23.0,"key":"SMITH"},{"floor":27.0,"key":"RECALL"},{"data":"Rage","floor":29.0,"key":"SMITH"},{"floor":32.0,"key":"REST"},{"data":"True Grit","floor":41.0,"key":"SMITH"},{"data":"Spot Weakness","floor":44.0,"key":"SMITH"},{"floor":49.0,"key":"REST"},{"data":"Battle Trance","floor":52,"key":"SMITH"}],"neow_cost":"NONE","seed_source_timestamp":0,"circlet_count":0,"master_deck":["Defend_R","Defend_R","Defend_R","Defend_R","Bash","Metallicize","Rage+1","Cleave","Headbutt","Body Slam+1","Spot Weakness+1","Headbutt","Heavy Blade+1","Battle Trance+1","Feed","Havoc+1","Uppercut+1","Warcry+1","Body Slam+1","Body Slam+1","Pommel Strike","Shrug It Off","Shrug It Off+1","Evolve","True Grit+1","Body Slam+1","Parasite","Metallicize+1","Entrench+1","Metallicize","Body Slam+1","Warcry","Power Through"],"special_seed":0,"relics":["Burning Blood","Lantern","Red Skull","Tiny Chest","Vajra","Orichalcum","Astrolabe","Potion Belt","Bird Faced Urn","The Courier","Sling","White Beast Statue","Blood Vial","Thread and Needle","Bronze Scales","Red Mask","Dodecahedron","Torii"],"potions_floor_usage":[50,50,55],"damage_taken":[{"damage":0.0,"enemies":"Small Slimes","floor":1.0,"turns":3.0},{"damage":6.0,"enemies":"Cultist","floor":3.0,"turns":4.0},{"damage":6.0,"enemies":"Jaw Worm","floor":4.0,"turns":3.0},{"damage":3.0,"enemies":"3 Sentries","floor":7.0,"turns":8.0},{"damage":0.0,"enemies":"3 Louse","floor":8.0,"turns":4.0},{"damage":1.0,"enemies":"Blue Slaver","floor":10.0,"turns":2.0},{"damage":7.0,"enemies":"Red Slaver","floor":14.0,"turns":2.0},{"damage":0.0,"enemies":"Slime Boss","floor":16.0,"turns":6.0},{"damage":1.0,"enemies":"Chosen","floor":18.0,"turns":3.0},{"damage":9.0,"enemies":"Shell Parasite","floor":21.0,"turns":4.0},{"damage":12.0,"enemies":"Cultist and Chosen","floor":22.0,"turns":6.0},{"damage":31.0,"enemies":"Book of Stabbing","floor":24.0,"turns":5.0},{"damage":8.0,"enemies":"Snecko","floor":25.0,"turns":5.0},{"damage":9.0,"enemies":"Snake Plant","floor":30.0,"turns":4.0},{"damage":38.0,"enemies":"Champ","floor":33.0,"turns":11.0},{"damage":17.0,"enemies":"3 Shapes","floor":35.0,"turns":4.0},{"damage":21.0,"enemies":"Mind Bloom Boss Battle","floor":37.0,"turns":8.0},{"damage":35.0,"enemies":"3 Darklings","floor":40.0,"turns":5.0},{"damage":13.0,"enemies":"Writhing Mass","floor":42.0,"turns":6.0},{"damage":35.0,"enemies":"Giant Head","floor":45.0,"turns":9.0},{"damage":10.0,"enemies":"Jaw Worm Horde","floor":47.0,"turns":5.0},{"damage":66,"enemies":"Donu and Deca","floor":50,"turns":10},{"damage":101,"enemies":"Shield and Spear","floor":54,"turns":8},{"damage":49,"enemies":"The Heart","floor":55,"turns":3}],"seed_played":"-5892116602324147363","potions_obtained":[{"floor":3.0,"key":"PowerPotion"},{"floor":4.0,"key":"PowerPotion"},{"floor":7.0,"key":"AttackPotion"},{"floor":21.0,"key":"SpeedPotion"},{"floor":25.0,"key":"FearPotion"},{"floor":33.0,"key":"AttackPotion"},{"floor":35.0,"key":"Block Potion"},{"floor":37.0,"key":"AttackPotion"},{"floor":40.0,"key":"Swift Potion"},{"floor":42.0,"key":"SneckoOil"},{"floor":45.0,"key":"GamblersBrew"},{"floor":47.0,"key":"Energy Potion"},{"floor":54,"key":"Block Potion"}],"is_trial":false,"path_per_floor":["M","$","M","M","?","R","E","M","T","M","$","T","$","M","R","B",null,"M","?","?","M","M","R","E","M","T","R","T","R","M","$","R","B",null,"M","T","?","$","?","M","R","M","T","R","E","$","M","?","R","B",null,"R","$","E","B"],"character_chosen":"IRONCLAD","items_purchased":["Rage","Cleave","Vajra","Heavy Blade","Fruit Juice","Sling","Bronze Scales","True Grit","Metallicize","Warcry"],"campfire_rested":2,"item_purchase_floors":[2,2,11,13,31,31,38,38,46,53],"current_hp_per_floor":[80,80,80,80,80,80,80,80,80,80,80,80,80,79,79,80,80,80,80,80,80,74,74,49,50,50,50,50,50,52,57,85,57,94,90,90,81,81,81,58,58,57,57,57,36,36,43,43,73,26,103,103,103,12,0],"gold":44,"neow_bonus":"RANDOM_COMMON_RELIC","is_prod":false,"is_daily":false,"chose_seed":false,"campfire_upgraded":7,"win_rate":0,"timestamp":1546661276,"path_taken":["M","$","M","M","?","R","E","M","T","M","?","?","$","M","R","BOSS","M","?","?","M","M","R","E","M","T","R","?","R","M","$","R","BOSS","M","?","?","$","?","M","R","M","T","R","E","$","M","?","R","BOSS","R","$","E","BOSS"],"build_version":"2019-01-03v4","purchased_purges":1,"victory":false,"max_hp_per_floor":[80,80,80,80,80,80,80,80,80,80,80,80,80,80,80,80,80,80,80,80,83,83,83,83,86,86,86,86,86,89,94,94,94,94,97,97,97,97,97,97,97,97,97,97,97,97,100,100,100,103,103,103,103,103,103],"card_choices":[{"not_picked":["Wild Strike","Heavy Blade"],"picked":"Metallicize","floor":1.0},{"not_picked":["Second Wind","Anger"],"picked":"Headbutt","floor":3.0},{"not_picked":["Rage","Twin Strike"],"picked":"Body Slam","floor":4.0},{"not_picked":["Wild Strike","Thunderclap"],"picked":"Spot Weakness","floor":7.0},{"not_picked":["Reckless Charge","Dual Wield","Armaments"],"picked":"SKIP","floor":8.0},{"not_picked":["Flex","Anger"],"picked":"Headbutt","floor":10.0},{"not_picked":["Heavy Blade","Perfected Strike"],"picked":"Battle Trance","floor":14.0},{"not_picked":["Brutality","Bludgeon"],"picked":"Feed","floor":16.0},{"not_picked":["Havoc","Power Through"],"picked":"Body Slam+1","floor":18.0},{"not_picked":["Perfected Strike","Cleave+1"],"picked":"Body Slam","floor":21.0},{"not_picked":["Reckless Charge+1","Shockwave"],"picked":"Pommel Strike","floor":22.0},{"not_picked":["Bloodletting","Wild Strike"],"picked":"Shrug It Off","floor":24.0},{"not_picked":["Warcry","Sword Boomerang"],"picked":"Shrug It Off+1","floor":25.0},{"not_picked":["Burning Pact","Sever Soul"],"picked":"Evolve","floor":30.0},{"not_picked":["Fiend Fire","Offering"],"picked":"Immolate","floor":33.0},{"not_picked":["Wild Strike+1","Heavy Blade","Sever Soul+1"],"picked":"SKIP","floor":35.0},{"not_picked":["Uppercut","Havoc+1"],"picked":"Second Wind","floor":37.0},{"not_picked":["Intimidate+1","Iron Wave+1"],"picked":"Body Slam+1","floor":40.0},{"not_picked":["Ghostly Armor+1","Pommel Strike"],"picked":"Metallicize+1","floor":42.0},{"not_picked":["Armaments+1","Corruption+1"],"picked":"Entrench+1","floor":45.0},{"not_picked":["Anger","Dual Wield+1"],"picked":"Body Slam+1","floor":47.0},{"not_picked":["Body Slam","Clothesline"],"picked":"Power Through","floor":54}],"player_experience":2013284,"relics_obtained":[{"floor":7.0,"key":"Red Skull"},{"floor":9.0,"key":"Tiny Chest"},{"floor":12.0,"key":"Orichalcum"},{"floor":24.0,"key":"Potion Belt"},{"floor":26.0,"key":"Bird Faced Urn"},{"floor":28.0,"key":"The Courier"},{"floor":36.0,"key":"Blood Vial"},{"floor":37.0,"key":"Thread and Needle"},{"floor":45.0,"key":"Dodecahedron"},{"floor":54,"key":"Torii"}],"event_choices":[{"cards_removed":["Strike_R"],"damage_healed":0.0,"max_hp_gain":0.0,"max_hp_loss":0.0,"gold_gain":0.0,"event_name":"Bonfire Elementals","player_choice":"Offered Basic","floor":5.0,"gold_loss":0.0,"damage_taken":0.0},{"damage_healed":0.0,"max_hp_gain":0.0,"max_hp_loss":0.0,"gold_gain":99.0,"event_name":"Nest","player_choice":"Stole From Cult","floor":19.0,"gold_loss":0.0,"damage_taken":0.0},{"cards_removed":["Strike_R"],"damage_healed":0.0,"max_hp_gain":0.0,"max_hp_loss":0.0,"gold_gain":0.0,"event_name":"Beggar","player_choice":"Gave Gold","floor":20.0,"gold_loss":75.0,"damage_taken":0.0},{"damage_healed":0.0,"max_hp_gain":0.0,"max_hp_loss":0.0,"gold_gain":0.0,"event_name":"MindBloom","player_choice":"Fight","floor":37.0,"gold_loss":0.0,"damage_taken":0.0},{"damage_healed":0.0,"max_hp_gain":0.0,"max_hp_loss":0.0,"gold_gain":0.0,"event_name":"Tomb of Lord Red Mask","player_choice":"Paid","floor":39.0,"gold_loss":8.0,"damage_taken":0.0,"relics_obtained":["Red Mask"]},{"cards_removed":["Immolate"],"damage_healed":0.0,"max_hp_gain":0.0,"max_hp_loss":0.0,"gold_gain":0.0,"event_name":"Falling","player_choice":"Removed Attack","floor":48.0,"gold_loss":0.0,"damage_taken":0.0}],"is_beta":false,"boss_relics":[{"not_picked":["Pandora\u0027s Box","Eternal Feather"],"picked":"Astrolabe"},{"not_picked":["Coffee Dripper","Empty Cage"],"picked":"White Beast Statue"}],"items_purged_floors":[38],"is_endless":false,"potions_floor_spawned":[3,4,7,21,25,33,35,37,40,42,45,47,54],"killed_by":"The Heart","ascension_level":0}