{"gold_per_floor":[112,182,182,194,210,210,239,239,239,239,266,285,298,311,311,412,412,423,437,447,464,464],"floor_reached":22,"playtime":1288,"items_purged":[],"score":345,"play_id":"b4f9a063-ea28-4341-a75b-edbab407e84b","local_time":"20181027221621","is_ascension_mode":true,"campfire_choices":[{"data":"Dodge and Roll","floor":6,"key":"SMITH"},{"data":"Backstab","floor":8,"key":"SMITH"},{"floor":10,"key":"REST"},{"floor":15,"key":"REST"}],"neow_cost":"NONE","seed_source_timestamp":1535583179840445,"circlet_count":0,"master_deck":["Survivor","Neutralize","AscendersBane","Backstab+1","Slice","Outmaneuver","Dodge and Roll","Underhanded Strike","Dagger Spray","Underhanded Strike","Slice","Quick Slash","Poisoned Stab","Cloak And Dagger","Neutralize","Swift Strike","Backflip","Dodge and Roll+1","Crippling Poison+1","Envenom","Cloak And Dagger+1","PiercingWail+1","Blade Dance+1","Envenom","Sucker Punch","Dodge and Roll+1","Cloak And Dagger+1","Dodge and Roll+1"],"special_seed":0,"relics":["Pandora\u0027s Box","Toxic Egg 2","Oddly Smooth Stone","Matryoshka","Sozu"],"potions_floor_usage":[7,16,16],"damage_taken":[{"damage":8.0,"enemies":"Jaw Worm","floor":1.0,"turns":2.0},{"damage":5.0,"enemies":"Small Slimes","floor":4.0,"turns":3.0},{"damage":0,"enemies":"Cultist","floor":5,"turns":2},{"damage":9,"enemies":"Gremlin Nob","floor":7,"turns":3},{"damage":10,"enemies":"Lagavulin","floor":11,"turns":6},{"damage":3,"enemies":"Gremlin Gang","floor":12,"turns":3},{"damage":7,"enemies":"Red Slaver","floor":13,"turns":3},{"damage":0,"enemies":"Exordium Wildlife","floor":14,"turns":3},{"damage":2,"enemies":"Slime Boss","floor":16,"turns":11},{"damage":17,"enemies":"Spheric Guardian","floor":18,"turns":4},{"damage":30,"enemies":"2 Thieves","floor":19,"turns":4},{"damage":0,"enemies":"Cultist and Chosen","floor":20,"turns":6},{"damage":7,"enemies":"Chosen and Byrds","floor":21,"turns":5},{"damage":19,"enemies":"Snake Plant","floor":22,"turns":5}],"seed_played":"3530785571511928532","potions_obtained":[{"floor":5,"key":"SteroidPotion"},{"floor":11,"key":"Poison Potion"},{"floor":13,"key":"Dexterity Potion"}],"is_trial":false,"path_per_floor":["M","?","?","M","M","R","E","R","T","R","E","M","M","M","R","B",null,"M","M","M","M"],"character_chosen":"THE_SILENT","items_purchased":[],"campfire_rested":2,"item_purchase_floors":[],"current_hp_per_floor":[55,55,55,50,50,50,41,41,41,62,52,49,42,42,63,61,68,51,21,21,14,0],"gold":464,"neow_bonus":"BOSS_RELIC","is_prod":false,"is_daily":false,"chose_seed":false,"campfire_upgraded":2,"win_rate":0,"timestamp":1540692981,"path_taken":["M","?","?","M","M","R","E","R","T","R","E","?","M","M","R","BOSS","M","M","M","M","M"],"build_version":"2018-10-25v2","purchased_purges":0,"victory":false,"max_hp_per_floor":[70,70,70,70,70,70,70,70,70,70,70,70,70,70,70,70,70,70,70,70,70,70],"card_choices":[{"not_picked":["Well Laid Plans","PiercingWail"],"picked":"Cloak And Dagger","floor":1.0},{"not_picked":["Tactician","Deadly Poison"],"picked":"Backflip","floor":4},{"not_picked":["Acrobatics","Leg Sweep"],"picked":"Dodge and Roll","floor":5},{"not_picked":["Concentrate","Acrobatics"],"picked":"Crippling Poison","floor":7},{"not_picked":["Blur+1","Predator"],"picked":"Envenom","floor":11},{"not_picked":["PiercingWail+1","Dagger Throw"],"picked":"Cloak And Dagger+1","floor":12},{"not_picked":["Flying Knee","Poisoned Stab"],"picked":"PiercingWail+1","floor":13},{"not_picked":["Heel Hook","Slice"],"picked":"Blade Dance+1","floor":14},{"not_picked":["Phantasmal Killer+1","Venomology+1"],"picked":"Envenom","floor":16},{"not_picked":["Reflex+1","Slice"],"picked":"Sucker Punch","floor":18},{"not_picked":["Dagger Spray","Heel Hook"],"picked":"Dodge and Roll+1","floor":19},{"not_picked":["Sucker Punch+1","Outmaneuver+1"],"picked":"Cloak And Dagger+1","floor":20},{"not_picked":["Slice","Deadly Poison+1"],"picked":"Dodge and Roll+1","floor":21}],"player_experience":1598837,"relics_obtained":[{"floor":7,"key":"Toxic Egg 2"},{"floor":9,"key":"Oddly Smooth Stone"},{"floor":11,"key":"Matryoshka"}],"event_choices":[{"damage_healed":0.0,"max_hp_gain":0.0,"max_hp_loss":0.0,"gold_gain":70.0,"event_name":"Golden Wing","player_choice":"Gained Gold","floor":2.0,"gold_loss":0.0,"damage_taken":0.0},{"damage_healed":0.0,"max_hp_gain":0.0,"max_hp_loss":0.0,"gold_gain":0.0,"event_name":"Match and Keep!","player_choice":"2 cards matched","floor":3.0,"gold_loss":0.0,"damage_taken":0.0,"cards_obtained":["Neutralize","Swift Strike"]}],"is_beta":false,"boss_relics":[{"not_picked":["Coffee Dripper","Fusion Hammer"],"picked":"Sozu"}],"items_purged_floors":[],"is_endless":false,"potions_floor_spawned":[5,11,13,21],"killed_by":"Snake Plant","ascension_level":12}