{"gold_per_floor":[19,35,35,35,52,52,52,52,105,140,140,160,183,183,183,183],"floor_reached":16,"playtime":396,"items_purged":[],"score":190,"play_id":"b78c02d9-7910-48d6-80f6-068571d9a233","local_time":"20190207090456","is_ascension_mode":true,"campfire_choices":[{"data":"Neutralize","floor":8.0,"key":"SMITH"},{"data":"A Thousand Cuts","floor":11,"key":"SMITH"},{"data":"PiercingWail","floor":15,"key":"SMITH"}],"neow_cost":"NO_GOLD","seed_source_timestamp":51919194623189,"circlet_count":0,"master_deck":["AscendersBane","Defend_G","Defend_G","Defend_G","Defend_G","Defend_G","Strike_G","Strike_G","Strike_G","Strike_G","Strike_G","Survivor","Neutralize+1","Skewer+1","PiercingWail+1","Cloak And Dagger+1","A Thousand Cuts+1"],"special_seed":0,"relics":["Ring of the Snake","Toxic Egg 2","Golden Idol","PreservedInsect","Sundial","Nunchaku"],"potions_floor_usage":[10],"damage_taken":[{"damage":1.0,"enemies":"Cultist","floor":1.0,"turns":4.0},{"damage":1.0,"enemies":"Small Slimes","floor":2.0,"turns":3.0},{"damage":0.0,"enemies":"2 Louse","floor":5.0,"turns":4.0},{"damage":3,"enemies":"Gremlin Nob","floor":10,"turns":3},{"damage":3,"enemies":"Looter","floor":12,"turns":3},{"damage":8,"enemies":"3 Louse","floor":13,"turns":2},{"damage":61,"enemies":"Hexaghost","floor":16,"turns":11}],"seed_played":"-5450394437728237617","potions_obtained":[{"floor":1.0,"key":"Block Potion"},{"floor":2.0,"key":"SteroidPotion"},{"floor":10,"key":"EssenceOfSteel"}],"is_trial":false,"path_per_floor":["M","M","T","$","M","?","?","R","T","E","R","M","M","T","R","B"],"character_chosen":"THE_SILENT","items_purchased":[],"campfire_rested":0,"item_purchase_floors":[],"current_hp_per_floor":[70,69,69,69,69,69,69,69,69,66,66,63,55,55,55,0],"gold":183,"neow_bonus":"TWENTY_PERCENT_HP_BONUS","is_prod":false,"is_daily":false,"chose_seed":false,"campfire_upgraded":3,"win_rate":0,"timestamp":1549526696,"path_taken":["M","M","?","$","M","?","?","R","T","E","R","M","M","?","R","BOSS"],"build_version":"2019-01-23","purchased_purges":0,"victory":false,"max_hp_per_floor":[78,78,78,78,78,71,71,71,71,71,71,71,71,71,71,71],"card_choices":[{"not_picked":["Heel Hook","Setup"],"picked":"Skewer","floor":1.0},{"not_picked":["Outmaneuver","Finisher"],"picked":"PiercingWail","floor":2.0},{"not_picked":["Dodge and Roll+1","Deflect+1"],"picked":"Cloak And Dagger+1","floor":5.0},{"not_picked":["Dagger Spray","Burst+1"],"picked":"A Thousand Cuts","floor":10},{"not_picked":["Underhanded Strike","Acrobatics+1","Quick Slash"],"picked":"SKIP","floor":12},{"not_picked":["Dagger Throw","Sucker Punch","Dodge and Roll+1"],"picked":"SKIP","floor":13}],"player_experience":1365403,"relics_obtained":[{"floor":3.0,"key":"Toxic Egg 2"},{"floor":9.0,"key":"PreservedInsect"},{"floor":10,"key":"Sundial"},{"floor":14,"key":"Nunchaku"}],"event_choices":[{"damage_healed":0.0,"max_hp_gain":0.0,"max_hp_loss":7.0,"gold_gain":0.0,"event_name":"Golden Idol","player_choice":"Lose Max HP","floor":6.0,"gold_loss":0.0,"damage_taken":0.0,"relics_obtained":["Golden Idol"]},{"damage_healed":0.0,"max_hp_gain":0.0,"max_hp_loss":0.0,"gold_gain":0.0,"event_name":"Living Wall","player_choice":"Grow","floor":7.0,"gold_loss":0.0,"damage_taken":0.0,"cards_upgraded":["Skewer"]}],"is_beta":false,"boss_relics":[],"items_purged_floors":[],"is_endless":false,"potions_floor_spawned":[1,2,10],"killed_by":"Hexaghost","ascension_level":18}