{"gold_per_floor":[119,135,149,149,166,166,183,183,206,131,158,174,74,74,74,171,171,187,197,213,128,3,3],"floor_reached":23,"playtime":1168,"items_purged":["Strike_G","Strike_G","Strike_G"],"score":245,"play_id":"b09c19da-7439-4670-84de-bf6b5047fcf5","local_time":"20180626080925","is_ascension_mode":true,"campfire_choices":[{"data":"Catalyst","floor":6,"key":"SMITH"},{"data":"Footwork","floor":8,"key":"SMITH"},{"floor":15,"key":"REST"}],"neow_cost":"NONE","seed_source_timestamp":130889113378819,"circlet_count":0,"master_deck":["Defend_G","Defend_G","Defend_G","Defend_G","Defend_G","Strike_G","Strike_G","Survivor","Neutralize","Poisoned Stab","Footwork+1","Poisoned Stab","Catalyst+1","Poisoned Stab","Adrenaline","Crippling Poison","Night Terror","Poisoned Stab+1","Backflip+1","Deflect+1"],"relics":["Ring of the Snake","NeowsBlessing","Snake Skull","Odd Mushroom","Eternal Feather","Potion Belt"],"potions_floor_usage":[7,7,16,16,18,23],"damage_taken":[{"damage":0,"enemies":"Cultist","floor":1,"turns":1},{"damage":0,"enemies":"2 Louse","floor":2,"turns":1},{"damage":0,"enemies":"Small Slimes","floor":3,"turns":1},{"damage":0,"enemies":"2 Fungi Beasts","floor":5,"turns":4},{"damage":11,"enemies":"Looter","floor":7,"turns":2},{"damage":34,"floor":11,"turns":5},{"damage":0,"enemies":"Blue Slaver","floor":12,"turns":2},{"damage":3,"enemies":"The Guardian","floor":16,"turns":8},{"damage":24,"enemies":"Shell Parasite","floor":18,"turns":4},{"damage":10,"enemies":"Spheric Guardian","floor":19,"turns":4},{"damage":2,"enemies":"Snecko","floor":20,"turns":4},{"damage":48,"enemies":"Gremlin Leader","floor":23,"turns":8}],"seed_played":"-7489920305457878435","potions_obtained":[{"floor":2,"key":"AttackPotion"},{"floor":3,"key":"AttackPotion"},{"floor":11,"key":"Energy Potion"},{"floor":12,"key":"FearPotion"},{"floor":14,"key":"Block Potion"},{"floor":16,"key":"AttackPotion"},{"floor":18,"key":"SteroidPotion"},{"floor":20,"key":"AttackPotion"}],"is_trial":false,"path_per_floor":["M","M","M","?","M","R","M","R","T","$","?","M","$","?","R","B",null,"M","M","M","?","$"],"character_chosen":"THE_SILENT","items_purchased":[],"campfire_rested":1,"item_purchase_floors":[],"current_hp_per_floor":[70,70,70,70,70,70,59,59,59,59,25,25,25,25,46,43,70,46,36,34,34,34,0],"gold":3,"neow_bonus":"THREE_ENEMY_KILL","is_prod":false,"is_daily":false,"chose_seed":false,"campfire_upgraded":2,"win_rate":0,"timestamp":1530014965,"path_taken":["M","?","M","?","M","R","M","R","T","$","?","M","$","?","R","BOSS","M","M","M","?","$","E"],"build_version":"2018-06-21v2","purchased_purges":3,"victory":false,"max_hp_per_floor":[70,70,70,70,70,70,70,70,70,70,70,70,70,70,70,70,70,70,70,70,70,70,70],"card_choices":[{"not_picked":["Expertise","Masterful Stab"],"picked":"Poisoned Stab","floor":1},{"not_picked":["Bane","Acrobatics"],"picked":"Footwork","floor":2},{"not_picked":["Quick Slash","Slice"],"picked":"Poisoned Stab","floor":3},{"not_picked":["Blur","Quick Slash"],"picked":"Catalyst","floor":5},{"not_picked":["Burst","Flying Knee"],"picked":"Poisoned Stab","floor":7},{"not_picked":["Sucker Punch","Dagger Throw"],"picked":"Adrenaline","floor":11},{"not_picked":["Flying Knee","Deflect"],"picked":"Crippling Poison","floor":12},{"not_picked":["Die Die Die","Venomology"],"picked":"Night Terror","floor":16},{"not_picked":["Deflect","Finisher"],"picked":"Poisoned Stab+1","floor":18},{"not_picked":["Skewer","Sucker Punch+1"],"picked":"Backflip+1","floor":19},{"not_picked":["Finisher+1","Underhanded Strike"],"picked":"Deflect+1","floor":20}],"player_experience":775782,"relics_obtained":[{"floor":9,"key":"Snake Skull"},{"floor":11,"key":"Odd Mushroom"}],"event_choices":[{"event_name":"Shining Light","player_choice":"Ignored","floor":4,"damage_taken":0},{"event_name":"Mushrooms","player_choice":"Fought Mushrooms","floor":11,"damage_taken":0},{"event_name":"The Lab","player_choice":"Got Potions","floor":14,"damage_taken":0},{"event_name":"Addict","player_choice":"Obtained Relic","floor":21,"damage_taken":0}],"boss_relics":[{"not_picked":["White Beast Statue","Coffee Dripper"],"picked":"Eternal Feather"}],"items_purged_floors":[10,13,22],"is_endless":false,"potions_floor_spawned":[2,3,11,12,16,18,20],"killed_by":"Gremlin Leader","ascension_level":4}