{"path_per_floor":["M","M","$","?","$","R","E","R","T","M","R","?","M","$","R","B",null,"M","M","$","?","M","R","M","R","T","M","?","$","M","?","R"],"character_chosen":"DEFECT","items_purchased":["Static Discharge","Sweeping Beam","Lantern","Machine Learning"],"gold_per_floor":[119,135,99,99,45,45,72,72,120,131,131,131,145,2,2,98,98,114,129,54,54,70,70,81,81,162,174,174,14,30,30,30,30],"floor_reached":33,"campfire_rested":3,"playtime":1338,"item_purchase_floors":[3,5,14,29],"current_hp_per_floor":[69,70,70,70,70,70,42,64,64,70,70,70,65,65,65,33,75,54,50,50,50,47,47,38,60,60,43,43,43,31,31,53,0],"items_purged":["Strike_B"],"gold":30,"score":282,"play_id":"70718fbd-ba62-4fca-a6c2-6bd71e512e65","local_time":"20180614171644","is_prod":false,"is_daily":false,"chose_seed":false,"is_ascension_mode":true,"campfire_upgraded":4,"win_rate":0,"timestamp":1529011004,"campfire_choices":[{"data":"Sweeping Beam","floor":6,"key":"SMITH"},{"floor":8,"key":"REST"},{"data":"Static Discharge","floor":11,"key":"SMITH"},{"data":"Streamline","floor":15,"key":"SMITH"},{"data":"Rainbow","floor":23,"key":"SMITH"},{"floor":25,"key":"REST"},{"floor":32,"key":"REST"}],"path_taken":["M","M","$","?","$","R","E","R","T","M","R","?","M","$","R","BOSS","M","M","$","?","M","R","M","R","T","M","?","$","?","?","R","BOSS"],"build_version":"2018-06-07v3","seed_source_timestamp":49024028666255,"purchased_purges":1,"victory":false,"master_deck":["Defend_B+1","Defend_B+1","Defend_B+1","Defend_B+1","Zap","Dualcast","Fission+1","Steam Power+1","Core Surge+1","Self Repair","Coolheaded","Static Discharge+1","Sweeping Beam+1","Streamline+1","Static Discharge+1","Ball Lightning","Rainbow+1","Steam","Conserve Battery+1","Defragment","Pain","Storm","Machine Learning","Melter"],"max_hp_per_floor":[75,75,75,75,75,75,75,75,75,75,75,75,75,75,75,75,75,75,75,75,75,75,75,75,75,75,75,75,75,75,75,75,75],"relics":["Astrolabe","Question Card","Bag of Preparation","Lantern","Cursed Key","Kunai"],"card_choices":[{"not_picked":["Hologram","Barrage"],"picked":"Self Repair","floor":1},{"not_picked":["Sunder","Self Repair"],"picked":"Coolheaded","floor":2},{"not_picked":["Barrage","Sweeping Beam"],"picked":"Streamline","floor":7},{"not_picked":["Leap","Turbo","BootSequence"],"picked":"Static Discharge","floor":10},{"not_picked":["Go for the Eyes","Fusion","Steam"],"picked":"Ball Lightning","floor":13},{"not_picked":["Amplify","Fission","Multi-Cast"],"picked":"Rainbow","floor":16},{"not_picked":["Steam Power","Loop","Barrage"],"picked":"Steam","floor":18},{"not_picked":["Reprogram","Ball Lightning","Auto Shields"],"picked":"Conserve Battery+1","floor":19},{"not_picked":["Recycle","Barrage","Blizzard+1","Auto Shields"],"picked":"SKIP","floor":22},{"not_picked":["Fusion","Cold Snap","Reinforced Body"],"picked":"Defragment","floor":24},{"not_picked":["Ball Lightning","Barrage","Turbo"],"picked":"Storm","floor":27},{"not_picked":["Steam","Steam Power+1","Rebound+1"],"picked":"Melter","floor":30}],"player_experience":534637,"potions_floor_usage":[7,16,22,24,24,33,33],"damage_taken":[{"damage":6,"enemies":"2 Louse","floor":1,"turns":2},{"damage":6,"enemies":"Cultist","floor":2,"turns":4},{"damage":35,"enemies":"Lagavulin","floor":7,"turns":6},{"damage":1,"enemies":"Small Slimes","floor":10,"turns":4},{"damage":12,"enemies":"Exordium Wildlife","floor":13,"turns":3},{"damage":39,"enemies":"Slime Boss","floor":16,"turns":6},{"damage":21,"enemies":"2 Thieves","floor":18,"turns":2},{"damage":11,"enemies":"Spheric Guardian","floor":19,"turns":4},{"damage":10,"enemies":"Snecko","floor":22,"turns":4},{"damage":16,"enemies":"Chosen and Byrds","floor":24,"turns":5},{"damage":24,"enemies":"Sentry and Sphere","floor":27,"turns":3},{"damage":19,"enemies":"Snake Plant","floor":30,"turns":3},{"damage":67,"enemies":"Collector","floor":33,"turns":7}],"relics_obtained":[{"floor":7,"key":"Question Card"},{"floor":9,"key":"Bag of Preparation"},{"floor":26,"key":"Kunai"}],"event_choices":[{"event_name":"Upgrade Shrine","player_choice":"Upgraded","floor":4,"damage_taken":0},{"event_name":"Liars Game","player_choice":"disagreed","floor":12,"damage_taken":0},{"event_name":"Vampires","player_choice":"Ignored","floor":21,"damage_taken":0},{"event_name":"Back to Basics","player_choice":"Simplicity","floor":28,"damage_taken":0},{"event_name":"Addict","player_choice":"Ignored","floor":31,"damage_taken":0}],"boss_relics":[{"not_picked":["Calling Bell","Busted Crown"],"picked":"Cursed Key"}],"items_purged_floors":[20],"potions_floor_spawned":[2,7,13,16,19,22,30],"seed_played":"8858462156438242403","killed_by":"Collector","ascension_level":3,"potions_obtained":[{"floor":2,"key":"Strength Potion"},{"floor":7,"key":"LiquidBronze"},{"floor":13,"key":"SpeedPotion"},{"floor":16,"key":"Poison Potion"},{"floor":19,"key":"Weak Potion"},{"floor":22,"key":"PowerPotion"},{"floor":30,"key":"Weak Potion"}],"is_trial":false}