{"gold_per_floor":[364,378,217,233,248,2,2,12,38,63,225,237,269,301,313,396,408,437,41,56,70,70,102,102,17,17,17,17,35,35,50,50,50],"floor_reached":33,"playtime":1432,"items_purged":["Parasite","Strike_B"],"score":525,"play_id":"7d57067a-b6c3-4d80-ad51-feae5a92615c","local_time":"20190131201335","is_ascension_mode":true,"campfire_choices":[{"data":"Storm","floor":7,"key":"SMITH"},{"data":"Defragment","floor":12,"key":"SMITH"},{"floor":15,"key":"REST"},{"floor":24,"key":"REST"},{"floor":32,"key":"REST"}],"neow_cost":"CURSE","seed_source_timestamp":632052886150911,"circlet_count":0,"master_deck":["AscendersBane","Strike_B","Strike_B","Strike_B","Defend_B","Defend_B","Defend_B","Defend_B","Zap","Dualcast","Storm+1","Sunder","Capacitor","Ball Lightning","Loop","Defragment+1","Ball Lightning","Chill","Leap","Steam","Cold Snap","Echo Form","Leap","Steam","Recycle+1","Force Field+1","Decay","Chill","Self Repair+1","Stack"],"relics":["Cracked Core","Anchor","MawBank","Inserter","PreservedInsect","HandDrill","Bronze Scales","DataDisk","Sundial"],"potions_floor_usage":[10,10,23,31,31,33],"damage_taken":[{"damage":4,"enemies":"Jaw Worm","floor":1,"turns":4},{"damage":2,"enemies":"2 Louse","floor":2,"turns":2},{"damage":10,"enemies":"Small Slimes","floor":4,"turns":3},{"damage":6,"enemies":"3 Louse","floor":5,"turns":3},{"damage":7,"enemies":"Exordium Thugs","floor":8,"turns":3},{"damage":3,"enemies":"3 Sentries","floor":10,"turns":5},{"damage":6,"enemies":"Blue Slaver","floor":13,"turns":3},{"damage":0,"enemies":"Large Slime","floor":14,"turns":4},{"damage":13,"enemies":"Hexaghost","floor":16,"turns":9},{"damage":14,"enemies":"3 Byrds","floor":18,"turns":4},{"damage":22,"enemies":"2 Thieves","floor":20,"turns":4},{"damage":8,"enemies":"Centurion and Healer","floor":21,"turns":6},{"damage":14,"enemies":"Slavers","floor":23,"turns":5},{"damage":6,"enemies":"Snecko","floor":29,"turns":5},{"damage":6,"enemies":"Shelled Parasite and Fungi","floor":31,"turns":4},{"damage":62,"enemies":"Collector","floor":33,"turns":6}],"seed_played":"-5108385985438761760","potions_obtained":[{"floor":1,"key":"Strength Potion"},{"floor":2,"key":"Dexterity Potion"},{"floor":20,"key":"Energy Potion"},{"floor":23,"key":"Weak Potion"},{"floor":29,"key":"Explosive Potion"},{"floor":31,"key":"Dexterity Potion"}],"is_trial":false,"path_per_floor":["M","M","$","M","M","$","R","M","T","E","?","R","M","M","R","B",null,"M","$","M","M","?","E","R","?","T","?","?","M","?","M","R","B"],"character_chosen":"DEFECT","items_purchased":["Capacitor","Defragment","Ball Lightning","PreservedInsect","HandDrill","Steam"],"campfire_rested":3,"item_purchase_floors":[3,6,6,19,19,19],"current_hp_per_floor":[60,58,58,48,42,42,42,35,35,32,32,32,26,26,46,33,59,45,45,23,15,15,1,21,21,21,21,21,15,29,33,53,0],"gold":50,"neow_bonus":"TWO_FIFTY_GOLD","is_prod":false,"is_daily":false,"chose_seed":false,"campfire_upgraded":2,"win_rate":0,"timestamp":1548983615,"path_taken":["M","M","$","M","M","$","R","M","T","E","?","R","M","M","R","BOSS","M","$","M","M","?","E","R","?","T","?","?","?","?","M","R","BOSS"],"build_version":"2019-01-23","purchased_purges":2,"victory":false,"max_hp_per_floor":[71,71,68,68,68,68,68,68,68,68,68,68,68,68,68,68,68,68,68,68,68,68,68,68,68,68,68,68,68,68,68,68,68],"card_choices":[{"not_picked":["Turbo","Self Repair"],"picked":"Storm","floor":1},{"not_picked":["Rip and Tear","Gash"],"picked":"Sunder","floor":2},{"not_picked":["Sweeping Beam","Rebound"],"picked":"Ball Lightning","floor":4},{"not_picked":["Skim","Streamline"],"picked":"Loop","floor":5},{"not_picked":["Melter","Gash"],"picked":"Chill","floor":8},{"not_picked":["Sweeping Beam","Gash"],"picked":"Leap","floor":10},{"not_picked":["Reprogram","Beam Cell"],"picked":"Steam","floor":13},{"not_picked":["Ball Lightning","Leap"],"picked":"Cold Snap","floor":14},{"not_picked":["Multi-Cast","Fission"],"picked":"Echo Form","floor":16},{"not_picked":["Sweeping Beam","Redo"],"picked":"Leap","floor":18},{"not_picked":["Gash","Streamline"],"picked":"Recycle+1","floor":20},{"not_picked":["Streamline","Beam Cell"],"picked":"Force Field+1","floor":21},{"not_picked":["Ball Lightning","Aggregate"],"picked":"Chill","floor":23},{"not_picked":["Turbo","Stack"],"picked":"Self Repair+1","floor":29},{"not_picked":["Barrage","Ball Lightning"],"picked":"Stack","floor":31}],"player_experience":2256095,"relics_obtained":[{"floor":9,"key":"Anchor"},{"floor":10,"key":"MawBank"},{"floor":23,"key":"Bronze Scales"},{"floor":26,"key":"Sundial"}],"event_choices":[{"damage_healed":0,"gold_gain":150,"player_choice":"AGREE","damage_taken":0,"max_hp_gain":0,"max_hp_loss":0,"event_name":"Liars Game","floor":11,"gold_loss":0,"cards_obtained":["Doubt"]},{"damage_healed":0,"gold_gain":0,"player_choice":"Smashed Altar","damage_taken":0,"max_hp_gain":0,"max_hp_loss":0,"event_name":"Forgotten Altar","floor":22,"gold_loss":0,"cards_obtained":["Decay"]},{"damage_healed":0,"gold_gain":0,"player_choice":"Obtained Relic","damage_taken":0,"relics_obtained":["DataDisk"],"max_hp_gain":0,"max_hp_loss":0,"event_name":"Addict","floor":25,"gold_loss":85},{"damage_healed":0,"gold_gain":0,"player_choice":"Ignored","damage_taken":0,"max_hp_gain":0,"max_hp_loss":0,"event_name":"Vampires","floor":27,"gold_loss":0},{"cards_removed":["Doubt"],"damage_healed":0,"gold_gain":0,"player_choice":"Purged","damage_taken":0,"max_hp_gain":0,"max_hp_loss":0,"event_name":"Purifier","floor":28,"gold_loss":0},{"damage_healed":14,"gold_gain":0,"player_choice":"Heal","damage_taken":0,"max_hp_gain":0,"max_hp_loss":0,"event_name":"The Library","floor":30,"gold_loss":0}],"is_beta":false,"boss_relics":[{"not_picked":["Coffee Dripper","FrozenCore"],"picked":"Inserter"}],"items_purged_floors":[3,6],"is_endless":false,"potions_floor_spawned":[1,2,8,20,23,29,31],"killed_by":"Collector","ascension_level":19}