{"gold_per_floor":[116,116,116,116,134,165,165,199,199,159,174,29,29,53,53,179,179,192,94,108,121,139,139,173,191,191,234,234,252,272,13,13,13],"floor_reached":33,"playtime":1110,"items_purged":["Strike_R"],"score":338,"play_id":"ba5732a5-0bd3-47b1-8246-8e4fe58a9a2c","local_time":"20180711201220","is_ascension_mode":true,"campfire_choices":[{"floor":7,"key":"REST"},{"data":"Whirlwind","floor":13,"key":"SMITH"},{"data":"Seeing Red","floor":15,"key":"SMITH"},{"floor":23,"key":"REST"},{"floor":32,"key":"REST"}],"neow_cost":"NONE","seed_source_timestamp":56228256456995,"circlet_count":0,"master_deck":["Strike_R+1","Strike_R","Strike_R","Strike_R+1","Defend_R","Defend_R","Defend_R","Defend_R","Bash","Flex+1","Whirlwind+1","Clash","Seeing Red+1","Thunderclap","Bludgeon","Dramatic Entrance","Clash","Ghostly Armor+1","Immolate"],"relics":["Burning Blood","NeowsBlessing","Golden Idol","Letter Opener","Self Forming Clay","Paper Frog","Blue Candle","Eternal Feather","Bird Faced Urn","Whetstone","Bag of Preparation","Meat on the Bone"],"potions_floor_usage":[8,8,14,16,21,24,27,30,33],"damage_taken":[{"damage":0,"enemies":"Jaw Worm","floor":1,"turns":1},{"damage":0,"enemies":"Cultist","floor":5,"turns":1},{"damage":0,"enemies":"3 Sentries","floor":6,"turns":2},{"damage":23,"enemies":"Lagavulin","floor":8,"turns":7},{"damage":0,"enemies":"Small Slimes","floor":11,"turns":2},{"damage":0,"enemies":"2 Fungi Beasts","floor":14,"turns":2},{"damage":36,"enemies":"The Guardian","floor":16,"turns":7},{"damage":5,"enemies":"Chosen","floor":18,"turns":3},{"damage":19,"enemies":"2 Thieves","floor":20,"turns":3},{"damage":6,"enemies":"3 Cultists","floor":21,"turns":3},{"damage":29,"enemies":"Snake Plant","floor":22,"turns":4},{"damage":32,"enemies":"Slavers","floor":24,"turns":5},{"damage":24,"enemies":"Slaver and Parasite","floor":25,"turns":6},{"damage":26,"enemies":"Book of Stabbing","floor":27,"turns":5},{"damage":7,"enemies":"Centurion and Healer","floor":29,"turns":2},{"damage":6,"enemies":"Snake Plant","floor":30,"turns":3},{"damage":64,"enemies":"Collector","floor":33,"turns":6}],"seed_played":"-8334012611213473846","potions_obtained":[{"floor":1,"key":"SpeedPotion"},{"floor":5,"key":"Dexterity Potion"},{"floor":11,"key":"Ancient Potion"},{"floor":14,"key":"Explosive Potion"},{"floor":18,"key":"Poison Potion"},{"floor":21,"key":"GamblersBrew"},{"floor":25,"key":"Swift Potion"},{"floor":27,"key":"Weak Potion"},{"floor":30,"key":"Weak Potion"}],"is_trial":false,"path_per_floor":["M","?","?","?","M","E","R","E","T","?","M","$","R","M","R","B",null,"M","$","M","M","M","R","E","M","T","E","?","M","M","$","R"],"character_chosen":"IRONCLAD","items_purchased":["Seeing Red","Dramatic Entrance","Meat on the Bone"],"campfire_rested":3,"item_purchase_floors":[12,19,31],"current_hp_per_floor":[80,60,35,35,41,47,71,54,54,54,60,60,60,66,66,36,80,80,80,67,67,44,74,48,30,30,10,10,9,9,9,39,0],"gold":13,"neow_bonus":"THREE_ENEMY_KILL","is_prod":false,"is_daily":false,"chose_seed":false,"campfire_upgraded":2,"win_rate":0,"timestamp":1531357940,"path_taken":["M","?","?","?","M","E","R","E","T","?","?","$","R","M","R","BOSS","M","$","M","M","M","R","E","M","T","E","?","?","M","$","R","BOSS"],"build_version":"2018-07-10","purchased_purges":1,"victory":false,"max_hp_per_floor":[80,80,80,80,80,80,80,80,80,80,80,80,80,80,80,80,80,80,80,80,80,80,80,80,80,80,80,80,80,80,80,80,80],"card_choices":[{"not_picked":["Clash","Pommel Strike"],"picked":"Flex","floor":1},{"not_picked":["Sentinel","Headbutt","Ghostly Armor"],"picked":"SKIP","floor":5},{"not_picked":["Berserk","Shrug It Off"],"picked":"Whirlwind","floor":6},{"not_picked":["Twin Strike","Dark Embrace"],"picked":"Clash","floor":8},{"not_picked":["Warcry","Armaments","True Grit"],"picked":"SKIP","floor":11},{"not_picked":["Infernal Blade","Heavy Blade"],"picked":"Thunderclap","floor":14},{"not_picked":["Brutality","Feed"],"picked":"Bludgeon","floor":16},{"not_picked":["Headbutt+1","True Grit","Heavy Blade"],"picked":"SKIP","floor":18},{"not_picked":["Limit Break","Sentinel"],"picked":"Clash","floor":20},{"not_picked":["Flex+1","Inflame","Burning Pact"],"picked":"SKIP","floor":21},{"not_picked":["Iron Wave","Flex+1","True Grit"],"picked":"SKIP","floor":22},{"not_picked":["Exhume","Clothesline","Barricade"],"picked":"SKIP","floor":24},{"not_picked":["Cleave+1","Armaments"],"picked":"Ghostly Armor+1","floor":25},{"not_picked":["Body Slam","Intimidate","Havoc+1"],"picked":"SKIP","floor":27},{"not_picked":["Clothesline","Uppercut","Headbutt"],"picked":"SKIP","floor":29},{"not_picked":["Headbutt","Perfected Strike","Spot Weakness"],"picked":"SKIP","floor":30}],"player_experience":340833,"relics_obtained":[{"floor":6,"key":"Self Forming Clay"},{"floor":8,"key":"Paper Frog"},{"floor":9,"key":"Blue Candle"},{"floor":24,"key":"Bird Faced Urn"},{"floor":26,"key":"Whetstone"},{"floor":27,"key":"Bag of Preparation"}],"event_choices":[{"event_name":"Golden Idol","player_choice":"Take Damage","floor":2,"damage_taken":0},{"event_name":"Scrap Ooze","player_choice":"success","floor":3,"damage_taken":25},{"event_name":"Living Wall","player_choice":"Grow","floor":4,"damage_taken":0},{"event_name":"World of Goop","player_choice":"Left","floor":10,"damage_taken":0},{"event_name":"Match and Keep!","player_choice":"1 cards matched","floor":28,"damage_taken":0}],"boss_relics":[{"not_picked":["Runic Cube","Velvet Choker"],"picked":"Eternal Feather"}],"items_purged_floors":[12],"is_endless":false,"potions_floor_spawned":[1,5,11,14,18,21,25,27,30],"killed_by":"Collector","ascension_level":1}