{"gold_per_floor":[18,29,48,48,26,54,54,82,106,106,116,149,249,268,268,368,368,383,401,414,434,444,474,89,115,115,148,148,167,181,215,215,318,318,332,332,207,227,227,227,255,268,315,315,326,383,59,78,78,78],"floor_reached":51,"playtime":5187,"items_purged":["Strike_G","Defend_G+1","Madness"],"score":1111,"play_id":"3cf2ed9b-1e48-430a-bcb3-c14eb320c9f1","local_time":"20180629194557","is_ascension_mode":true,"campfire_choices":[{"data":"Neutralize","floor":7,"key":"SMITH"},{"data":"Sucker Punch","floor":10,"key":"SMITH"},{"data":"Adrenaline","floor":15,"key":"SMITH"},{"data":"1","floor":28,"key":"LIFT"},{"data":"2","floor":32,"key":"LIFT"},{"data":"3","floor":40,"key":"LIFT"},{"data":"Sadistic Nature","floor":49,"key":"SMITH"}],"neow_cost":"NO_GOLD","seed_source_timestamp":249338178304526,"circlet_count":0,"master_deck":["Defend_G+1","Defend_G+1","Defend_G+1","Strike_G+1","Strike_G+1","Strike_G+1","Strike_G+1","Survivor+1","Neutralize+1","Predator+1","Sucker Punch+1","Backstab+1","Cloak And Dagger+1","Adrenaline+1","Cloak And Dagger+1","Adrenaline+1","Backflip+1","Dagger Spray+1","Malaise+1","Blur+1","Leg Sweep+1","Well Laid Plans+1","Panache+1","Cloak And Dagger+1","Heel Hook+1","Night Terror+1","Cloak And Dagger","Madness","Sadistic Nature+1","Flechettes+1"],"relics":["Ring of the Snake","Blood Vial","Anchor","Art of War","Question Card","Busted Crown","Tough Bandages","Bag of Marbles","Girya","Molten Egg 2","Potion Belt","Coffee Dripper","Mark of the Bloom","Mercury Hourglass","Bronze Scales","Tiny Chest"],"potions_floor_usage":[12,16,21,27,29,33,33,46,48,50,50,50],"damage_taken":[{"damage":2,"enemies":"Jaw Worm","floor":1,"turns":4},{"damage":3,"enemies":"Cultist","floor":2,"turns":4},{"damage":0,"enemies":"2 Louse","floor":3,"turns":2},{"damage":26,"enemies":"3 Sentries","floor":6,"turns":10},{"damage":32,"enemies":"Lagavulin","floor":8,"turns":7},{"damage":0,"enemies":"Exordium Wildlife","floor":11,"turns":4},{"damage":0,"enemies":"Gremlin Nob","floor":12,"turns":2},{"damage":0,"enemies":"2 Fungi Beasts","floor":14,"turns":3},{"damage":26,"enemies":"Hexaghost","floor":16,"turns":13},{"damage":0,"enemies":"Spheric Guardian","floor":18,"turns":3},{"damage":0,"enemies":"3 Byrds","floor":19,"turns":7},{"damage":0,"enemies":"Centurion and Healer","floor":20,"turns":8},{"damage":0,"enemies":"Snecko","floor":21,"turns":5},{"damage":23,"enemies":"Snake Plant","floor":22,"turns":6},{"damage":3,"enemies":"Slavers","floor":23,"turns":7},{"damage":6,"enemies":"Book of Stabbing","floor":25,"turns":7},{"damage":0,"enemies":"Slavers","floor":27,"turns":5},{"damage":1,"enemies":"3 Cultists","floor":29,"turns":4},{"damage":0,"enemies":"Snecko","floor":30,"turns":4},{"damage":0,"enemies":"Book of Stabbing","floor":31,"turns":5},{"damage":64,"enemies":"Champ","floor":33,"turns":16},{"damage":0,"enemies":"Orb Walker","floor":35,"turns":4},{"damage":0,"enemies":"3 Darklings","floor":38,"turns":2},{"damage":0,"enemies":"Giant Head","floor":41,"turns":4},{"damage":0,"enemies":"4 Shapes","floor":42,"turns":1},{"damage":0,"enemies":"Flame Bruiser 2 Orb","floor":45,"turns":2},{"damage":0,"enemies":"2 Orb Walkers","floor":46,"turns":4},{"damage":12,"enemies":"Spire Growth","floor":48,"turns":3},{"damage":36,"enemies":"Time Eater","floor":50,"turns":6}],"seed_played":"1545235034232764226","potions_obtained":[{"floor":2,"key":"FairyPotion"},{"floor":6,"key":"FearPotion"},{"floor":8,"key":"SmokeBomb"},{"floor":12,"key":"SmokeBomb"},{"floor":14,"key":"Strength Potion"},{"floor":19,"key":"SkillPotion"},{"floor":22,"key":"FearPotion"},{"floor":25,"key":"Energy Potion"},{"floor":27,"key":"Weak Potion"},{"floor":31,"key":"Block Potion"},{"floor":33,"key":"Poison Potion"},{"floor":38,"key":"SteroidPotion"},{"floor":39,"key":"Fruit Juice"},{"floor":39,"key":"AttackPotion"},{"floor":41,"key":"SpeedPotion"},{"floor":45,"key":"Strength Potion"}],"is_trial":false,"path_per_floor":["M","M","M","?","?","E","R","E","T","R","M","E","?","M","R","B",null,"M","M","M","M","M","E","$","E","T","E","R","M","M","E","R","B",null,"M","?","$","M","?","R","E","M","T","?","M","E","$","M","R","B"],"character_chosen":"THE_SILENT","items_purchased":["Leg Sweep","Well Laid Plans","Panache","Cloak And Dagger","Sadistic Nature"],"campfire_rested":0,"item_purchase_floors":[24,24,24,37,47],"current_hp_per_floor":[82,79,79,79,79,53,53,23,23,23,25,27,27,29,29,5,84,84,84,84,84,61,60,60,56,56,58,58,59,61,63,63,1,84,84,84,84,84,84,84,84,84,84,73,73,73,73,61,61,25],"gold":78,"neow_bonus":"TWENTY_PERCENT_HP_BONUS","is_prod":false,"is_daily":false,"chose_seed":false,"campfire_upgraded":4,"win_rate":0,"timestamp":1530319557,"path_taken":["M","M","M","?","?","E","R","E","T","R","M","E","?","M","R","BOSS","M","M","?","M","M","E","$","E","T","E","R","M","?","E","R","BOSS","M","?","$","M","?","R","E","M","T","?","?","E","$","M","R","BOSS"],"build_version":"2018-06-28","purchased_purges":3,"victory":true,"max_hp_per_floor":[84,84,84,84,84,84,84,84,84,84,84,84,84,84,84,84,84,84,84,84,84,84,84,84,84,84,84,84,84,84,84,84,84,84,84,84,84,84,84,84,84,84,84,84,84,89,89,89,89,89],"card_choices":[{"not_picked":["Deadly Poison","Quick Slash","Eviscerate"],"picked":"SKIP","floor":1},{"not_picked":["PiercingWail","Well Laid Plans"],"picked":"Predator","floor":2},{"not_picked":["Distraction","Flying Knee"],"picked":"Sucker Punch","floor":3},{"not_picked":["All Out Attack","Caltrops"],"picked":"Backstab","floor":6},{"not_picked":["Bane","Dodge and Roll"],"picked":"Cloak And Dagger","floor":8},{"not_picked":["Deflect","Eviscerate"],"picked":"Adrenaline","floor":11},{"not_picked":["Outmaneuver","Endless Agony","Masterful Stab"],"picked":"SKIP","floor":12},{"not_picked":["Quick Slash","Finisher","Catalyst"],"picked":"Cloak And Dagger","floor":14},{"not_picked":["Glass Knife","Tactician","Unload"],"picked":"Adrenaline","floor":16},{"not_picked":["Quick Slash+1"],"picked":"Backflip+1","floor":18},{"not_picked":["Masterful Stab","Quick Slash"],"picked":"SKIP","floor":19},{"not_picked":["Flying Knee","Bane"],"picked":"SKIP","floor":20},{"not_picked":["Dagger Throw"],"picked":"Dagger Spray","floor":21},{"not_picked":["All Out Attack"],"picked":"Malaise","floor":22},{"not_picked":["Crippling Poison"],"picked":"Blur","floor":23},{"not_picked":["Escape Plan+1"],"picked":"Cloak And Dagger","floor":25},{"not_picked":["Sucker Punch+1"],"picked":"Heel Hook+1","floor":27},{"not_picked":["Deadly Poison","Catalyst"],"picked":"SKIP","floor":29},{"not_picked":["Sucker Punch+1","Underhanded Strike+1"],"picked":"SKIP","floor":30},{"not_picked":["Poisoned Stab+1","Distraction+1"],"picked":"SKIP","floor":31},{"not_picked":["Doppelganger"],"picked":"Night Terror","floor":33},{"not_picked":["Deflect","Backstab+1"],"picked":"SKIP","floor":35},{"not_picked":["Dodge and Roll+1","Deadly Poison"],"picked":"SKIP","floor":38},{"not_picked":["Deflect+1","Riddle With Holes+1"],"picked":"SKIP","floor":41},{"not_picked":["Dagger Throw+1","Dodge and Roll+1"],"picked":"SKIP","floor":42},{"not_picked":["Riddle With Holes+1","All Out Attack+1"],"picked":"SKIP","floor":45},{"not_picked":["Die Die Die+1","Underhanded Strike+1"],"picked":"SKIP","floor":46},{"not_picked":["Outmaneuver+1"],"picked":"Flechettes+1","floor":48}],"player_experience":181943,"relics_obtained":[{"floor":6,"key":"Blood Vial"},{"floor":8,"key":"Anchor"},{"floor":9,"key":"Art of War"},{"floor":12,"key":"Question Card"},{"floor":23,"key":"Tough Bandages"},{"floor":25,"key":"Bag of Marbles"},{"floor":26,"key":"Girya"},{"floor":27,"key":"Molten Egg 2"},{"floor":31,"key":"Potion Belt"},{"floor":41,"key":"Mercury Hourglass"},{"floor":43,"key":"Bronze Scales"},{"floor":46,"key":"Tiny Chest"}],"event_choices":[{"event_name":"Bonfire Elementals","player_choice":"BASIC","floor":4,"damage_taken":0},{"event_name":"World of Goop","player_choice":"Left","floor":5,"damage_taken":0},{"event_name":"Golden Shrine","player_choice":"Pray","floor":13,"damage_taken":0},{"event_name":"MindBloom","player_choice":"Upgrade","floor":36,"damage_taken":0},{"event_name":"The Lab","player_choice":"Got Potions","floor":39,"damage_taken":0},{"event_name":"Winding Halls","player_choice":"Embrace Madness","floor":44,"damage_taken":0}],"boss_relics":[{"not_picked":["Empty Cage","Orrery"],"picked":"Busted Crown"},{"not_picked":["Black Star","White Beast Statue"],"picked":"Coffee Dripper"}],"items_purged_floors":[24,37,47],"is_endless":false,"potions_floor_spawned":[2,6,8,12,14,19,22,25,27,31,33,38,41,45],"ascension_level":4}