{"path_per_floor":["M","?","?","$","M","R","?","E","T","M","?","R","$","?","R","B",null,"M","M","?","?","M","R","$","R","T","M","R","M","R","E","R","B",null,"M","M","?","M","?","R","$","R","T","M","$","M","M","M","R"],"character_chosen":"IRONCLAD","items_purchased":["Perfected Strike","Boot","Shuriken"],"gold_per_floor":[109,109,109,9,27,27,27,62,88,113,113,113,13,49,49,174,174,193,208,307,307,330,330,56,56,56,71,71,84,84,125,125,245,245,263,287,287,300,300,300,54,54,54,77,77,98,113,137,137,137],"floor_reached":50,"campfire_rested":5,"playtime":1833,"item_purchase_floors":[4,24,41],"current_hp_per_floor":[79,79,79,79,79,79,74,25,25,31,55,55,55,61,61,34,74,60,66,66,66,39,61,61,61,61,67,67,59,74,74,74,69,74,54,42,42,36,36,58,58,74,74,58,58,49,45,21,44,0],"items_purged":["Defend_R","Defend_R","Defend_R"],"gold":137,"score":577,"play_id":"5e403d01-3ac4-4963-b16f-a31058c4408d","local_time":"20180617145244","is_prod":false,"is_daily":false,"chose_seed":false,"is_ascension_mode":true,"campfire_upgraded":6,"win_rate":0,"timestamp":1529261564,"campfire_choices":[{"data":"Perfected Strike","floor":6,"key":"SMITH"},{"data":"Perfected Strike","floor":12,"key":"SMITH"},{"data":"Shrug It Off","floor":15,"key":"SMITH"},{"floor":23,"key":"REST"},{"data":"Perfected Strike","floor":25,"key":"SMITH"},{"data":"Shrug It Off","floor":28,"key":"SMITH"},{"floor":30,"key":"REST"},{"data":"Perfected Strike","floor":32,"key":"SMITH"},{"floor":40,"key":"REST"},{"floor":42,"key":"REST"},{"floor":49,"key":"REST"}],"path_taken":["M","?","?","$","M","R","?","E","T","?","?","R","$","?","R","BOSS","M","M","?","?","M","R","$","R","T","M","R","M","R","E","R","BOSS","M","M","?","M","?","R","$","R","T","M","$","?","M","?","R","BOSS"],"build_version":"2018-06-14v2","seed_source_timestamp":299054245559849,"purchased_purges":3,"victory":false,"master_deck":["Strike_R","Strike_R","Strike_R","Strike_R","Strike_R","Bash","Perfected Strike+1","Perfected Strike+1","Shrug It Off+1","Twin Strike","Shrug It Off+1","Double Tap","Double Tap","Perfected Strike+1","Perfected Strike+1","Perfected Strike+1","Feed","Shrug It Off+1","Bash","Perfected Strike+1"],"max_hp_per_floor":[80,80,80,80,80,80,74,74,74,74,74,74,74,74,74,74,74,74,74,74,74,74,74,74,74,74,74,74,74,74,74,74,74,74,74,74,74,74,74,74,74,74,74,74,74,74,77,77,77,77],"relics":["Burning Blood","Golden Idol","Bag of Marbles","Ancient Tea Set","Odd Mushroom","Sozu","Boot","Frozen Egg 2","Orichalcum","Runic Cube","Shuriken","Matryoshka"],"card_choices":[{"not_picked":["Anger","Searing Blow"],"picked":"Perfected Strike","floor":1},{"not_picked":["Infernal Blade","Heavy Blade"],"picked":"Shrug It Off","floor":5},{"not_picked":["Infernal Blade","Thunderclap"],"picked":"Twin Strike","floor":8},{"not_picked":["Clothesline","Bloodletting","Wild Strike"],"picked":"SKIP","floor":10},{"not_picked":["Dropkick","Heavy Blade"],"picked":"Shrug It Off","floor":14},{"not_picked":["Immolate","Offering"],"picked":"Double Tap","floor":16},{"not_picked":["Heavy Blade","Sword Boomerang","Anger"],"picked":"SKIP","floor":18},{"not_picked":["Warcry","Wild Strike"],"picked":"Twin Strike","floor":19},{"not_picked":["Flex","Searing Blow"],"picked":"Perfected Strike","floor":22},{"not_picked":["Havoc","Heavy Blade","Anger"],"picked":"SKIP","floor":27},{"not_picked":["Power Through+1","Shrug It Off"],"picked":"Perfected Strike+1","floor":29},{"not_picked":["Dual Wield","Uppercut"],"picked":"Perfected Strike","floor":31},{"not_picked":["Limit Break","Dark Embrace+1"],"picked":"Feed","floor":33},{"not_picked":["Twin Strike+1","Searing Blow+1","Uppercut"],"picked":"SKIP","floor":35},{"not_picked":["Armaments","Feel No Pain+1"],"picked":"Shrug It Off+1","floor":36},{"not_picked":["Armaments","Headbutt","Searing Blow"],"picked":"SKIP","floor":38},{"not_picked":["Havoc+1","Dual Wield+1","Evolve+1"],"picked":"SKIP","floor":44},{"not_picked":["Whirlwind","Power Through","Headbutt+1"],"picked":"SKIP","floor":46},{"not_picked":["Twin Strike","Shrug It Off+1","Body Slam+1"],"picked":"SKIP","floor":47},{"not_picked":["Pommel Strike+1","Reaper"],"picked":"Perfected Strike+1","floor":48}],"player_experience":614920,"potions_floor_usage":[16,16],"damage_taken":[{"damage":7,"enemies":"2 Louse","floor":1,"turns":3},{"damage":6,"enemies":"Cultist","floor":5,"turns":3},{"damage":55,"enemies":"Lagavulin","floor":8,"turns":6},{"damage":0,"enemies":"Jaw Worm","floor":10,"turns":2},{"damage":0,"floor":14,"turns":2},{"damage":33,"enemies":"Hexaghost","floor":16,"turns":8},{"damage":20,"enemies":"3 Byrds","floor":18,"turns":5},{"damage":0,"enemies":"Chosen","floor":19,"turns":3},{"damage":33,"enemies":"Slaver and Parasite","floor":22,"turns":4},{"damage":0,"enemies":"3 Cultists","floor":27,"turns":3},{"damage":14,"enemies":"Centurion and Healer","floor":29,"turns":3},{"damage":3,"enemies":"Book of Stabbing","floor":31,"turns":2},{"damage":11,"enemies":"Champ","floor":33,"turns":4},{"damage":26,"enemies":"3 Darklings","floor":35,"turns":5},{"damage":18,"enemies":"3 Shapes","floor":36,"turns":2},{"damage":12,"enemies":"3 Darklings","floor":38,"turns":4},{"damage":22,"enemies":"Maw","floor":44,"turns":3},{"damage":15,"enemies":"Sphere and 2 Shapes","floor":46,"turns":4},{"damage":13,"enemies":"4 Shapes","floor":47,"turns":5},{"damage":30,"enemies":"3 Darklings","floor":48,"turns":4},{"damage":52,"enemies":"Awakened One","floor":50,"turns":3}],"relics_obtained":[{"floor":8,"key":"Bag of Marbles"},{"floor":9,"key":"Ancient Tea Set"},{"floor":14,"key":"Odd Mushroom"},{"floor":26,"key":"Frozen Egg 2"},{"floor":31,"key":"Orichalcum"},{"floor":43,"key":"Matryoshka"}],"event_choices":[{"event_name":"The Woman in Blue","player_choice":"Bought 0 Potions","floor":2,"damage_taken":0},{"event_name":"Liars Game","player_choice":"disagreed","floor":3,"damage_taken":0},{"event_name":"Golden Idol","player_choice":"Lose Max HP","floor":7,"damage_taken":0},{"event_name":"Big Fish","player_choice":"Banana","floor":11,"damage_taken":0},{"event_name":"Mushrooms","player_choice":"Fought Mushrooms","floor":14,"damage_taken":0},{"event_name":"Nest","player_choice":"Stole From Cult","floor":20,"damage_taken":0},{"event_name":"Transmorgrifier","player_choice":"Transform","floor":21,"damage_taken":0},{"event_name":"Falling","player_choice":"Removed Attack","floor":37,"damage_taken":0},{"event_name":"Match and Keep!","player_choice":"1 cards matched","floor":39,"damage_taken":0}],"boss_relics":[{"not_picked":["Busted Crown","Philosopher\u0027s Stone"],"picked":"Sozu"},{"not_picked":["Astrolabe","Fusion Hammer"],"picked":"Runic Cube"}],"items_purged_floors":[4,13,24],"is_endless":false,"potions_floor_spawned":[8,10,29,33,36,48],"seed_played":"635968060244201090","killed_by":"Awakened One","ascension_level":4,"potions_obtained":[{"floor":8,"key":"Dexterity Potion"},{"floor":10,"key":"EssenceOfSteel"}],"is_trial":false}