{"gold_per_floor":[115,115,127,145,159,193,193,220,220,220,238,190,7,25,25,122,122,139,153,153,164,91,91,6,6,6,6,25,25,25,45,45,150,150,161,177,177,77,93,93,193,193,244,254,254,267,267,267,267,267],"floor_reached":51,"playtime":3985,"items_purged":["Writhe"],"score":919,"play_id":"02286be8-5d66-4006-9f2f-8d8ed76914f0","local_time":"20190123194407","is_ascension_mode":true,"campfire_choices":[{"floor":7.0,"key":"REST"},{"floor":10.0,"key":"REST"},{"floor":15.0,"key":"REST"},{"data":"Echo Form","floor":23,"key":"SMITH"},{"data":"Glacier","floor":25,"key":"SMITH"},{"data":"Go for the Eyes","floor":27,"key":"SMITH"},{"floor":32,"key":"REST"},{"data":"Capacitor","floor":40,"key":"SMITH"},{"data":"Zap","floor":42,"key":"SMITH"},{"data":"Dualcast","floor":49,"key":"SMITH"}],"neow_cost":"NONE","seed_source_timestamp":0,"circlet_count":0,"master_deck":["Strike_B+1","Strike_B+1","Strike_B+1","Defend_B+1","Defend_B+1","Defend_B+1","Defend_B+1","Zap+1","Dualcast+1","Go for the Eyes+1","Chill","Cold Snap","Compile Driver","Capacitor+1","Glacier+1","Electrodynamics","Ball Lightning+1","Echo Form+1","Fission+1","Stack+1","Streamline+1","Writhe","Leap+1","Good Instincts+1"],"special_seed":0,"relics":["Cracked Core","Potion Belt","Shuriken","Smiling Mask","Blue Candle","Regal Pillow","Eternal Feather","Gambling Chip","Centennial Puzzle","Toxic Egg 2","White Beast Statue","Calipers","Juzu Bracelet"],"potions_floor_usage":[21,31,39,39,44,44,44,50,50],"damage_taken":[{"damage":2.0,"enemies":"Jaw Worm","floor":1.0,"turns":3.0},{"damage":0.0,"enemies":"Cultist","floor":3.0,"turns":2.0},{"damage":0.0,"enemies":"2 Louse","floor":4.0,"turns":2.0},{"damage":15.0,"enemies":"Large Slime","floor":5.0,"turns":6.0},{"damage":36.0,"enemies":"3 Sentries","floor":6.0,"turns":9.0},{"damage":20.0,"enemies":"Lagavulin","floor":8.0,"turns":7.0},{"damage":0.0,"enemies":"3 Louse","floor":11.0,"turns":3.0},{"damage":5.0,"enemies":"Looter","floor":14.0,"turns":3.0},{"damage":55.0,"enemies":"Hexaghost","floor":16.0,"turns":16.0},{"damage":6.0,"enemies":"Chosen","floor":18.0,"turns":6.0},{"damage":3.0,"enemies":"3 Byrds","floor":19.0,"turns":6.0},{"damage":6,"enemies":"Centurion and Healer","floor":21,"turns":8},{"damage":8,"enemies":"Snake Plant","floor":28,"turns":6},{"damage":19,"enemies":"Cultist and Chosen","floor":31,"turns":8},{"damage":47,"enemies":"Automaton","floor":33,"turns":14},{"damage":1,"enemies":"3 Shapes","floor":35,"turns":4},{"damage":15,"enemies":"Orb Walker","floor":36,"turns":7},{"damage":22,"enemies":"Maw","floor":39,"turns":10},{"damage":1,"enemies":"Mind Bloom Boss Battle","floor":41,"turns":10},{"damage":48,"enemies":"Transient","floor":44,"turns":5},{"damage":0,"enemies":"4 Shapes","floor":46,"turns":5},{"damage":64,"enemies":"Awakened One","floor":50,"turns":26}],"seed_played":"4976343519543096074","potions_obtained":[{"floor":1.0,"key":"Swift Potion"},{"floor":4.0,"key":"Dexterity Potion"},{"floor":8.0,"key":"Regen Potion"},{"floor":14.0,"key":"Fruit Juice"},{"floor":16.0,"key":"SpeedPotion"},{"floor":18.0,"key":"Regen Potion"},{"floor":19.0,"key":"Explosive Potion"},{"floor":33,"key":"SteroidPotion"},{"floor":35,"key":"PowerPotion"},{"floor":36,"key":"Dexterity Potion"},{"floor":39,"key":"SpeedPotion"},{"floor":41,"key":"SkillPotion"},{"floor":44,"key":"SpeedPotion"},{"floor":46,"key":"Fire Potion"}],"is_trial":false,"path_per_floor":["?","$","?","M","$","R","?","R","T","R","M","?","?","M","R","B",null,"M","M","?","$","M","R","?","R","T","M","?","M","?","?","R","B",null],"character_chosen":"DEFECT","items_purchased":["Compile Driver","Capacitor","Regal Pillow","Echo Form","Leap+1"],"campfire_rested":4,"item_purchase_floors":[12,13,13,22,38],"current_hp_per_floor":[66,66,66,66,51,15,37,17,17,39,48,48,48,43,75,25,66,60,72,72,66,66,75,75,80,80,80,72,72,72,53,80,33,68,67,52,72,72,50,62,61,73,73,25,25,25,25,70,70,6],"gold":267,"neow_bonus":"RANDOM_COMMON_RELIC","is_prod":false,"is_daily":false,"chose_seed":false,"campfire_upgraded":6,"win_rate":0,"timestamp":1548294247,"path_taken":["M","?","M","M","M","E","R","E","T","R","M","?","$","M","R","BOSS","M","M","?","M","$","R","?","R","T","R","?","?","?","M","R","BOSS","M","M","?","$","M","R","?","R","T","M","?","M","?","?","R","BOSS"],"build_version":"2019-01-23","purchased_purges":1,"victory":true,"max_hp_per_floor":[75,75,75,75,75,75,75,75,75,75,75,75,75,75,75,80,80,80,80,80,80,80,80,80,80,80,80,80,80,80,80,80,80,80,80,80,80,80,80,80,80,80,80,80,80,80,80,70,70,70],"card_choices":[{"not_picked":["Compile Driver","Storm"],"picked":"Rip and Tear","floor":1.0},{"not_picked":["Steam Power","Gash","Turbo"],"picked":"SKIP","floor":3.0},{"not_picked":["Genetic Algorithm","Conserve Battery"],"picked":"Go for the Eyes","floor":4.0},{"not_picked":["Stack","Aggregate"],"picked":"Chill","floor":5.0},{"not_picked":["Fission","Heatsinks","Consume"],"picked":"SKIP","floor":6.0},{"not_picked":["Blizzard","Steam"],"picked":"Cold Snap","floor":8.0},{"not_picked":["Blizzard","Barrage","Go for the Eyes"],"picked":"SKIP","floor":11.0},{"not_picked":["Hologram","Rebound"],"picked":"Glacier","floor":14.0},{"not_picked":["Machine Learning","Biased Cognition"],"picked":"Electrodynamics","floor":16.0},{"not_picked":["Redo","Hologram","Cold Snap"],"picked":"SKIP","floor":18.0},{"not_picked":["Fusion","Sweeping Beam","Tempest"],"picked":"SKIP","floor":19.0},{"not_picked":["Chaos","Double Energy"],"picked":"Ball Lightning+1","floor":21},{"not_picked":["Reprogram","Conserve Battery","Double Energy"],"picked":"SKIP","floor":28},{"not_picked":["Barrage","Storm","Recycle+1"],"picked":"SKIP","floor":31},{"not_picked":["Creative AI","Buffer"],"picked":"Fission+1","floor":33},{"not_picked":["Self Repair+1","Barrage+1"],"picked":"Stack+1","floor":35},{"not_picked":["Gash","Steam Power+1"],"picked":"Streamline+1","floor":36},{"not_picked":["Storm+1","Barrage","Lockon"],"picked":"SKIP","floor":39},{"not_picked":["Leap+1","Beam Cell","Coolheaded+1"],"picked":"SKIP","floor":44},{"not_picked":["Lockon+1","Stack+1","Redo+1"],"picked":"SKIP","floor":46},{"not_picked":["Panacea+1","Flash of Steel"],"picked":"Good Instincts+1","floor":47}],"player_experience":622875,"relics_obtained":[{"floor":6.0,"key":"Shuriken"},{"floor":8.0,"key":"Smiling Mask"},{"floor":9.0,"key":"Blue Candle"},{"floor":26,"key":"Centennial Puzzle"},{"floor":41,"key":"Calipers"},{"floor":43,"key":"Juzu Bracelet"}],"event_choices":[{"cards_removed":["Strike_B"],"damage_healed":0.0,"max_hp_gain":0.0,"max_hp_loss":0.0,"gold_gain":0.0,"event_name":"Bonfire Elementals","player_choice":"Offered Basic","floor":2.0,"gold_loss":0.0,"damage_taken":0.0},{"damage_healed":0.0,"max_hp_gain":0.0,"max_hp_loss":0.0,"gold_gain":0.0,"event_name":"Back to Basics","player_choice":"Simplicity","floor":20.0,"gold_loss":0.0,"damage_taken":0.0,"cards_upgraded":["Strike_B","Strike_B","Strike_B","Defend_B","Defend_B","Defend_B","Defend_B"]},{"damage_healed":0,"gold_gain":0,"player_choice":"Obtained Relic","damage_taken":0,"relics_obtained":["Gambling Chip"],"max_hp_gain":0,"max_hp_loss":0,"event_name":"Addict","floor":24,"gold_loss":85},{"damage_healed":0,"gold_gain":0,"player_choice":"Ignored","damage_taken":0,"max_hp_gain":0,"max_hp_loss":0,"event_name":"Vampires","floor":29,"gold_loss":0},{"damage_healed":0,"gold_gain":0,"player_choice":"Opened","damage_taken":0,"relics_obtained":["Toxic Egg 2"],"max_hp_gain":0,"max_hp_loss":0,"event_name":"The Mausoleum","floor":30,"gold_loss":0,"cards_obtained":["Writhe"]},{"damage_healed":20,"gold_gain":0,"player_choice":"Writhe","damage_taken":0,"max_hp_gain":0,"max_hp_loss":0,"event_name":"Winding Halls","floor":37,"gold_loss":0,"cards_obtained":["Writhe"]},{"damage_healed":0,"gold_gain":0,"player_choice":"Fight","damage_taken":0,"max_hp_gain":0,"max_hp_loss":0,"event_name":"MindBloom","floor":41,"gold_loss":0},{"cards_removed":["Rip and Tear"],"damage_healed":0,"gold_gain":0,"player_choice":"Removed Attack","damage_taken":0,"max_hp_gain":0,"max_hp_loss":0,"event_name":"Falling","floor":45,"gold_loss":0},{"damage_healed":0,"gold_gain":0,"player_choice":"Memory 1","damage_taken":0,"max_hp_gain":0,"max_hp_loss":0,"event_name":"SensoryStone","floor":47,"gold_loss":0},{"damage_healed":70,"gold_gain":0,"player_choice":"Heal","damage_taken":0,"max_hp_gain":0,"max_hp_loss":10,"event_name":"The Moai Head","floor":48,"gold_loss":0}],"is_beta":true,"boss_relics":[{"not_picked":["Snecko Eye","Empty Cage"],"picked":"Eternal Feather"},{"not_picked":["Fusion Hammer","Busted Crown"],"picked":"White Beast Statue"}],"items_purged_floors":[38],"is_endless":false,"potions_floor_spawned":[1,4,8,14,16,18,19,33,35,36,39,41,44,46],"ascension_level":7}