{"gold_per_floor":[119,69,89,12,29,29,39,65,90,113,113,38,49,66,66,171,171,182,198,198,209,221,221,221],"floor_reached":24,"playtime":829,"items_purged":["Strike_R"],"score":200,"play_id":"e54dfa40-9427-4ffd-883c-cf23fecba741","local_time":"20190108195422","is_ascension_mode":false,"campfire_choices":[{"data":"Rampage","floor":6,"key":"SMITH"},{"floor":15,"key":"REST"},{"floor":23,"key":"REST"}],"neow_cost":"TEN_PERCENT_HP_LOSS","seed_source_timestamp":392500742202310,"circlet_count":0,"master_deck":["Defend_R","Defend_R","Defend_R","Defend_R","Bash","Fire Breathing","Seeing Red","Shrug It Off","Clash","Rampage+1","Pommel Strike","Immolate","Dropkick","True Grit","Demon Form"],"relics":["Burning Blood","Pen Nib","Odd Mushroom","Busted Crown"],"potions_floor_usage":[16,16,16],"damage_taken":[{"damage":6,"enemies":"2 Louse","floor":1,"turns":4},{"damage":6,"enemies":"Jaw Worm","floor":3,"turns":5},{"damage":6,"enemies":"Cultist","floor":5,"turns":3},{"damage":0,"enemies":"2 Fungi Beasts","floor":7,"turns":3},{"damage":54,"enemies":"Gremlin Nob","floor":8,"turns":6},{"damage":18,"enemies":"The Mushroom Lair","floor":10,"turns":3},{"damage":0,"enemies":"Looter","floor":13,"turns":1},{"damage":12,"enemies":"Blue Slaver","floor":14,"turns":3},{"damage":12,"enemies":"Slime Boss","floor":16,"turns":7},{"damage":10,"enemies":"Chosen","floor":18,"turns":4},{"damage":34,"enemies":"2 Thieves","floor":19,"turns":4},{"damage":21,"enemies":"Snake Plant","floor":21,"turns":3},{"damage":20,"enemies":"Snecko","floor":22,"turns":5},{"damage":33,"enemies":"Masked Bandits","floor":24,"turns":3}],"seed_played":"-8841833504881868272","potions_obtained":[{"floor":3,"key":"LiquidBronze"},{"floor":5,"key":"SteroidPotion"},{"floor":7,"key":"GamblersBrew"},{"floor":14,"key":"LiquidBronze"},{"floor":16,"key":"Dexterity Potion"},{"floor":21,"key":"SkillPotion"}],"is_trial":false,"path_per_floor":["M","?","M","$","M","R","M","E","T","?","?","$","M","M","R","B",null,"M","M","?","M","M","R","?"],"character_chosen":"IRONCLAD","items_purchased":["Rampage"],"campfire_rested":2,"item_purchase_floors":[4],"current_hp_per_floor":[72,72,72,72,72,72,72,24,24,12,12,12,18,12,33,27,72,68,40,40,25,11,32,0],"gold":221,"neow_bonus":"TRANSFORM_TWO_CARDS","is_prod":false,"is_daily":false,"chose_seed":false,"campfire_upgraded":1,"win_rate":0,"timestamp":1546995262,"path_taken":["M","?","M","$","M","R","M","E","T","?","?","?","?","M","R","BOSS","M","M","?","M","M","R","?"],"build_version":"2019-01-03v4","purchased_purges":1,"victory":false,"max_hp_per_floor":[72,72,72,72,72,72,72,72,72,72,72,72,72,72,72,72,72,72,72,72,72,72,72,72],"card_choices":[{"not_picked":["Anger","Entrench"],"picked":"Shrug It Off","floor":1},{"not_picked":["Twin Strike","Anger"],"picked":"Clash","floor":3},{"not_picked":["Body Slam","Intimidate"],"picked":"Pommel Strike","floor":5},{"not_picked":["Carnage","Rampage"],"picked":"Immolate","floor":7},{"not_picked":["Blood for Blood","Armaments"],"picked":"Dropkick","floor":8},{"not_picked":["Entrench","Sword Boomerang"],"picked":"True Grit","floor":13},{"not_picked":["Burning Pact","Cleave","Twin Strike"],"picked":"SKIP","floor":14},{"not_picked":["Exhume","Brutality"],"picked":"Demon Form","floor":16},{"not_picked":["Clothesline+1"],"picked":"SKIP","floor":18},{"not_picked":["Heavy Blade"],"picked":"SKIP","floor":19},{"not_picked":["Whirlwind"],"picked":"SKIP","floor":21},{"not_picked":["Heavy Blade"],"picked":"SKIP","floor":22}],"player_experience":2050005,"relics_obtained":[{"floor":8,"key":"Pen Nib"},{"floor":10,"key":"Odd Mushroom"}],"event_choices":[{"cards_removed":["Strike_R"],"damage_healed":0,"gold_gain":0,"player_choice":"Card Removal","damage_taken":0,"max_hp_gain":0,"max_hp_loss":0,"event_name":"The Cleric","floor":2,"gold_loss":50},{"damage_healed":0,"gold_gain":0,"player_choice":"Fought Mushrooms","damage_taken":0,"max_hp_gain":0,"max_hp_loss":0,"event_name":"Mushrooms","floor":10,"gold_loss":0},{"cards_removed":["Strike_R"],"damage_healed":0,"gold_gain":0,"player_choice":"Forget","damage_taken":0,"max_hp_gain":0,"max_hp_loss":0,"event_name":"Living Wall","floor":11,"gold_loss":0},{"damage_healed":0,"gold_gain":0,"player_choice":"Ignored","damage_taken":0,"max_hp_gain":0,"max_hp_loss":0,"event_name":"Cursed Tome","floor":20,"gold_loss":0},{"damage_healed":0,"gold_gain":0,"player_choice":"Fought Bandits","damage_taken":0,"max_hp_gain":0,"max_hp_loss":0,"event_name":"Masked Bandits","floor":24,"gold_loss":0}],"is_beta":false,"boss_relics":[{"not_picked":["Tiny House","Velvet Choker"],"picked":"Busted Crown"}],"items_purged_floors":[12],"is_endless":false,"potions_floor_spawned":[3,5,7,14,16,21,22],"killed_by":"Masked Bandits","ascension_level":0}