{"path_per_floor":["M","M","$","M","M","R","?","E","T","M","E","R","M","?","R","B",null,"M","?","?","$","M","E","M"],"character_chosen":"DEFECT","items_purchased":["Defragment","Stack","Regal Pillow"],"gold_per_floor":[119,132,26,36,52,52,52,80,80,97,132,132,147,147,147,249,249,269,269,269,42,57,90,108,108],"floor_reached":25,"campfire_rested":3,"playtime":1994,"item_purchase_floors":[3,3,21],"current_hp_per_floor":[75,73,73,67,54,75,75,62,62,58,35,57,53,41,63,47,75,64,50,50,50,50,18,14,0],"items_purged":["Strike_B"],"gold":108,"score":245,"play_id":"5172c557-42f7-4da4-aad0-0c63014aa513","local_time":"20180603233958","is_prod":false,"is_daily":false,"chose_seed":false,"is_ascension_mode":true,"campfire_upgraded":0,"win_rate":0,"timestamp":1528083598,"campfire_choices":[{"floor":6,"key":"REST"},{"floor":12,"key":"REST"},{"floor":15,"key":"REST"}],"path_taken":["M","M","$","M","M","R","?","E","T","M","E","R","M","?","R","BOSS","M","?","?","$","M","E","M","E"],"build_version":"2018-05-31","seed_source_timestamp":277706905734724,"purchased_purges":1,"victory":false,"master_deck":["Strike_B","Strike_B","Defend_B","Defend_B","Defend_B","Defend_B","Zap","Dualcast","Beam Cell","Coolheaded","Defragment","Stack","Doom and Gloom","Doom and Gloom","Regret","Leap","Melter","Hologram","Leap","Thunder Strike","Steam","Cold Snap","Conserve Battery","Cold Snap"],"max_hp_per_floor":[75,75,75,75,75,75,75,75,75,75,75,75,75,75,75,75,75,75,80,80,80,80,80,80,80],"relics":["Cracked Core","Orichalcum","Mercury Hourglass","Art of War","Juzu Bracelet","Ancient Tea Set","Lizard Tail","Bag of Preparation","Regal Pillow","Boot"],"card_choices":[{"not_picked":["Blizzard","Turbo"],"picked":"Beam Cell","floor":1},{"not_picked":["Skim","Compile Driver"],"picked":"Coolheaded","floor":2},{"not_picked":["Recycle","Rebound"],"picked":"Doom and Gloom","floor":4},{"not_picked":["Turbo","Steam"],"picked":"Doom and Gloom","floor":5},{"not_picked":["Beam Cell","Auto Shields"],"picked":"Leap","floor":8},{"not_picked":["Multi-Cast","Loop"],"picked":"Melter","floor":10},{"not_picked":["Stack","Sunder"],"picked":"Hologram","floor":11},{"not_picked":["Compile Driver","Undo"],"picked":"Leap","floor":13},{"not_picked":["Meteor Strike","Multi-Cast"],"picked":"Thunder Strike","floor":16},{"not_picked":["Leap","Consume"],"picked":"Steam","floor":18},{"not_picked":["Conserve Battery","Barrage"],"picked":"Cold Snap","floor":22},{"not_picked":["Rip and Tear+1","Coolheaded+1"],"picked":"Conserve Battery","floor":23},{"not_picked":["Gash+1","Leap"],"picked":"Cold Snap","floor":24}],"player_experience":312808,"potions_floor_usage":[23,25],"damage_taken":[{"damage":0,"enemies":"Small Slimes","floor":1,"turns":4},{"damage":2,"enemies":"2 Louse","floor":2,"turns":3},{"damage":6,"enemies":"Jaw Worm","floor":4,"turns":2},{"damage":13,"enemies":"Large Slime","floor":5,"turns":5},{"damage":13,"enemies":"3 Sentries","floor":8,"turns":5},{"damage":4,"enemies":"Red Slaver","floor":10,"turns":2},{"damage":23,"enemies":"Lagavulin","floor":11,"turns":5},{"damage":4,"enemies":"3 Louse","floor":13,"turns":2},{"damage":16,"enemies":"The Guardian","floor":16,"turns":9},{"damage":11,"enemies":"Shell Parasite","floor":18,"turns":4},{"damage":0,"enemies":"Spheric Guardian","floor":22,"turns":1},{"damage":32,"enemies":"Slavers","floor":23,"turns":5},{"damage":4,"enemies":"3 Cultists","floor":24,"turns":4},{"damage":59,"enemies":"Book of Stabbing","floor":25,"turns":8}],"relics_obtained":[{"floor":8,"key":"Mercury Hourglass"},{"floor":9,"key":"Art of War"},{"floor":11,"key":"Juzu Bracelet"},{"floor":23,"key":"Boot"}],"event_choices":[{"event_name":"Big Fish","player_choice":"Box","floor":7,"damage_taken":0},{"event_name":"Scrap Ooze","player_choice":"success","floor":14,"damage_taken":12},{"event_name":"Forgotten Altar","player_choice":"Shed Blood","floor":19,"damage_taken":0},{"event_name":"The Mausoleum","player_choice":"Yes","floor":20,"damage_taken":0}],"boss_relics":[{"not_picked":["Velvet Choker","Pandora\u0027s Box"],"picked":"Lizard Tail"}],"items_purged_floors":[21],"potions_floor_spawned":[4,10,11,16,18,22,23],"seed_played":"-8718068447563550270","killed_by":"Book of Stabbing","ascension_level":1,"potions_obtained":[{"floor":4,"key":"SteroidPotion"},{"floor":10,"key":"GamblersBrew"},{"floor":11,"key":"Block Potion"},{"floor":16,"key":"Weak Potion"},{"floor":18,"key":"Block Potion"},{"floor":22,"key":"Ancient Potion"},{"floor":23,"key":"SpeedPotion"}],"is_trial":false}