{"gold_per_floor":[360,360,376,301,321,321,321,321,367,50,68,68,68,79,79,181,181,193,64,78,78,92,92],"floor_reached":23,"playtime":581,"items_purged":["Strike_B","Regret"],"score":181,"play_id":"cef217aa-e16b-4bbb-9496-f187c184c603","local_time":"20190212134302","is_ascension_mode":false,"campfire_choices":[{"data":"Zap","floor":6.0,"key":"SMITH"},{"data":"Go for the Eyes","floor":8.0,"key":"SMITH"},{"data":"Dualcast","floor":12.0,"key":"SMITH"},{"data":"Tempest","floor":15.0,"key":"SMITH"}],"neow_cost":"TEN_PERCENT_HP_LOSS","seed_source_timestamp":3651424553441,"circlet_count":0,"master_deck":["Strike_B","Strike_B","Defend_B","Defend_B","Defend_B","Defend_B","Zap+1","Dualcast+1","Chill","Go for the Eyes+1","Tempest+1","Good Instincts","Storm","Cold Snap","Heatsinks","Machine Learning","Chaos+1","Loop","Steam","White Noise","Pain","Defragment"],"special_seed":0,"relics":["Cracked Core","Dodecahedron","Ancient Tea Set","Anchor","Sozu","WarpedTongs"],"potions_floor_usage":[],"damage_taken":[{"damage":5.0,"enemies":"Small Slimes","floor":1.0,"turns":3.0},{"damage":6.0,"enemies":"Jaw Worm","floor":3.0,"turns":3.0},{"damage":0.0,"enemies":"Cultist","floor":5.0,"turns":3.0},{"damage":0.0,"enemies":"3 Louse","floor":11.0,"turns":2.0},{"damage":0.0,"enemies":"Gremlin Gang","floor":14.0,"turns":5.0},{"damage":38.0,"enemies":"Hexaghost","floor":16.0,"turns":15.0},{"damage":0.0,"enemies":"Chosen","floor":18.0,"turns":4.0},{"damage":7.0,"enemies":"Shell Parasite","floor":20.0,"turns":3.0},{"damage":20,"enemies":"Cultist and Chosen","floor":22,"turns":7},{"damage":41,"enemies":"Slavers","floor":23,"turns":5}],"seed_played":"-905549957394096465","potions_obtained":[{"floor":1.0,"key":"EssenceOfSteel"},{"floor":3.0,"key":"GamblersBrew"},{"floor":14.0,"key":"FocusPotion"}],"is_trial":false,"path_per_floor":["M","?","M","$","M","R","?","R","T","$","M","R","?","M","R","B",null,"M","$","M","?","M","E"],"character_chosen":"DEFECT","items_purchased":["Good Instincts","Storm","Cold Snap","Loop","Steam"],"campfire_rested":0,"item_purchase_floors":[10,10,10,19,19],"current_hp_per_floor":[63,60,54,54,54,54,54,54,54,54,54,54,54,54,54,16,68,68,68,61,61,41,0],"gold":92,"neow_bonus":"TWO_FIFTY_GOLD","is_prod":false,"is_daily":false,"chose_seed":false,"campfire_upgraded":4,"win_rate":0,"timestamp":1550000582,"path_taken":["M","?","M","$","M","R","?","R","T","$","M","R","?","M","R","BOSS","M","$","?","?","?","E"],"build_version":"2019-01-23","purchased_purges":2,"victory":false,"max_hp_per_floor":[68,68,68,68,68,68,68,68,68,68,68,68,68,68,68,68,68,68,68,68,68,68,68],"card_choices":[{"not_picked":["Compile Driver","Static Discharge"],"picked":"Chill","floor":1.0},{"not_picked":["Sunder","Gash"],"picked":"Go for the Eyes","floor":3.0},{"not_picked":["Barrage","Beam Cell"],"picked":"Tempest","floor":5.0},{"not_picked":["Redo","Gash","Turbo"],"picked":"SKIP","floor":11.0},{"not_picked":["Sweeping Beam","Recycle"],"picked":"Heatsinks","floor":14.0},{"not_picked":["Rainbow","Hyperbeam"],"picked":"Machine Learning","floor":16.0},{"not_picked":["Gash","Loop"],"picked":"Chaos+1","floor":18.0},{"not_picked":["Leap","Darkness"],"picked":"White Noise","floor":20.0},{"not_picked":["Leap","Go for the Eyes"],"picked":"Defragment","floor":22}],"player_experience":789407,"relics_obtained":[{"floor":9.0,"key":"Anchor"}],"event_choices":[{"damage_healed":0.0,"max_hp_gain":0.0,"max_hp_loss":0.0,"gold_gain":0.0,"event_name":"Scrap Ooze","player_choice":"Success","floor":2.0,"gold_loss":0.0,"damage_taken":3.0,"relics_obtained":["Dodecahedron"]},{"damage_healed":0.0,"max_hp_gain":0.0,"max_hp_loss":0.0,"gold_gain":0.0,"event_name":"Big Fish","player_choice":"Box","floor":7.0,"gold_loss":0.0,"damage_taken":0.0,"relics_obtained":["Ancient Tea Set"],"cards_obtained":["Regret"]},{"cards_removed":["Strike_B"],"damage_healed":0.0,"max_hp_gain":0.0,"max_hp_loss":0.0,"gold_gain":0.0,"event_name":"Purifier","player_choice":"Purged","floor":13.0,"gold_loss":0.0,"damage_taken":0.0},{"damage_healed":0.0,"max_hp_gain":0.0,"max_hp_loss":0.0,"gold_gain":0.0,"event_name":"Accursed Blacksmith","player_choice":"Rummage","floor":21.0,"gold_loss":0.0,"damage_taken":0.0,"relics_obtained":["WarpedTongs"],"cards_obtained":["Pain"]}],"is_beta":false,"boss_relics":[{"not_picked":["Empty Cage","Astrolabe"],"picked":"Sozu"}],"items_purged_floors":[4,10],"is_endless":false,"potions_floor_spawned":[1,3,14,20],"killed_by":"Slavers","ascension_level":0}