{"gold_per_floor":[112,123,142,159,159,185,185,197,197,47,47,61,77,96,96,194,194,163,163,163,63,74,74,84,84,108,127,140,159,159,159],"floor_reached":31,"playtime":1867,"items_purged":["Defend_R","Strike_R"],"score":329,"play_id":"10d523ca-b575-480a-a304-86a2760b22a5","local_time":"20180703215513","is_ascension_mode":true,"campfire_choices":[{"data":"Metallicize","floor":7,"key":"SMITH"},{"data":"Searing Blow","floor":15,"key":"SMITH"},{"data":"Searing Blow+1","floor":23,"key":"SMITH"},{"data":"Searing Blow+2","floor":25,"key":"SMITH"}],"neow_cost":"NONE","seed_source_timestamp":2081936796401,"circlet_count":0,"master_deck":["Strike_R","Strike_R","Strike_R","Defend_R","Defend_R","Bash","Shrug It Off","Metallicize+1","Shrug It Off","Clash","Feed","Rage","Searing Blow+3","Ghostly Armor","Shockwave","Thunderclap","Limit Break","Cleave","Decay","Shrug It Off+1","Cleave+1","Inflame+1"],"relics":["Black Blood","Lantern","Pantograph","Self Forming Clay","Gremlin Horn","Blood Vial"],"potions_floor_usage":[6,16,16,16,18,28,31,31],"damage_taken":[{"damage":6,"enemies":"2 Louse","floor":1,"turns":3},{"damage":0,"enemies":"Cultist","floor":2,"turns":3},{"damage":9,"enemies":"Small Slimes","floor":3,"turns":3},{"damage":12,"enemies":"Gremlin Gang","floor":4,"turns":7},{"damage":7,"enemies":"3 Sentries","floor":6,"turns":5},{"damage":0,"enemies":"Large Slime","floor":8,"turns":7},{"damage":2,"enemies":"Exordium Thugs","floor":12,"turns":5},{"damage":0,"enemies":"2 Fungi Beasts","floor":13,"turns":3},{"damage":3,"enemies":"Looter","floor":14,"turns":3},{"damage":30,"enemies":"The Guardian","floor":16,"turns":14},{"damage":19,"enemies":"2 Thieves","floor":18,"turns":5},{"damage":25,"enemies":"Shell Parasite","floor":22,"turns":11},{"damage":44,"enemies":"Chosen and Byrds","floor":24,"turns":7},{"damage":22,"enemies":"Snake Plant","floor":27,"turns":5},{"damage":14,"enemies":"Centurion and Healer","floor":28,"turns":11},{"damage":12,"enemies":"3 Cultists","floor":29,"turns":4},{"damage":24,"enemies":"Slaver and Parasite","floor":31,"turns":3}],"seed_played":"-6650965877577979234","potions_obtained":[{"floor":2,"key":"Swift Potion"},{"floor":3,"key":"AttackPotion"},{"floor":6,"key":"Weak Potion"},{"floor":12,"key":"Explosive Potion"},{"floor":14,"key":"EssenceOfSteel"},{"floor":16,"key":"Block Potion"},{"floor":27,"key":"Ancient Potion"},{"floor":28,"key":"Energy Potion"},{"floor":29,"key":"Explosive Potion"}],"is_trial":false,"path_per_floor":["M","M","M","M","?","E","R","M","T","$","?","M","M","M","R","B",null,"M","?","?","$","M","R","M","R","T","M","M","M","?"],"character_chosen":"IRONCLAD","items_purchased":["Searing Blow"],"campfire_rested":0,"item_purchase_floors":[10],"current_hp_per_floor":[80,80,77,71,71,70,70,76,76,76,76,83,83,86,86,62,80,74,74,74,74,59,59,28,28,28,18,16,19,19,0],"gold":159,"neow_bonus":"RANDOM_COMMON_RELIC","is_prod":false,"is_daily":false,"chose_seed":false,"campfire_upgraded":4,"win_rate":0,"timestamp":1530669313,"path_taken":["M","M","M","M","?","E","R","M","T","$","?","M","M","M","R","BOSS","M","?","?","?","M","R","M","R","T","M","?","M","?","M"],"build_version":"2018-06-28","purchased_purges":2,"victory":false,"max_hp_per_floor":[80,80,80,80,80,80,80,80,80,80,80,83,83,86,86,86,86,89,89,89,89,89,89,92,92,92,92,92,95,95,95],"card_choices":[{"not_picked":["Cleave","Fire Breathing"],"picked":"Shrug It Off","floor":1},{"not_picked":["Sentinel","Rupture"],"picked":"Metallicize","floor":2},{"not_picked":["Sword Boomerang","Sever Soul"],"picked":"Shrug It Off","floor":3},{"not_picked":["Wild Strike","Blood for Blood"],"picked":"Clash","floor":4},{"not_picked":["Body Slam","Clothesline"],"picked":"Feed","floor":6},{"not_picked":["Pommel Strike","Flex"],"picked":"Rage","floor":8},{"not_picked":["Sever Soul","Rage"],"picked":"Ghostly Armor","floor":12},{"not_picked":["Perfected Strike","Iron Wave"],"picked":"Shockwave","floor":13},{"not_picked":["Flex","Perfected Strike"],"picked":"Thunderclap","floor":14},{"not_picked":["Exhume","Dark Embrace"],"picked":"Limit Break","floor":16},{"not_picked":["Twin Strike","Disarm+1"],"picked":"Cleave","floor":18},{"not_picked":["Body Slam","Combust+1"],"picked":"Shrug It Off+1","floor":22},{"not_picked":["Body Slam","Thunderclap"],"picked":"Cleave+1","floor":24},{"not_picked":["Wild Strike","Hemokinesis+1","Searing Blow"],"picked":"SKIP","floor":27},{"not_picked":["Clothesline","Clash+1"],"picked":"Inflame+1","floor":28},{"not_picked":["Power Through","Iron Wave","Uppercut+1"],"picked":"SKIP","floor":29}],"player_experience":943411,"relics_obtained":[{"floor":6,"key":"Pantograph"},{"floor":9,"key":"Self Forming Clay"},{"floor":26,"key":"Blood Vial"}],"event_choices":[{"event_name":"Purifier","player_choice":"One Purge","floor":5,"damage_taken":0},{"event_name":"Wheel of Change","player_choice":"Relic","floor":11,"damage_taken":0},{"event_name":"Back to Basics","player_choice":"Elegance","floor":19,"damage_taken":0},{"event_name":"Forgotten Altar","player_choice":"Smashed Altar","floor":20,"damage_taken":0},{"event_name":"The Woman in Blue","player_choice":"Bought 0 Potions","floor":30,"damage_taken":0}],"boss_relics":[{"not_picked":["Eternal Feather","Coffee Dripper"],"picked":"Black Blood"}],"items_purged_floors":[10,21],"is_endless":false,"potions_floor_spawned":[2,3,6,12,14,16,27,28,29],"killed_by":"Slaver and Parasite","ascension_level":5}