{"gold_per_floor":[111,121,135,60,60,94,112,123,123,123,143,143,143,143,143,247,247,260,260,289,309,279,304,304,314,314,193,225,53,69,84,84,179,179,197,197,66,66,84,84,119,137,137,137,87,99,119,135,135,135,135,135,10,39,39],"floor_reached":55,"playtime":2231,"items_purged":["Strike_B","Strike_B","Strike_B","Dualcast","Defend_B","Defend_B"],"score":744,"play_id":"b661820b-7a0c-444c-baaa-4af564835893","local_time":"20181207231913","is_ascension_mode":false,"campfire_choices":[{"floor":10.0,"key":"REST"},{"floor":13.0,"key":"REST"},{"data":"Storm","floor":15.0,"key":"SMITH"},{"floor":24.0,"key":"REST"},{"floor":32.0,"key":"REST"},{"floor":40.0,"key":"RECALL"},{"data":"White Noise","floor":44.0,"key":"SMITH"},{"data":"Storm","floor":49.0,"key":"SMITH"},{"data":"Machine Learning","floor":52.0,"key":"SMITH"}],"neow_cost":"NONE","seed_source_timestamp":32020870874708,"circlet_count":0,"master_deck":["Defend_B","Defend_B","Zap","Storm+1","Sunder+1","Defragment","Storm+1","Core Surge+1","Self Repair","Electrodynamics","Cold Snap+1","Leap","White Noise+1","Amplify","Heatsinks","Loop","Capacitor","Leap","Coolheaded","Machine Learning+1","Redo+1","Self Repair","Capacitor","Leap+1","Storm","Defragment+1"],"special_seed":0,"relics":["Cracked Core","Smiling Mask","Strawberry","Philosopher\u0027s Stone","Red Mask","Pantograph","Whetstone","Mummified Hand","Inserter","GremlinMask","Anchor","Bottled Lightning","Bronze Scales"],"potions_floor_usage":[55],"damage_taken":[{"damage":6.0,"enemies":"Cultist","floor":1.0,"turns":3.0},{"damage":7.0,"enemies":"Small Slimes","floor":2.0,"turns":3.0},{"damage":3.0,"enemies":"2 Louse","floor":3.0,"turns":2.0},{"damage":24.0,"enemies":"3 Sentries","floor":6.0,"turns":8.0},{"damage":15.0,"enemies":"Looter","floor":7.0,"turns":3.0},{"damage":20.0,"enemies":"3 Louse","floor":8.0,"turns":3.0},{"damage":8.0,"enemies":"Gremlin Gang","floor":11.0,"turns":4.0},{"damage":24.0,"enemies":"Slime Boss","floor":16.0,"turns":10.0},{"damage":15.0,"enemies":"Shell Parasite","floor":18.0,"turns":4.0},{"damage":12.0,"enemies":"Masked Bandits","floor":20.0,"turns":3.0},{"damage":3.0,"enemies":"Chosen","floor":21.0,"turns":3.0},{"damage":47.0,"enemies":"Book of Stabbing","floor":23.0,"turns":5.0},{"damage":0.0,"enemies":"3 Cultists","floor":25.0,"turns":3.0},{"damage":8.0,"enemies":"Slavers","floor":28.0,"turns":2.0},{"damage":9.0,"enemies":"Centurion and Healer","floor":30.0,"turns":3.0},{"damage":4.0,"enemies":"Snecko","floor":31.0,"turns":3.0},{"damage":9.0,"enemies":"Collector","floor":33.0,"turns":5.0},{"damage":1.0,"enemies":"Orb Walker","floor":35.0,"turns":2.0},{"damage":20.0,"enemies":"3 Darklings","floor":39.0,"turns":3.0},{"damage":23.0,"enemies":"Reptomancer","floor":41.0,"turns":4.0},{"damage":19.0,"enemies":"Maw","floor":42.0,"turns":6.0},{"damage":0.0,"enemies":"4 Shapes","floor":46.0,"turns":2.0},{"damage":9.0,"enemies":"Jaw Worm Horde","floor":47.0,"turns":2.0},{"damage":0.0,"enemies":"Transient","floor":48.0,"turns":5.0},{"damage":29.0,"enemies":"Donu and Deca","floor":50.0,"turns":4.0},{"damage":29.0,"enemies":"Shield and Spear","floor":54.0,"turns":4.0},{"damage":101,"enemies":"The Heart","floor":55,"turns":5}],"seed_played":"3892437710255251481","potions_obtained":[{"floor":1.0,"key":"Regen Potion"},{"floor":2.0,"key":"Strength Potion"},{"floor":16.0,"key":"Poison Potion"},{"floor":21.0,"key":"EssenceOfSteel"},{"floor":22.0,"key":"Poison Potion"},{"floor":22.0,"key":"GamblersBrew"},{"floor":25.0,"key":"EssenceOfSteel"},{"floor":31.0,"key":"Fruit Juice"},{"floor":39.0,"key":"Explosive Potion"},{"floor":41.0,"key":"Poison Potion"},{"floor":46.0,"key":"Fire Potion"},{"floor":54.0,"key":"Explosive Potion"}],"is_trial":false,"path_per_floor":["M","M","M","$","?","E","M","M","T","R","M","?","R","?","R","B",null,"M","?","?","M","?","E","R","M","T","$","E","$","M","M","R","B",null,"M","?","$","?","M","R","E","M","T","R","$","M","M","M","R","B",null,"R","$","E","B"],"character_chosen":"DEFECT","items_purchased":["Heatsinks","Capacitor","Leap","Self Repair","Storm"],"campfire_rested":4,"item_purchase_floors":[27,29,29,37,53],"current_hp_per_floor":[76,69,66,66,59,50,35,15,15,39,31,35,61,89,89,72,89,81,64,59,63,63,16,44,51,51,51,50,50,48,49,78,99,99,98,98,98,98,99,99,90,85,85,85,85,99,97,99,99,98,99,99,99,84,0],"gold":39,"neow_bonus":"TEN_PERCENT_HP_BONUS","is_prod":false,"is_daily":false,"chose_seed":false,"campfire_upgraded":4,"win_rate":0,"timestamp":1544242753,"path_taken":["M","?","M","$","?","E","M","M","T","R","M","?","R","?","R","BOSS","M","?","?","M","?","E","R","?","T","$","E","$","M","M","R","BOSS","M","?","$","?","?","R","E","M","T","R","$","M","M","?","R","BOSS","R","$","E","BOSS"],"build_version":"2018-12-06","purchased_purges":6,"victory":false,"max_hp_per_floor":[82,82,82,82,82,82,82,82,82,82,82,89,89,89,89,89,89,89,94,94,94,94,94,94,94,94,94,94,94,94,99,99,99,99,99,99,99,99,99,99,99,99,99,99,99,99,99,99,99,99,99,99,99,99,99],"card_choices":[{"not_picked":["Skim","Self Repair"],"picked":"Storm","floor":1.0},{"not_picked":["Go for the Eyes","Conserve Battery"],"picked":"Sunder","floor":2.0},{"not_picked":["Rebound","Conserve Battery"],"picked":"Cold Snap","floor":3.0},{"not_picked":["Genetic Algorithm","Turbo"],"picked":"Defragment","floor":6.0},{"not_picked":["Gash","Turbo"],"picked":"Storm","floor":7.0},{"not_picked":["Rebound","Skim"],"picked":"Core Surge","floor":8.0},{"not_picked":["Barrage","Coolheaded"],"picked":"Self Repair","floor":11.0},{"not_picked":["All For One","Rainbow"],"picked":"Electrodynamics","floor":16.0},{"not_picked":["Redo","Hologram"],"picked":"Cold Snap+1","floor":18.0},{"not_picked":["Meteor Strike","Cold Snap"],"picked":"Leap","floor":20.0},{"not_picked":["Chill+1","Steam"],"picked":"White Noise","floor":21.0},{"not_picked":["Cold Snap","Go for the Eyes+1"],"picked":"Amplify","floor":23.0},{"not_picked":["Scrape","Chaos","Turbo"],"picked":"SKIP","floor":25.0},{"not_picked":["FTL+1","Turbo"],"picked":"Loop","floor":28.0},{"not_picked":["Ball Lightning","Tempest"],"picked":"Coolheaded","floor":30.0},{"not_picked":["Scrape+1","Turbo","Melter"],"picked":"SKIP","floor":31.0},{"not_picked":["Buffer","Electrodynamics"],"picked":"Machine Learning","floor":33.0},{"not_picked":["Barrage","Chaos"],"picked":"Redo+1","floor":35.0},{"not_picked":["Sweeping Beam","Double Energy","Steam"],"picked":"SKIP","floor":39.0},{"not_picked":["Sweeping Beam+1","Reboot","Gash+1"],"picked":"SKIP","floor":41.0},{"not_picked":["Fusion+1","Steam+1"],"picked":"Capacitor","floor":42.0},{"not_picked":["Rebound","Go for the Eyes","Gash+1"],"picked":"SKIP","floor":46.0},{"not_picked":["Beam Cell+1","Turbo+1"],"picked":"Leap+1","floor":47.0},{"not_picked":["Stack+1","Blizzard+1","Aggregate+1"],"picked":"SKIP","floor":48.0},{"not_picked":["Redo","Hyperbeam"],"picked":"Defragment+1","floor":54.0}],"player_experience":1805941,"relics_obtained":[{"floor":6.0,"key":"Smiling Mask"},{"floor":20.0,"key":"Red Mask"},{"floor":23.0,"key":"Pantograph"},{"floor":26.0,"key":"Whetstone"},{"floor":28.0,"key":"Mummified Hand"},{"floor":41.0,"key":"Anchor"},{"floor":43.0,"key":"Bottled Lightning"},{"floor":54.0,"key":"Bronze Scales"}],"event_choices":[{"cards_removed":["Strike_B"],"damage_healed":0.0,"max_hp_gain":0.0,"max_hp_loss":0.0,"gold_gain":0.0,"event_name":"Golden Wing","player_choice":"Card Removal","floor":5.0,"gold_loss":0.0,"damage_taken":7.0},{"damage_healed":0.0,"max_hp_gain":0.0,"max_hp_loss":0.0,"gold_gain":0.0,"event_name":"Scrap Ooze","player_choice":"Success","floor":12.0,"gold_loss":0.0,"damage_taken":3.0,"relics_obtained":["Strawberry"]},{"damage_healed":29.0,"max_hp_gain":0.0,"max_hp_loss":0.0,"gold_gain":0.0,"event_name":"Big Fish","player_choice":"Banana","floor":14.0,"gold_loss":0.0,"damage_taken":0.0},{"damage_healed":0.0,"max_hp_gain":5.0,"max_hp_loss":0.0,"gold_gain":0.0,"event_name":"Forgotten Altar","player_choice":"Shed Blood","floor":19.0,"gold_loss":0.0,"damage_taken":22.0},{"damage_healed":0.0,"max_hp_gain":0.0,"max_hp_loss":0.0,"gold_gain":0.0,"event_name":"Masked Bandits","player_choice":"Fought Bandits","floor":20.0,"gold_loss":0.0,"damage_taken":0.0},{"damage_healed":0.0,"max_hp_gain":0.0,"max_hp_loss":0.0,"gold_gain":0.0,"event_name":"The Woman in Blue","player_choice":"Bought 2 Potions","floor":22.0,"gold_loss":0.0,"damage_taken":0.0},{"cards_removed":["Cold Snap"],"damage_healed":0.0,"max_hp_gain":0.0,"max_hp_loss":0.0,"gold_gain":0.0,"event_name":"Falling","player_choice":"Removed Attack","floor":36.0,"gold_loss":0.0,"damage_taken":0.0},{"damage_healed":0.0,"max_hp_gain":0.0,"max_hp_loss":0.0,"gold_gain":0.0,"event_name":"FaceTrader","player_choice":"Trade","floor":38.0,"gold_loss":0.0,"damage_taken":0.0,"relics_obtained":["GremlinMask"]}],"is_beta":false,"boss_relics":[{"not_picked":["Runic Pyramid","Tiny House"],"picked":"Philosopher\u0027s Stone"},{"not_picked":["FrozenCore","Cursed Key"],"picked":"Inserter"}],"items_purged_floors":[4,27,29,37,45,53],"is_endless":false,"potions_floor_spawned":[1,2,16,21,25,30,31,39,41,46,54],"killed_by":"The Heart","ascension_level":0}