{"gold_per_floor":[114,114,114,39,114,114,125,137,189,214,214,214,230,243,243,347,347,366,382,87,87,51,51,79,79,127,226,240,257,271,289,289,394,394,411,26,26,36,55,55,74,74,122,122,132,146,158,168,168,168],"floor_reached":51,"playtime":7841,"items_purged":["Strike_B","Defend_B","Defend_B"],"score":1017,"play_id":"e6d0fa43-b4ca-4cbb-8fe2-7d2a31a25d0c","local_time":"20180711183002","is_ascension_mode":true,"campfire_choices":[{"data":"Zap","floor":6.0,"key":"SMITH"},{"data":"Dualcast","floor":12.0,"key":"SMITH"},{"data":"Glacier","floor":15.0,"key":"SMITH"},{"data":"Seek","floor":23.0,"key":"SMITH"},{"data":"Coolheaded","floor":25.0,"key":"SMITH"},{"data":"Loop","floor":32.0,"key":"SMITH"}],"neow_cost":"","seed_source_timestamp":41563938608388,"circlet_count":0,"master_deck":["Defend_B+1","Zap+1","Dualcast+1","Leap+1","Chill","Zap+1","Glacier+1","Leap","Leap","FTL","Seek+1","Ball Lightning+1","Coolheaded+1","Chill","Bite","Bite","Bite","Bite","Bite","FTL","Reboot","Blizzard","Ball Lightning","Loop+1","All For One","Glacier","Capacitor","Blizzard","Leap+1","BootSequence","Creative AI+1","Cold Snap","Go for the Eyes+1","Coolheaded+1","Chill+1"],"special_seed":0,"relics":["Cracked Core","Happy Flower","Bag of Marbles","Coffee Dripper","Ancient Tea Set","War Paint","Orichalcum","Fusion Hammer","DataDisk","Lantern"],"potions_floor_usage":[50,50,50],"damage_taken":[{"damage":1.0,"enemies":"Cultist","floor":1.0,"turns":3.0},{"damage":0.0,"enemies":"Small Slimes","floor":7.0,"turns":3.0},{"damage":0.0,"enemies":"2 Louse","floor":8.0,"turns":2.0},{"damage":22.0,"enemies":"3 Sentries","floor":10.0,"turns":11.0},{"damage":0.0,"enemies":"Large Slime","floor":13.0,"turns":5.0},{"damage":0.0,"enemies":"Lots of Slimes","floor":14.0,"turns":6.0},{"damage":12.0,"enemies":"Slime Boss","floor":16.0,"turns":11.0},{"damage":0.0,"enemies":"Chosen","floor":18.0,"turns":5.0},{"damage":7.0,"enemies":"Shell Parasite","floor":19.0,"turns":5.0},{"damage":22.0,"enemies":"Slavers","floor":24.0,"turns":8.0},{"damage":0.0,"enemies":"Snecko","floor":28.0,"turns":3.0},{"damage":5.0,"enemies":"Centurion and Healer","floor":29.0,"turns":7.0},{"damage":19.0,"enemies":"Snake Plant","floor":30.0,"turns":4.0},{"damage":6.0,"enemies":"Slaver and Parasite","floor":31.0,"turns":6.0},{"damage":0.0,"enemies":"Collector","floor":33.0,"turns":12.0},{"damage":0.0,"enemies":"Orb Walker","floor":35.0,"turns":3.0},{"damage":0.0,"enemies":"3 Shapes","floor":38.0,"turns":3.0},{"damage":0.0,"enemies":"Flame Bruiser 2 Orb","floor":39.0,"turns":4.0},{"damage":7,"enemies":"4 Shapes","floor":41,"turns":3},{"damage":0,"enemies":"Sphere and 2 Shapes","floor":45,"turns":3},{"damage":0,"enemies":"Spire Growth","floor":46,"turns":5},{"damage":1,"enemies":"3 Darklings","floor":47,"turns":3},{"damage":6,"enemies":"Maw","floor":48,"turns":8},{"damage":33,"enemies":"Awakened One","floor":50,"turns":14}],"seed_played":"347342173280851180","potions_obtained":[{"floor":8.0,"key":"FocusPotion"},{"floor":13.0,"key":"Fire Potion"},{"floor":16.0,"key":"AttackPotion"},{"floor":18.0,"key":"FocusPotion"},{"floor":24.0,"key":"Weak Potion"},{"floor":29.0,"key":"Strength Potion"},{"floor":30.0,"key":"SkillPotion"},{"floor":33.0,"key":"LiquidBronze"},{"floor":35.0,"key":"Poison Potion"},{"floor":41,"key":"PowerPotion"},{"floor":48,"key":"LiquidBronze"}],"is_trial":false,"path_per_floor":["M","?","?","$","?","R","M","M","T","E","?","R","M","M","R","B",null,"M","M","$","?","$","R","E","R","T","?","M","M","M","M","R","B",null,"M","$","?","M","M","R","M","R","T","?","M","M","M","M","R","B"],"character_chosen":"DEFECT","items_purchased":["Ancient Tea Set","Chill","FTL","DataDisk","Capacitor","Blizzard"],"campfire_rested":0,"item_purchase_floors":[20,20,22,36,36,36],"current_hp_per_floor":[67,67,67,67,56,56,56,56,56,34,34,34,34,34,34,22,62,62,55,55,52,52,52,44,44,44,44,52,52,37,43,43,52,52,52,52,52,52,52,52,47,47,47,47,49,52,52,48,48,32],"gold":168,"neow_bonus":"","is_prod":false,"is_daily":false,"chose_seed":false,"campfire_upgraded":6,"win_rate":0,"timestamp":1531326602,"path_taken":["M","?","?","$","?","R","M","M","T","E","?","R","M","M","R","BOSS","M","M","$","?","?","R","E","R","T","?","M","M","M","M","R","BOSS","M","$","?","M","M","R","M","R","T","?","M","M","?","M","R","BOSS"],"build_version":"2018-07-10","purchased_purges":3,"victory":true,"max_hp_per_floor":[75,75,75,75,75,75,75,75,75,75,75,75,75,75,75,75,75,75,75,75,52,52,52,52,52,52,52,52,52,52,52,52,52,52,52,52,52,52,52,52,52,52,52,52,52,52,52,52,52,52],"card_choices":[{"not_picked":["Recycle","Scrape"],"picked":"Leap","floor":1.0},{"not_picked":["Leap","Stack"],"picked":"Glacier","floor":7.0},{"not_picked":["Turbo","Steam","Heatsinks"],"picked":"SKIP","floor":8.0},{"not_picked":["Rainbow","Beam Cell"],"picked":"Leap","floor":10.0},{"not_picked":["Rebound","Beam Cell"],"picked":"Leap","floor":13.0},{"not_picked":["Sweeping Beam","Barrage"],"picked":"FTL","floor":14.0},{"not_picked":["Reboot","Amplify"],"picked":"Seek","floor":16.0},{"not_picked":["Gash","Aggregate+1"],"picked":"Ball Lightning+1","floor":18.0},{"not_picked":["Darkness","Sweeping Beam"],"picked":"Coolheaded","floor":19.0},{"not_picked":["Recycle","Rebound"],"picked":"Reboot","floor":24.0},{"not_picked":["Self Repair+1","Beam Cell"],"picked":"Blizzard","floor":28.0},{"not_picked":["Barrage+1","Redo"],"picked":"Ball Lightning","floor":29.0},{"not_picked":["Steam","Darkness+1","Sweeping Beam"],"picked":"SKIP","floor":30.0},{"not_picked":["Heatsinks+1","Turbo+1"],"picked":"Loop","floor":31.0},{"not_picked":["Rainbow","Thunder Strike"],"picked":"All For One","floor":33.0},{"not_picked":["Sweeping Beam","Rebound"],"picked":"Glacier","floor":35.0},{"not_picked":["Stack","Sweeping Beam+1"],"picked":"Leap+1","floor":38.0},{"not_picked":["Leap","Sweeping Beam+1"],"picked":"BootSequence","floor":39.0},{"not_picked":["Rebound","Sweeping Beam+1"],"picked":"Creative AI","floor":41},{"not_picked":["Turbo+1","Rebound+1"],"picked":"Cold Snap","floor":45},{"not_picked":["Gash+1","Streamline+1"],"picked":"Go for the Eyes+1","floor":46},{"not_picked":["Turbo","Hologram+1"],"picked":"Coolheaded+1","floor":47},{"not_picked":["Gash","Cold Snap"],"picked":"Chill+1","floor":48}],"player_experience":307946,"relics_obtained":[{"floor":9.0,"key":"Happy Flower"},{"floor":10.0,"key":"Bag of Marbles"},{"floor":24.0,"key":"War Paint"},{"floor":26.0,"key":"Orichalcum"},{"floor":43,"key":"Lantern"}],"event_choices":[{"event_name":"Living Wall","player_choice":"Grow","floor":2.0,"damage_taken":0.0},{"event_name":"Match and Keep!","player_choice":"2 cards matched","floor":3.0,"damage_taken":0.0},{"event_name":"World of Goop","player_choice":"Gather Gold","floor":5.0,"damage_taken":0.0},{"event_name":"Liars Game","player_choice":"disagreed","floor":11.0,"damage_taken":0.0},{"event_name":"Vampires","player_choice":"Became a vampire","floor":21.0,"damage_taken":0.0},{"event_name":"Nest","player_choice":"Stole From Cult","floor":27.0,"damage_taken":0.0},{"event_name":"Bonfire Elementals","player_choice":"BASIC","floor":37.0,"damage_taken":0.0},{"event_name":"Upgrade Shrine","player_choice":"Upgraded","floor":44,"damage_taken":0}],"boss_relics":[{"not_picked":["Astrolabe","Nuclear Battery"],"picked":"Coffee Dripper"},{"not_picked":["Inserter","Philosopher\u0027s Stone"],"picked":"Fusion Hammer"}],"items_purged_floors":[4,20,36],"is_endless":false,"potions_floor_spawned":[8,13,16,18,24,29,30,33,35,41,45,46,48],"ascension_level":8}