{"gold_per_floor":[114,129,81,81,96,126,141,171,171,186,216,216,246,211,211,311,311,326,341,91,190,205,235,235,265,265,280,310,310,340,355,355,455,455,470,150,150,150,165,195,195,225,275,305,320,350,350,380,380,380],"floor_reached":51,"playtime":2889,"items_purged":[],"score":1501,"play_id":"29294845-2f2c-4f7c-9bd3-acd5eac0e774","local_time":"20181208193759","daily_mods":["Shiny","Hoarder","Elite Swarm"],"is_ascension_mode":false,"campfire_choices":[{"data":"Seek","floor":12,"key":"SMITH"},{"data":"Conserve Battery","floor":15,"key":"SMITH"},{"data":"Biased Cognition","floor":24,"key":"SMITH"},{"data":"Seek","floor":29,"key":"SMITH"},{"data":"Buffer","floor":32,"key":"SMITH"},{"data":"Seek","floor":41,"key":"SMITH"},{"data":"Seek","floor":49,"key":"SMITH"}],"neow_cost":"","seed_source_timestamp":0,"circlet_count":0,"master_deck":["Multi-Cast","Hyperbeam","Thunder Strike","Biased Cognition+1","Machine Learning","Electrodynamics","Buffer","Rainbow","Seek+1","Meteor Strike","Echo Form","All For One","Reboot","Amplify","Creative AI","Fission","Core Surge","Ball Lightning","Ball Lightning","Ball Lightning","Cold Snap","Cold Snap","Cold Snap","Conserve Battery+1","Conserve Battery","Conserve Battery","Sunder","Sunder","Sunder","Buffer+1","Buffer","Buffer","Skim","Skim","Skim","Seek+1","Seek+1","Seek+1","Coolheaded","Coolheaded","Coolheaded","Core Surge","Core Surge","Core Surge","Hologram+1","Hologram+1","Hologram+1","Stack","Stack","Stack","Aggregate+1","Aggregate+1","Aggregate+1","Seek","Seek+1","Seek+1","Coolheaded","Coolheaded","Coolheaded+1","Biased Cognition","Biased Cognition","Consume","Consume","Consume","Echo Form","Echo Form","Echo Form","Glacier","Glacier","Glacier","Trip","Trip","Trip","Seek","Seek","Seek"],"special_seed":17873,"relics":["Cracked Core","Vajra","StoneCalendar","Sundial","Mango","Oddly Smooth Stone","Nuclear Battery","Matryoshka","Happy Flower","Gambling Chip","Blood Vial","Symbiotic Virus","The Courier","Calipers","Busted Crown","Dodecahedron","War Paint","Regal Pillow","Bag of Marbles","Ancient Tea Set","DataDisk","Strawberry","Omamori","Pear"],"potions_floor_usage":[13,16,16,16,23,50],"damage_taken":[{"damage":0,"enemies":"Small Slimes","floor":1,"turns":1},{"damage":0,"enemies":"Cultist","floor":2,"turns":2},{"damage":0,"enemies":"Jaw Worm","floor":5,"turns":3},{"damage":0,"enemies":"Gremlin Nob","floor":6,"turns":3},{"damage":0,"enemies":"Large Slime","floor":7,"turns":4},{"damage":11,"enemies":"3 Sentries","floor":8,"turns":4},{"damage":0,"enemies":"Looter","floor":10,"turns":2},{"damage":14,"enemies":"Gremlin Nob","floor":11,"turns":3},{"damage":0,"enemies":"Lagavulin","floor":13,"turns":6},{"damage":24,"enemies":"Hexaghost","floor":16,"turns":9},{"damage":0,"enemies":"Spheric Guardian","floor":18,"turns":4},{"damage":8,"enemies":"Chosen","floor":19,"turns":3},{"damage":6,"enemies":"Centurion and Healer","floor":22,"turns":5},{"damage":19,"enemies":"Slavers","floor":23,"turns":2},{"damage":0,"enemies":"Gremlin Leader","floor":25,"turns":4},{"damage":0,"enemies":"3 Cultists","floor":27,"turns":2},{"damage":0,"enemies":"Book of Stabbing","floor":28,"turns":4},{"damage":0,"enemies":"Gremlin Leader","floor":30,"turns":2},{"damage":0,"enemies":"Snecko","floor":31,"turns":2},{"damage":0,"enemies":"Champ","floor":33,"turns":8},{"damage":0,"enemies":"Orb Walker","floor":35,"turns":2},{"damage":0,"enemies":"3 Darklings","floor":39,"turns":2},{"damage":0,"enemies":"Reptomancer","floor":40,"turns":4},{"damage":0,"enemies":"Nemesis","floor":42,"turns":3},{"damage":0,"enemies":"Reptomancer","floor":44,"turns":2},{"damage":0,"enemies":"Spire Growth","floor":45,"turns":3},{"damage":0,"enemies":"Nemesis","floor":46,"turns":5},{"damage":0,"enemies":"Giant Head","floor":48,"turns":2},{"damage":0,"enemies":"Donu and Deca","floor":50,"turns":8}],"seed_played":"7962981595108981707","potions_obtained":[{"floor":1,"key":"FocusPotion"},{"floor":2,"key":"SkillPotion"},{"floor":11,"key":"Fruit Juice"},{"floor":13,"key":"AttackPotion"},{"floor":19,"key":"LiquidBronze"},{"floor":22,"key":"SteroidPotion"},{"floor":28,"key":"SkillPotion"},{"floor":31,"key":"Regen Potion"},{"floor":42,"key":"Weak Potion"}],"is_trial":false,"path_per_floor":["M","M","$","?","M","E","M","E","T","M","E","R","E","?","R","B",null,"M","M","$","?","M","E","R","E","T","M","E","R","E","M","R","B",null,"M","$","?","?","M","E","R","E","T","E","M","E","?","E","R","B",null],"character_chosen":"DEFECT","items_purchased":["Conserve Battery","Matryoshka","Dodecahedron","War Paint"],"campfire_rested":0,"item_purchase_floors":[3,20,36,36],"current_hp_per_floor":[75,75,75,75,75,75,75,64,64,64,64,64,69,92,92,68,94,94,86,86,86,80,61,61,61,61,63,65,65,67,69,69,71,94,94,94,94,94,94,94,94,94,94,101,101,101,101,111,111,111],"gold":380,"neow_bonus":"","is_prod":false,"is_daily":true,"chose_seed":false,"campfire_upgraded":7,"win_rate":0,"timestamp":1544294279,"path_taken":["M","M","$","?","?","E","M","E","T","M","E","R","E","?","R","BOSS","M","M","$","?","M","E","R","E","T","M","E","R","E","M","R","BOSS","M","$","?","?","M","E","R","E","T","E","M","E","?","E","R","BOSS"],"build_version":"2018-12-06","purchased_purges":0,"victory":true,"max_hp_per_floor":[75,75,75,75,75,75,75,75,75,75,89,89,94,94,94,94,94,94,94,94,94,94,94,94,94,94,94,94,94,94,94,94,94,94,94,94,94,94,94,94,94,94,94,101,101,101,101,111,111,111],"card_choices":[{"not_picked":["Recycle","Cold Snap"],"picked":"Ball Lightning","floor":1},{"not_picked":["Melter","Leap"],"picked":"Cold Snap","floor":2},{"not_picked":["Coolheaded","Chill"],"picked":"Sunder","floor":5},{"not_picked":["Machine Learning","Amplify"],"picked":"Buffer","floor":6},{"not_picked":["Aggregate","Chill"],"picked":"Skim","floor":7},{"not_picked":["All For One","Multi-Cast"],"picked":"Seek","floor":8},{"not_picked":["Cold Snap","Sweeping Beam"],"picked":"Coolheaded","floor":10},{"not_picked":["Seek","Machine Learning","Echo Form"],"picked":"SKIP","floor":11},{"not_picked":["All For One","Hyperbeam"],"picked":"Core Surge","floor":13},{"not_picked":["Cold Snap","Sweeping Beam"],"picked":"Hologram+1","floor":18},{"not_picked":["Streamline","Sweeping Beam"],"picked":"Stack","floor":19},{"not_picked":["Conserve Battery+1","Static Discharge"],"picked":"Aggregate+1","floor":22},{"not_picked":["Hyperbeam","Machine Learning"],"picked":"Seek","floor":23},{"not_picked":["Amplify","Multi-Cast","Core Surge"],"picked":"SKIP","floor":25},{"not_picked":["Beam Cell","Redo"],"picked":"Coolheaded","floor":27},{"not_picked":["All For One","Seek"],"picked":"Biased Cognition","floor":28},{"not_picked":["Multi-Cast","Machine Learning","Reboot"],"picked":"SKIP","floor":30},{"not_picked":["Redo","Auto Shields"],"picked":"Consume","floor":31},{"not_picked":["Hyperbeam","Thunder Strike"],"picked":"Echo Form","floor":33},{"not_picked":["Redo+1"],"picked":"SKIP","floor":35},{"not_picked":[],"picked":"Glacier","floor":39},{"not_picked":["All For One"],"picked":"SKIP","floor":40},{"not_picked":["Machine Learning"],"picked":"SKIP","floor":42},{"not_picked":["Thunder Strike"],"picked":"SKIP","floor":44},{"not_picked":["Doom and Gloom"],"picked":"SKIP","floor":45},{"not_picked":["Hyperbeam"],"picked":"SKIP","floor":46},{"not_picked":[],"picked":"Trip","floor":47},{"not_picked":[],"picked":"Seek","floor":48}],"player_experience":1768997,"relics_obtained":[{"floor":6,"key":"Vajra"},{"floor":8,"key":"StoneCalendar"},{"floor":9,"key":"Sundial"},{"floor":11,"key":"Mango"},{"floor":13,"key":"Oddly Smooth Stone"},{"floor":23,"key":"Happy Flower"},{"floor":25,"key":"Gambling Chip"},{"floor":26,"key":"Blood Vial"},{"floor":26,"key":"Symbiotic Virus"},{"floor":28,"key":"The Courier"},{"floor":30,"key":"Calipers"},{"floor":40,"key":"Regal Pillow"},{"floor":42,"key":"Bag of Marbles"},{"floor":43,"key":"Ancient Tea Set"},{"floor":43,"key":"DataDisk"},{"floor":44,"key":"Strawberry"},{"floor":46,"key":"Omamori"},{"floor":48,"key":"Pear"}],"event_choices":[{"damage_healed":0,"gold_gain":0,"player_choice":"Upgraded","damage_taken":0,"max_hp_gain":0,"max_hp_loss":0,"event_name":"Upgrade Shrine","floor":4,"gold_loss":0,"cards_upgraded":["Seek"]},{"damage_healed":23,"gold_gain":0,"player_choice":"Healed","damage_taken":0,"max_hp_gain":0,"max_hp_loss":0,"event_name":"The Cleric","floor":14,"gold_loss":35},{"damage_healed":0,"gold_gain":99,"player_choice":"Stole From Cult","damage_taken":0,"max_hp_gain":0,"max_hp_loss":0,"event_name":"Nest","floor":21,"gold_loss":0},{"damage_healed":0,"gold_gain":0,"player_choice":"Ignored","damage_taken":0,"max_hp_gain":0,"max_hp_loss":0,"event_name":"Tomb of Lord Red Mask","floor":37,"gold_loss":0},{"cards_removed":["Biased Cognition"],"damage_healed":0,"gold_gain":0,"player_choice":"Removed Power","damage_taken":0,"max_hp_gain":0,"max_hp_loss":0,"event_name":"Falling","floor":38,"gold_loss":0},{"damage_healed":0,"gold_gain":0,"player_choice":"Memory 1","damage_taken":0,"max_hp_gain":0,"max_hp_loss":0,"event_name":"SensoryStone","floor":47,"gold_loss":0}],"is_beta":false,"boss_relics":[{"not_picked":["Fusion Hammer","Inserter"],"picked":"Nuclear Battery"},{"not_picked":["Runic Dome","Eternal Feather"],"picked":"Busted Crown"}],"items_purged_floors":[],"is_endless":false,"potions_floor_spawned":[1,2,11,13,19,22,28,31,33,35,40,42,44],"ascension_level":0}