{"gold_per_floor":[20,32,51,69,79,79,98,98,167,167,183,29,29,43,43,146,146,164,174,174,190,190,190,190,190,190,190,207,227,502,512,512,614,614,634,646,656,27,43,43,43,43,43,43,56,66,80,93,93,93],"floor_reached":51,"playtime":2097,"items_purged":["Defend_G","Regret"],"score":719,"play_id":"ae3cb4d8-fe24-45d7-bba8-6d9f01073a6a","local_time":"20190207012441","is_ascension_mode":false,"campfire_choices":[{"data":"Neutralize","floor":6.0,"key":"SMITH"},{"data":"After Image","floor":8.0,"key":"SMITH"},{"data":"Noxious Fumes","floor":15.0,"key":"SMITH"},{"floor":23.0,"key":"REST"},{"floor":25,"key":"REST"},{"data":"After Image","floor":27,"key":"SMITH"},{"floor":32,"key":"REST"},{"data":"Bouncing Flask","floor":40,"key":"SMITH"},{"data":"Burst","floor":42,"key":"SMITH"},{"data":"1","floor":44,"key":"LIFT"},{"data":"2","floor":49,"key":"LIFT"}],"neow_cost":"NO_GOLD","seed_source_timestamp":0,"circlet_count":0,"master_deck":["Defend_G","Defend_G","Defend_G","Defend_G","Strike_G","Strike_G","Strike_G","Strike_G","Survivor","Neutralize+1","After Image+1","Deflect","Caltrops","Backflip","Skewer","Burst+1","Well Laid Plans","Bouncing Flask+1","Noxious Fumes+1","Corpse Explosion","Noxious Fumes+1","Blade Dance","Necronomicurse","After Image+1","After Image+1","PiercingWail+1","Backflip","Infinite Blades","Malaise","Poisoned Stab+1","Cloak And Dagger","Footwork+1","Accuracy+1","Cloak And Dagger","Terror+1","Flash of Steel","Metamorphosis","Panacea","Parasite","Dagger Spray+1","Distraction+1"],"special_seed":0,"relics":["Ring of the Snake","Gremlin Horn","Philosopher\u0027s Stone","Necronomicon","Bag of Preparation","Busted Crown","Frozen Egg 2","Ancient Tea Set","Girya"],"potions_floor_usage":[33,39,50,50,50],"damage_taken":[{"damage":0.0,"enemies":"Small Slimes","floor":1.0,"turns":4.0},{"damage":0.0,"enemies":"Cultist","floor":2.0,"turns":4.0},{"damage":0.0,"enemies":"Jaw Worm","floor":3.0,"turns":4.0},{"damage":0.0,"enemies":"Large Slime","floor":4.0,"turns":9.0},{"damage":0.0,"enemies":"Red Slaver","floor":5.0,"turns":6.0},{"damage":0.0,"enemies":"3 Louse","floor":7.0,"turns":5.0},{"damage":0.0,"enemies":"Gremlin Gang","floor":11.0,"turns":3.0},{"damage":6.0,"enemies":"Lots of Slimes","floor":14.0,"turns":5.0},{"damage":15.0,"enemies":"Slime Boss","floor":16.0,"turns":11.0},{"damage":17.0,"enemies":"2 Thieves","floor":18.0,"turns":3.0},{"damage":26.0,"enemies":"Chosen","floor":19.0,"turns":5.0},{"damage":22.0,"enemies":"3 Cultists","floor":21.0,"turns":4.0},{"damage":11.0,"enemies":"Book of Stabbing","floor":24.0,"turns":5.0},{"damage":7,"enemies":"Sentry and Sphere","floor":28,"turns":7},{"damage":0,"enemies":"Centurion and Healer","floor":29,"turns":6},{"damage":5,"enemies":"Snecko","floor":31,"turns":6},{"damage":27,"enemies":"Collector","floor":33,"turns":9},{"damage":0,"enemies":"3 Shapes","floor":35,"turns":3},{"damage":2,"enemies":"Orb Walker","floor":36,"turns":5},{"damage":0,"enemies":"4 Shapes","floor":37,"turns":6},{"damage":9,"enemies":"Transient","floor":39,"turns":5},{"damage":0,"enemies":"Writhing Mass","floor":45,"turns":6},{"damage":0,"enemies":"Sphere and 2 Shapes","floor":46,"turns":5},{"damage":0,"enemies":"4 Shapes","floor":47,"turns":3},{"damage":0,"enemies":"Spire Growth","floor":48,"turns":4},{"damage":40,"enemies":"Awakened One","floor":50,"turns":12}],"seed_played":"5762576208324785336","potions_obtained":[{"floor":2.0,"key":"Explosive Potion"},{"floor":4.0,"key":"SteroidPotion"},{"floor":5.0,"key":"FairyPotion"},{"floor":11.0,"key":"SpeedPotion"},{"floor":16.0,"key":"FearPotion"},{"floor":19.0,"key":"SmokeBomb"},{"floor":21.0,"key":"GamblersBrew"},{"floor":31,"key":"Strength Potion"},{"floor":36,"key":"Fire Potion"},{"floor":37,"key":"Dexterity Potion"},{"floor":39,"key":"Dexterity Potion"},{"floor":47,"key":"Regen Potion"}],"is_trial":false,"path_per_floor":["M","M","M","M","M","R","M","R","T","?","M","$","?","M","R","B",null,"M","M","?","M","?","R","E","R","T","R","M","M","?","M","R","B",null,"M","M","M","$","M","R","?","R","T","R","M","M","M","M","R","B",null],"character_chosen":"THE_SILENT","items_purchased":["Bouncing Flask","Frozen Egg 2","Accuracy+1","Cloak And Dagger","Ancient Tea Set"],"campfire_rested":3,"item_purchase_floors":[12,38,38,38,38],"current_hp_per_floor":[70,70,70,70,70,70,70,70,70,70,70,70,75,69,69,54,75,58,32,16,7,7,29,18,40,40,40,33,33,33,28,50,23,75,75,73,73,73,64,64,54,54,54,54,54,54,54,54,54,29],"gold":93,"neow_bonus":"THREE_RARE_CARDS","is_prod":false,"is_daily":false,"chose_seed":false,"campfire_upgraded":6,"win_rate":0,"timestamp":1549524281,"path_taken":["M","M","M","M","M","R","M","R","T","?","M","?","?","M","R","BOSS","M","M","?","M","?","R","E","R","T","R","M","?","?","M","R","BOSS","M","?","?","$","M","R","?","R","T","R","M","M","M","M","R","BOSS"],"build_version":"2019-01-23","purchased_purges":2,"victory":true,"max_hp_per_floor":[70,70,70,70,70,70,70,70,70,70,70,70,75,75,75,75,75,75,75,75,75,75,75,75,75,75,75,75,75,75,75,75,75,75,75,75,75,75,75,75,75,75,75,75,75,75,75,75,75,75],"card_choices":[{"not_picked":["Storm of Steel","Adrenaline"],"picked":"After Image","floor":0.0},{"not_picked":["Setup","All Out Attack"],"picked":"Deflect","floor":1.0},{"not_picked":["Outmaneuver","Acrobatics","Underhanded Strike"],"picked":"SKIP","floor":2.0},{"not_picked":["Acrobatics","Catalyst"],"picked":"Caltrops","floor":3.0},{"not_picked":["Well Laid Plans","Sucker Punch"],"picked":"Backflip","floor":4.0},{"not_picked":["Poisoned Stab","Deflect"],"picked":"Skewer","floor":5.0},{"not_picked":["Blade Dance","Dagger Spray"],"picked":"Burst","floor":7.0},{"not_picked":["PiercingWail","Outmaneuver"],"picked":"Well Laid Plans","floor":11.0},{"not_picked":["Leg Sweep","Backflip"],"picked":"Noxious Fumes","floor":14.0},{"not_picked":["Bullet Time","Burst"],"picked":"Corpse Explosion","floor":16.0},{"not_picked":["Prepared","Footwork"],"picked":"Noxious Fumes+1","floor":18.0},{"not_picked":["Slice","Distraction"],"picked":"Blade Dance","floor":19.0},{"not_picked":["Blade Dance","Flying Knee+1"],"picked":"After Image","floor":21.0},{"not_picked":["Deflect","Riddle With Holes"],"picked":"PiercingWail+1","floor":28},{"not_picked":["Calculated Gamble","Choke"],"picked":"Backflip","floor":29},{"not_picked":["Reflex","Dagger Throw"],"picked":"Infinite Blades","floor":31},{"not_picked":["Envenom","Wraith Form v2"],"picked":"Malaise","floor":33},{"not_picked":[],"picked":"Poisoned Stab+1","floor":35},{"not_picked":[],"picked":"Cloak And Dagger","floor":36},{"not_picked":[],"picked":"Footwork+1","floor":37},{"not_picked":[],"picked":"Terror+1","floor":39},{"not_picked":[],"picked":"Flash of Steel","floor":41},{"not_picked":[],"picked":"Metamorphosis","floor":41},{"not_picked":[],"picked":"Panacea","floor":41},{"not_picked":["Deflect"],"picked":"SKIP","floor":45},{"not_picked":[],"picked":"Dagger Spray+1","floor":46},{"not_picked":["Finisher"],"picked":"SKIP","floor":47},{"not_picked":[],"picked":"Distraction+1","floor":48}],"player_experience":759683,"relics_obtained":[{"floor":9.0,"key":"Gremlin Horn"},{"floor":20.0,"key":"Necronomicon"},{"floor":26,"key":"Bag of Preparation"},{"floor":43,"key":"Girya"}],"event_choices":[{"cards_removed":["Strike_G"],"damage_healed":0.0,"max_hp_gain":0.0,"max_hp_loss":0.0,"gold_gain":0.0,"event_name":"Purifier","player_choice":"Purged","floor":10.0,"gold_loss":0.0,"damage_taken":0.0},{"damage_healed":0.0,"max_hp_gain":5.0,"max_hp_loss":0.0,"gold_gain":0.0,"event_name":"Big Fish","player_choice":"Donut","floor":13.0,"gold_loss":0.0,"damage_taken":0.0},{"damage_healed":0.0,"max_hp_gain":0.0,"max_hp_loss":0.0,"gold_gain":0.0,"event_name":"Cursed Tome","player_choice":"Obtained Book","floor":20.0,"gold_loss":0.0,"damage_taken":16.0},{"damage_healed":0.0,"max_hp_gain":0.0,"max_hp_loss":0.0,"gold_gain":0.0,"event_name":"Duplicator","player_choice":"Copied","floor":22.0,"gold_loss":0.0,"damage_taken":0.0,"cards_obtained":["After Image"]},{"damage_healed":0,"gold_gain":275,"player_choice":"Desecrate","damage_taken":0,"max_hp_gain":0,"max_hp_loss":0,"event_name":"Golden Shrine","floor":30,"gold_loss":0,"cards_obtained":["Regret"]},{"damage_healed":0,"gold_gain":0,"player_choice":"Memory 3","damage_taken":10,"max_hp_gain":0,"max_hp_loss":0,"event_name":"SensoryStone","floor":41,"gold_loss":0}],"is_beta":false,"boss_relics":[{"not_picked":["Fusion Hammer","Astrolabe"],"picked":"Philosopher\u0027s Stone"},{"not_picked":["HoveringKite","Velvet Choker"],"picked":"Busted Crown"}],"items_purged_floors":[12,38],"is_endless":false,"potions_floor_spawned":[2,4,5,11,16,19,21,31,36,37,39,47],"ascension_level":0}