{"gold_per_floor":[109,128,128,42,61,61,75,100,127,147,166,166,166,196,196,275,275,291,310,310,310],"floor_reached":21,"playtime":808,"items_purged":[],"score":344,"play_id":"b2cdd259-3311-4e45-a663-0b1f90d230f2","local_time":"20190103212943","is_ascension_mode":true,"campfire_choices":[{"data":"Static Discharge","floor":6,"key":"SMITH"},{"floor":12,"key":"REST"},{"floor":15,"key":"REST"}],"neow_cost":"NONE","seed_source_timestamp":1274157251258508,"circlet_count":0,"master_deck":["AscendersBane","Strike_B","Strike_B","Strike_B","Defend_B","Defend_B","Defend_B","Defend_B","Zap","Dualcast","White Noise","Compile Driver","Cold Snap","Coolheaded","Static Discharge+1","Coolheaded","Seek","Storm","Coolheaded","Gash","Creative AI"],"relics":["Cracked Core","NeowsBlessing","Centennial Puzzle","Tiny Chest","Busted Crown","Nloth\u0027s Gift"],"potions_floor_usage":[16],"damage_taken":[{"damage":0,"enemies":"Small Slimes","floor":1,"turns":1},{"damage":0,"enemies":"2 Louse","floor":2,"turns":1},{"damage":0,"enemies":"Cultist","floor":5,"turns":1},{"damage":15,"enemies":"Large Slime","floor":7,"turns":4},{"damage":32,"enemies":"3 Sentries","floor":8,"turns":8},{"damage":1,"enemies":"2 Fungi Beasts","floor":10,"turns":2},{"damage":9,"enemies":"3 Louse","floor":11,"turns":2},{"damage":25,"enemies":"Hexaghost","floor":16,"turns":11},{"damage":18,"enemies":"3 Byrds","floor":18,"turns":4},{"damage":28,"enemies":"Shell Parasite","floor":19,"turns":4},{"damage":17,"enemies":"Chosen and Byrds","floor":21,"turns":4}],"seed_played":"-8544919601536854627","potions_obtained":[{"floor":2,"key":"SpeedPotion"},{"floor":8,"key":"FearPotion"},{"floor":18,"key":"Dexterity Potion"}],"is_trial":false,"path_per_floor":["M","M","?","$","M","R","M","E","T","M","M","R","?","?","R","B",null,"M","M","?","M"],"character_chosen":"DEFECT","items_purchased":["Cold Snap","Coolheaded"],"campfire_rested":2,"item_purchase_floors":[4,4],"current_hp_per_floor":[64,64,64,64,64,64,49,17,17,16,7,28,28,23,44,19,58,40,12,12,0],"gold":310,"neow_bonus":"THREE_ENEMY_KILL","is_prod":false,"is_daily":false,"chose_seed":false,"campfire_upgraded":1,"win_rate":0,"timestamp":1546568983,"path_taken":["M","M","?","$","M","R","M","E","T","M","M","R","?","?","R","BOSS","M","M","?","?"],"build_version":"2018-12-20","purchased_purges":0,"victory":false,"max_hp_per_floor":[71,71,71,71,71,71,71,71,71,71,71,71,71,71,71,71,71,71,71,71,71],"card_choices":[{"not_picked":["Go for the Eyes","Tempest"],"picked":"White Noise","floor":1},{"not_picked":["Go for the Eyes","Stack"],"picked":"Compile Driver","floor":2},{"not_picked":["Genetic Algorithm","Coolheaded"],"picked":"Static Discharge","floor":5},{"not_picked":["Compile Driver","Hologram"],"picked":"Coolheaded","floor":7},{"not_picked":["Double Energy","Leap"],"picked":"Seek","floor":8},{"not_picked":["Tempest","Go for the Eyes"],"picked":"Storm","floor":10},{"not_picked":["Lockon","Darkness"],"picked":"Coolheaded","floor":11},{"not_picked":["Reboot","All For One"],"picked":"Creative AI","floor":16},{"not_picked":["Go for the Eyes"],"picked":"SKIP","floor":18},{"not_picked":["Cold Snap"],"picked":"SKIP","floor":19}],"player_experience":1994277,"relics_obtained":[{"floor":8,"key":"Boot"},{"floor":9,"key":"Centennial Puzzle"}],"event_choices":[{"damage_healed":0,"gold_gain":0,"player_choice":"Leave","damage_taken":0,"max_hp_gain":0,"max_hp_loss":0,"event_name":"The Cleric","floor":3,"gold_loss":0},{"damage_healed":0,"gold_gain":0,"cards_transformed":["Strike_B"],"player_choice":"Change","damage_taken":0,"max_hp_gain":0,"max_hp_loss":0,"event_name":"Living Wall","floor":13,"gold_loss":0,"cards_obtained":["Gash"]},{"damage_healed":0,"gold_gain":0,"player_choice":"Success","damage_taken":5,"relics_obtained":["Tiny Chest"],"max_hp_gain":0,"max_hp_loss":0,"event_name":"Scrap Ooze","floor":14,"gold_loss":0},{"damage_healed":0,"gold_gain":0,"player_choice":"Traded Relic","damage_taken":0,"relics_obtained":["Nloth\u0027s Gift"],"max_hp_gain":0,"max_hp_loss":0,"event_name":"N\u0027loth","floor":20,"relics_lost":["Boot"],"gold_loss":0}],"is_beta":false,"boss_relics":[{"not_picked":["Ectoplasm","Pandora\u0027s Box"],"picked":"Busted Crown"}],"items_purged_floors":[],"is_endless":false,"potions_floor_spawned":[2,8,10,11,18],"killed_by":"Chosen and Byrds","ascension_level":18}