{"gold_per_floor":[118,68,16,16,26,26,42,42,96,108,183,183,183,195,195,297,297,297,237,237,16,16,16,16,16,16,16,16,16,16,16,16,16,16,16,16,16,16,16,16,16,16,16,16,16,16,16,16,16,16],"floor_reached":51,"playtime":1410,"items_purged":["Strike_B"],"score":665,"play_id":"a67fb5d2-f9e0-48fd-90f6-8113d79c015e","local_time":"20190215163114","is_ascension_mode":false,"campfire_choices":[{"data":"Zap","floor":6,"key":"SMITH"},{"data":"Hologram","floor":12,"key":"SMITH"},{"floor":15,"key":"REST"},{"data":"Go for the Eyes","floor":23,"key":"SMITH"},{"data":"Creative AI","floor":25,"key":"SMITH"},{"data":"Dualcast","floor":27,"key":"SMITH"},{"data":"Thunder Strike","floor":30,"key":"SMITH"},{"data":"Electrodynamics","floor":32,"key":"SMITH"},{"data":"Leap","floor":40,"key":"SMITH"},{"data":"Machine Learning","floor":44,"key":"SMITH"},{"floor":49,"key":"REST"}],"neow_cost":"PERCENT_DAMAGE","seed_source_timestamp":16323397077744,"circlet_count":0,"master_deck":["Strike_B","Strike_B","Defend_B","Defend_B","Defend_B","Zap+1","Dualcast+1","Electrodynamics+1","Compile Driver","Leap+1","Hologram+1","Creative AI+1","Ball Lightning","Go for the Eyes+1","Thunder Strike+1","Leap","Glacier","Machine Learning+1","Defragment+1","Heatsinks+1","Writhe","Self Repair","Coolheaded+1"],"relics":["Cracked Core","CultistMask","WarpedTongs","Juzu Bracelet","Ectoplasm","Bronze Scales","Turnip","Philosopher\u0027s Stone","Gambling Chip","Darkstone Periapt","PreservedInsect"],"potions_floor_usage":[16,31,33,46,50,50],"damage_taken":[{"damage":2,"enemies":"Small Slimes","floor":1,"turns":3},{"damage":0,"enemies":"2 Louse","floor":5,"turns":2},{"damage":0,"enemies":"Cultist","floor":7,"turns":3},{"damage":9,"enemies":"Large Slime","floor":10,"turns":4},{"damage":5,"enemies":"Lots of Slimes","floor":14,"turns":2},{"damage":35,"enemies":"The Guardian","floor":16,"turns":11},{"damage":0,"enemies":"Chosen","floor":18,"turns":3},{"damage":12,"enemies":"2 Thieves","floor":19,"turns":4},{"damage":0,"enemies":"Cultist and Chosen","floor":28,"turns":4},{"damage":3,"enemies":"Snake Plant","floor":29,"turns":4},{"damage":0,"enemies":"Sentry and Sphere","floor":31,"turns":3},{"damage":9,"enemies":"Collector","floor":33,"turns":10},{"damage":15,"enemies":"3 Shapes","floor":35,"turns":5},{"damage":0,"enemies":"Mind Bloom Boss Battle","floor":37,"turns":6},{"damage":8,"enemies":"3 Darklings","floor":38,"turns":3},{"damage":24,"enemies":"Giant Head","floor":41,"turns":6},{"damage":3,"enemies":"Writhing Mass","floor":42,"turns":4},{"damage":36,"enemies":"Jaw Worm Horde","floor":46,"turns":4},{"damage":4,"enemies":"Maw","floor":47,"turns":7},{"damage":27,"enemies":"Donu and Deca","floor":50,"turns":7}],"seed_played":"-7122910227031883408","potions_obtained":[{"floor":10,"key":"FocusPotion"},{"floor":14,"key":"SneckoOil"},{"floor":16,"key":"FocusPotion"},{"floor":19,"key":"Block Potion"},{"floor":33,"key":"FocusPotion"},{"floor":35,"key":"Poison Potion"},{"floor":41,"key":"Energy Potion"}],"is_trial":false,"path_per_floor":["M","?","$","?","M","R","M","?","T","M","?","R","?","M","R","B",null,"M","M","?","$","?","R","?","R","T","R","M","M","R","M","R","B",null,"M","?","?","M","?","R","E","M","T","R","?","M","M","$","R","B",null],"character_chosen":"DEFECT","items_purchased":["Leap","Bronze Scales"],"campfire_rested":2,"item_purchase_floors":[3,21],"current_hp_per_floor":[52,52,52,52,52,52,52,52,52,43,32,32,25,20,42,7,75,75,63,63,63,63,63,49,49,49,49,49,46,46,46,46,37,80,65,65,65,57,77,77,53,57,57,57,57,28,31,31,55,38],"gold":16,"neow_bonus":"THREE_RARE_CARDS","is_prod":false,"is_daily":false,"chose_seed":false,"campfire_upgraded":9,"win_rate":0,"timestamp":1550269874,"path_taken":["M","?","$","?","?","R","M","?","T","M","?","R","?","M","R","BOSS","M","M","?","$","?","R","?","R","T","R","M","M","R","M","R","BOSS","M","?","?","M","?","R","E","M","T","R","?","M","M","$","R","BOSS"],"build_version":"2019-01-23","purchased_purges":1,"victory":true,"max_hp_per_floor":[75,75,75,75,75,75,75,75,75,75,75,75,75,75,75,75,75,75,75,75,75,75,75,80,80,80,80,80,80,80,80,80,80,80,80,80,80,80,80,80,80,80,80,80,80,80,80,80,80,80],"card_choices":[{"not_picked":["Reboot","Rainbow"],"picked":"Electrodynamics","floor":0},{"not_picked":["Gash","Chaos"],"picked":"Compile Driver","floor":1},{"not_picked":["Consume","Melter"],"picked":"Hologram","floor":5},{"not_picked":["Beam Cell","Conserve Battery"],"picked":"Creative AI","floor":7},{"not_picked":["Cold Snap","Compile Driver"],"picked":"Ball Lightning","floor":10},{"not_picked":["Cold Snap","Beam Cell"],"picked":"Go for the Eyes","floor":14},{"not_picked":["Seek","Hyperbeam"],"picked":"Thunder Strike","floor":16},{"not_picked":["Rip and Tear","Barrage","BootSequence"],"picked":"SKIP","floor":18},{"not_picked":["Turbo+1","Sweeping Beam","Hologram"],"picked":"SKIP","floor":19},{"not_picked":["Force Field+1","Compile Driver","Genetic Algorithm"],"picked":"SKIP","floor":28},{"not_picked":["Steam","Stack","Redo"],"picked":"SKIP","floor":29},{"not_picked":["Gash+1","Rebound"],"picked":"Glacier","floor":31},{"not_picked":["Fission","Rainbow"],"picked":"Machine Learning","floor":33},{"not_picked":["Sweeping Beam","Streamline"],"picked":"Defragment+1","floor":35},{"not_picked":["Ball Lightning","Turbo"],"picked":"Heatsinks+1","floor":37},{"not_picked":["Beam Cell+1","Scrape+1","Chaos"],"picked":"SKIP","floor":38},{"not_picked":["Conserve Battery+1","Rip and Tear+1"],"picked":"Self Repair","floor":41},{"not_picked":["Blizzard+1","Redo","Genetic Algorithm"],"picked":"SKIP","floor":42},{"not_picked":["FTL+1","Self Repair","Coolheaded"],"picked":"SKIP","floor":46},{"not_picked":["BootSequence+1","Steam"],"picked":"Coolheaded+1","floor":47}],"player_experience":831493,"relics_obtained":[{"floor":9,"key":"Juzu Bracelet"},{"floor":26,"key":"Turnip"},{"floor":37,"key":"Gambling Chip"},{"floor":41,"key":"Darkstone Periapt"},{"floor":43,"key":"PreservedInsect"}],"event_choices":[{"cards_removed":["Strike_B"],"damage_healed":0,"gold_gain":0,"player_choice":"Card Removal","damage_taken":0,"max_hp_gain":0,"max_hp_loss":0,"event_name":"The Cleric","floor":2,"gold_loss":50},{"damage_healed":0,"gold_gain":0,"player_choice":"Trade","damage_taken":0,"relics_obtained":["CultistMask"],"max_hp_gain":0,"max_hp_loss":0,"event_name":"FaceTrader","floor":4,"gold_loss":0},{"damage_healed":0,"gold_gain":0,"player_choice":"Rummage","damage_taken":0,"relics_obtained":["WarpedTongs"],"max_hp_gain":0,"max_hp_loss":0,"event_name":"Accursed Blacksmith","floor":8,"gold_loss":0,"cards_obtained":["Pain"]},{"damage_healed":0,"gold_gain":75,"player_choice":"Gather Gold","damage_taken":11,"max_hp_gain":0,"max_hp_loss":0,"event_name":"World of Goop","floor":11,"gold_loss":0},{"cards_removed":["Pain"],"damage_healed":0,"gold_gain":0,"player_choice":"Card Removal","damage_taken":7,"max_hp_gain":0,"max_hp_loss":0,"event_name":"Golden Wing","floor":13,"gold_loss":0},{"damage_healed":0,"gold_gain":0,"player_choice":"Read","damage_taken":0,"max_hp_gain":0,"max_hp_loss":0,"event_name":"The Library","floor":20,"gold_loss":0,"cards_obtained":["Leap"]},{"damage_healed":0,"gold_gain":0,"player_choice":"Ignored","damage_taken":0,"max_hp_gain":0,"max_hp_loss":0,"event_name":"Beggar","floor":22,"gold_loss":0},{"damage_healed":0,"gold_gain":0,"player_choice":"Shed Blood","damage_taken":19,"max_hp_gain":5,"max_hp_loss":0,"event_name":"Forgotten Altar","floor":24,"gold_loss":0},{"cards_removed":["Defend_B"],"damage_healed":0,"gold_gain":0,"player_choice":"Removed Skill","damage_taken":0,"max_hp_gain":0,"max_hp_loss":0,"event_name":"Falling","floor":36,"gold_loss":0},{"damage_healed":0,"gold_gain":0,"player_choice":"Fight","damage_taken":0,"max_hp_gain":0,"max_hp_loss":0,"event_name":"MindBloom","floor":37,"gold_loss":0},{"damage_healed":20,"gold_gain":0,"player_choice":"Writhe","damage_taken":0,"max_hp_gain":0,"max_hp_loss":0,"event_name":"Winding Halls","floor":39,"gold_loss":0,"cards_obtained":["Writhe"]},{"damage_healed":0,"gold_gain":0,"player_choice":"Ignored","damage_taken":0,"max_hp_gain":0,"max_hp_loss":0,"event_name":"Mysterious Sphere","floor":45,"gold_loss":0}],"is_beta":false,"boss_relics":[{"not_picked":["Eternal Feather","Nuclear Battery"],"picked":"Ectoplasm"},{"not_picked":["Pandora\u0027s Box","Calling Bell"],"picked":"Philosopher\u0027s Stone"}],"items_purged_floors":[21],"is_endless":false,"potions_floor_spawned":[10,14,16,19,33,35,41,42],"ascension_level":0}