{"gold_per_floor":[113,125,141,316,326,358,21,55,109,142,160,160,125,135,135,236,236,251,261,10,10,10,41,55,55,55,55,81,81,93,108,108,207,207,226,241,256,256,256,281,291,303,303,303,322,26,61,61,61,61],"floor_reached":51,"playtime":5785,"items_purged":["Doubt","Decay"],"score":978,"play_id":"e3ca429c-8f3b-4652-805f-1f29341158ac","local_time":"20180715130751","is_ascension_mode":true,"campfire_choices":[{"floor":15.0,"key":"REST"},{"data":"RitualDagger","floor":25,"key":"SMITH"},{"floor":27,"key":"REST"},{"floor":32,"key":"REST"},{"data":"Catalyst","floor":44,"key":"SMITH"},{"floor":49,"key":"REST"}],"neow_cost":"NONE","seed_source_timestamp":0,"circlet_count":0,"master_deck":["Defend_G+1","Defend_G+1","Defend_G+1","Defend_G+1","Defend_G+1","Strike_G+1","Strike_G+1","Strike_G+1","Survivor","Neutralize","PiercingWail","Outmaneuver","Deadly Poison","Footwork","Die Die Die","Acrobatics","Dodge and Roll","Well Laid Plans","Crippling Poison","Glass Knife","Venomology","Die Die Die","Noxious Fumes","Slice+1","Blur","RitualDagger+1","Terror","Catalyst+1","Slice+1","Envenom","Poisoned Stab+1","Glass Knife+1","Acrobatics","Finisher+1","Deflect+1","RitualDagger+1","Sadistic Nature","Deadly Poison+1","Noxious Fumes","Riddle With Holes+1","Backstab+1","Grand Finale+1"],"special_seed":0,"relics":["Ring of the Snake","Art of War","Tough Bandages","Kunai","Bottled Tornado","Pen Nib","Potion Belt","Black Star","Mercury Hourglass","Molten Egg 2","Ninja Scroll","The Courier","Tingsha","Unceasing Top","Cursed Key","Girya","Sundial","Mummified Hand","Lantern","Matryoshka","Frozen Egg 2"],"potions_floor_usage":[23,23,23,28,30,33,33,33,33,33,33,40,40,40,42,47,50,50,50,50,50,50],"damage_taken":[{"damage":0.0,"enemies":"Cultist","floor":1.0,"turns":4.0},{"damage":3.0,"enemies":"2 Louse","floor":2.0,"turns":3.0},{"damage":0.0,"enemies":"Small Slimes","floor":3.0,"turns":5.0},{"damage":0.0,"enemies":"Blue Slaver","floor":5.0,"turns":6.0},{"damage":21.0,"enemies":"Lagavulin","floor":6.0,"turns":12.0},{"damage":27.0,"enemies":"Gremlin Nob","floor":8.0,"turns":5.0},{"damage":18.0,"enemies":"3 Sentries","floor":10.0,"turns":13.0},{"damage":0.0,"enemies":"Red Slaver","floor":11.0,"turns":4.0},{"damage":0.0,"enemies":"3 Louse","floor":14.0,"turns":2.0},{"damage":0.0,"enemies":"The Guardian","floor":16.0,"turns":12.0},{"damage":10.0,"enemies":"Spheric Guardian","floor":18.0,"turns":7.0},{"damage":2,"enemies":"Shell Parasite","floor":19,"turns":6},{"damage":25,"enemies":"Book of Stabbing","floor":23,"turns":7},{"damage":3,"enemies":"3 Cultists","floor":24,"turns":4},{"damage":15,"enemies":"Gremlin Leader","floor":28,"turns":6},{"damage":3,"enemies":"Centurion and Healer","floor":30,"turns":7},{"damage":11,"enemies":"Snake Plant","floor":31,"turns":6},{"damage":23,"enemies":"Collector","floor":33,"turns":8},{"damage":4,"enemies":"3 Darklings","floor":35,"turns":5},{"damage":15,"enemies":"Flame Bruiser 1 Orb","floor":36,"turns":4},{"damage":0,"enemies":"Sphere and 2 Shapes","floor":37,"turns":2},{"damage":0,"enemies":"Nemesis","floor":40,"turns":5},{"damage":12,"enemies":"3 Darklings","floor":41,"turns":5},{"damage":6,"enemies":"4 Shapes","floor":42,"turns":5},{"damage":0,"enemies":"Flame Bruiser 2 Orb","floor":45,"turns":3},{"damage":11,"enemies":"Giant Head","floor":47,"turns":7},{"damage":53,"enemies":"Time Eater","floor":50,"turns":4}],"seed_played":"-4959597817739307631","potions_obtained":[{"floor":1.0,"key":"AttackPotion"},{"floor":2.0,"key":"GamblersBrew"},{"floor":8.0,"key":"Regen Potion"},{"floor":10.0,"key":"SkillPotion"},{"floor":11.0,"key":"Swift Potion"},{"floor":16.0,"key":"SteroidPotion"},{"floor":18,"key":"SteroidPotion"},{"floor":24,"key":"Strength Potion"},{"floor":31,"key":"SteroidPotion"},{"floor":33,"key":"Dexterity Potion"},{"floor":36,"key":"Regen Potion"},{"floor":37,"key":"FairyPotion"},{"floor":41,"key":"EntropicBrew"},{"floor":45,"key":"Explosive Potion"}],"is_trial":false,"path_per_floor":["M","M","M","?","M","E","$","E","T","E","M","?","?","M","R","B",null,"M","M","$","?","?","E","M","R","T","R","E","?","M","M","R","B",null,"M","M","M","?","?","E","M","M","T","R","M","$","E","?","R","B"],"character_chosen":"THE_SILENT","items_purchased":["Kunai","Acrobatics","Mercury Hourglass","Lantern","Riddle With Holes+1","Backstab+1"],"campfire_rested":4,"item_purchase_floors":[7,7,20,46,46,46],"current_hp_per_floor":[70,67,67,67,67,46,46,19,19,16,16,16,33,33,54,54,70,60,58,58,58,52,27,24,24,24,45,30,30,27,16,37,14,70,66,51,51,51,51,63,51,45,45,45,45,45,34,34,55,2],"gold":61,"neow_bonus":"RANDOM_COMMON_RELIC","is_prod":false,"is_daily":false,"chose_seed":false,"campfire_upgraded":2,"win_rate":0,"timestamp":1531625871,"path_taken":["M","?","M","?","M","E","$","E","T","E","M","?","?","M","R","BOSS","M","M","$","?","?","E","M","R","T","R","E","?","M","?","R","BOSS","M","M","M","?","?","E","M","M","T","R","M","$","E","?","R","BOSS"],"build_version":"2018-07-12","purchased_purges":2,"victory":true,"max_hp_per_floor":[70,70,70,70,70,70,70,70,70,70,70,70,70,70,70,70,70,70,70,70,70,70,70,70,70,70,70,70,70,70,70,70,70,70,70,70,70,70,70,70,70,70,70,70,70,70,70,70,70,70],"card_choices":[{"not_picked":["Escape Plan","Terror"],"picked":"PiercingWail","floor":1.0},{"not_picked":["Backflip","Acrobatics"],"picked":"Outmaneuver","floor":2.0},{"not_picked":["Sucker Punch","Dagger Spray"],"picked":"Deadly Poison","floor":3.0},{"not_picked":["Dagger Spray","Deflect"],"picked":"Footwork","floor":5.0},{"not_picked":["Sucker Punch","Quick Slash"],"picked":"Die Die Die","floor":6.0},{"not_picked":["Cloak And Dagger","Finisher"],"picked":"Dodge and Roll","floor":8.0},{"not_picked":["Concentrate","Dodge and Roll"],"picked":"Well Laid Plans","floor":10.0},{"not_picked":["Prepared","Catalyst"],"picked":"Crippling Poison","floor":11.0},{"not_picked":["Caltrops","Bane"],"picked":"Venomology","floor":14.0},{"not_picked":["Grand Finale","Glass Knife"],"picked":"Die Die Die","floor":16.0},{"not_picked":["Flechettes+1","Slice"],"picked":"Noxious Fumes","floor":18},{"not_picked":["Flying Knee","Deadly Poison"],"picked":"Slice+1","floor":19},{"not_picked":["Cloak And Dagger","Dodge and Roll"],"picked":"Terror","floor":23},{"not_picked":["Bouncing Flask+1","Predator+1"],"picked":"Catalyst","floor":24},{"not_picked":["Reflex","Escape Plan"],"picked":"Slice+1","floor":28},{"not_picked":["Dodge and Roll","Outmaneuver"],"picked":"Envenom","floor":30},{"not_picked":["Sucker Punch+1","Choke+1"],"picked":"Poisoned Stab+1","floor":31},{"not_picked":["After Image","Envenom"],"picked":"Glass Knife+1","floor":33},{"not_picked":["Terror","Deflect+1"],"picked":"Acrobatics","floor":35},{"not_picked":["Sucker Punch+1","Terror"],"picked":"Finisher+1","floor":36},{"not_picked":["Deadly Poison+1","Skewer+1"],"picked":"Deflect+1","floor":37},{"not_picked":["Secret Technique","Panacea"],"picked":"Sadistic Nature","floor":39},{"not_picked":["Underhanded Strike+1","Flying Knee+1","Bane+1"],"picked":"SKIP","floor":40},{"not_picked":["PiercingWail","Acrobatics"],"picked":"Deadly Poison+1","floor":41},{"not_picked":["Heel Hook+1","Escape Plan","Cloak And Dagger"],"picked":"SKIP","floor":42},{"not_picked":["Terror","Setup+1"],"picked":"Noxious Fumes","floor":45},{"not_picked":["Outmaneuver","Dash+1"],"picked":"Grand Finale+1","floor":47}],"player_experience":139685,"relics_obtained":[{"floor":6.0,"key":"Tough Bandages"},{"floor":8.0,"key":"Bottled Tornado"},{"floor":9.0,"key":"Pen Nib"},{"floor":10.0,"key":"Potion Belt"},{"floor":23,"key":"Molten Egg 2"},{"floor":23,"key":"Ninja Scroll"},{"floor":26,"key":"The Courier"},{"floor":28,"key":"Tingsha"},{"floor":28,"key":"Unceasing Top"},{"floor":40,"key":"Girya"},{"floor":40,"key":"Sundial"},{"floor":43,"key":"Mummified Hand"},{"floor":47,"key":"Matryoshka"},{"floor":47,"key":"Frozen Egg 2"}],"event_choices":[{"event_name":"Liars Game","player_choice":"agreed","floor":4.0,"damage_taken":0.0},{"event_name":"Transmorgrifier","player_choice":"Transform","floor":12.0,"damage_taken":0.0},{"event_name":"The Cleric","player_choice":"Healed","floor":13.0,"damage_taken":0.0},{"event_name":"Match and Keep!","player_choice":"1 cards matched","floor":21,"damage_taken":0},{"event_name":"Nest","player_choice":"Joined the Cult","floor":22,"damage_taken":0},{"event_name":"Back to Basics","player_choice":"Simplicity","floor":29,"damage_taken":0},{"event_name":"Duplicator","player_choice":"One dupe","floor":38,"damage_taken":0},{"event_name":"SensoryStone","player_choice":"Memory 1","floor":39,"damage_taken":0},{"event_name":"Falling","player_choice":"Removed Attack","floor":48,"damage_taken":0}],"boss_relics":[{"not_picked":["Eternal Feather","Fusion Hammer"],"picked":"Black Star"},{"not_picked":["Orrery","Snecko Eye"],"picked":"Cursed Key"}],"items_purged_floors":[7,46],"is_endless":false,"potions_floor_spawned":[1,2,8,10,11,16,18,24,31,33,36,37,41,45],"ascension_level":4}