{"path_per_floor":["M","?","M","M","?","R","M","E","T","M","$","?","R","?","R","B",null,"M","$","M"],"character_chosen":"DEFECT","items_purchased":["FTL","Doom and Gloom","Capacitor"],"gold_per_floor":[115,115,135,151,151,151,161,191,191,210,97,62,62,26,26,131,131,149,3,22,22],"floor_reached":21,"campfire_rested":2,"playtime":1015,"item_purchase_floors":[11,19,19],"current_hp_per_floor":[75,60,60,60,53,75,63,31,31,29,29,47,69,69,69,57,75,62,62,36,0],"items_purged":["Strike_B"],"gold":22,"score":206,"play_id":"98d753e5-fd8b-45d5-adb6-e3160021802c","local_time":"20180610182513","is_prod":false,"is_daily":false,"chose_seed":false,"is_ascension_mode":true,"campfire_upgraded":1,"win_rate":0,"timestamp":1528669513,"campfire_choices":[{"floor":6,"key":"REST"},{"floor":13,"key":"REST"},{"data":"Lockon","floor":15,"key":"SMITH"}],"path_taken":["M","?","M","M","?","R","?","E","T","M","$","?","R","?","R","BOSS","M","$","M","?"],"build_version":"2018-06-07v3","seed_source_timestamp":342847229104111,"purchased_purges":1,"victory":false,"master_deck":["Strike_B","Strike_B+1","Defend_B","Defend_B","Defend_B","Defend_B+1","Zap","Dualcast","Coolheaded","Streamline","Fusion","Lockon+1","Go for the Eyes","Leap","FTL","Heatsinks","Rainbow","Gash","Doom and Gloom","Capacitor","Redo"],"max_hp_per_floor":[75,75,75,75,75,75,75,75,75,75,75,75,75,75,75,75,75,75,75,75,75],"relics":["Cracked Core","Anchor","Dream Catcher","Letter Opener","Nuclear Battery"],"card_choices":[{"not_picked":["Conserve Battery","Leap"],"picked":"Coolheaded","floor":1},{"not_picked":["Undo","Aggregate"],"picked":"Streamline","floor":3},{"not_picked":["Scrape","FTL"],"picked":"Fusion","floor":4},{"not_picked":["Steam","Compile Driver"],"picked":"Lockon","floor":7},{"not_picked":["Chaos","Rebound"],"picked":"Go for the Eyes","floor":8},{"not_picked":["Hello World","Compile Driver"],"picked":"Leap","floor":10},{"not_picked":["Stack","Tempest"],"picked":"Heatsinks","floor":13},{"not_picked":["Meteor Strike","Amplify"],"picked":"Rainbow","floor":16},{"not_picked":["Stack","Self Repair"],"picked":"Gash","floor":18},{"not_picked":["Lockon+1","Compile Driver"],"picked":"Redo","floor":20}],"player_experience":466041,"potions_floor_usage":[8,8,16],"damage_taken":[{"damage":0,"enemies":"Small Slimes","floor":1,"turns":3},{"damage":0,"enemies":"2 Louse","floor":3,"turns":3},{"damage":0,"enemies":"Cultist","floor":4,"turns":2},{"damage":12,"enemies":"3 Louse","floor":7,"turns":3},{"damage":32,"enemies":"Gremlin Nob","floor":8,"turns":4},{"damage":2,"enemies":"2 Fungi Beasts","floor":10,"turns":3},{"damage":12,"enemies":"The Guardian","floor":16,"turns":11},{"damage":13,"enemies":"Chosen","floor":18,"turns":5},{"damage":26,"enemies":"Shell Parasite","floor":20,"turns":5},{"damage":41,"enemies":"Snecko","floor":21,"turns":5}],"relics_obtained":[{"floor":8,"key":"Dream Catcher"},{"floor":9,"key":"Letter Opener"}],"event_choices":[{"event_name":"Shining Light","player_choice":"Entered Light","floor":2,"damage_taken":0},{"event_name":"Golden Wing","player_choice":"Card Removal","floor":5,"damage_taken":0},{"event_name":"The Cleric","player_choice":"Healed","floor":12,"damage_taken":0},{"event_name":"World of Goop","player_choice":"Left","floor":14,"damage_taken":0}],"boss_relics":[{"not_picked":["Snecko Eye","Philosopher\u0027s Stone"],"picked":"Nuclear Battery"}],"items_purged_floors":[11],"potions_floor_spawned":[3,4,8,10,18,20],"seed_played":"-6702589500477649343","killed_by":"Snecko","ascension_level":3,"potions_obtained":[{"floor":3,"key":"AttackPotion"},{"floor":4,"key":"FocusPotion"},{"floor":8,"key":"EssenceOfSteel"},{"floor":10,"key":"FearPotion"},{"floor":18,"key":"Dexterity Potion"},{"floor":20,"key":"Fire Potion"}],"is_trial":false}