{"gold_per_floor":[112,125,142,156,174,174,200,200,200,31,57,57,74,74],"floor_reached":14,"playtime":626,"items_purged":[],"score":204,"play_id":"3cc55e28-3f7a-478c-9657-bff958425c7d","local_time":"20190213150001","is_ascension_mode":true,"campfire_choices":[{"data":"Poisoned Stab","floor":6,"key":"SMITH"},{"floor":8,"key":"REST"}],"neow_cost":"NONE","seed_source_timestamp":703013407413674,"circlet_count":0,"master_deck":["AscendersBane","Defend_G","Defend_G","Defend_G","Defend_G","Defend_G","Strike_G","Strike_G","Strike_G","Strike_G","Strike_G","Survivor","Neutralize","Quick Slash","Slice","Well Laid Plans","Poisoned Stab+1","Sucker Punch","Backflip","Dagger Spray+1"],"relics":["Ring of the Snake","Anchor","Singing Bowl","Ancient Tea Set","The Courier"],"potions_floor_usage":[5,7],"damage_taken":[{"damage":0,"enemies":"Jaw Worm","floor":1,"turns":4},{"damage":1,"enemies":"Small Slimes","floor":2,"turns":3},{"damage":0,"enemies":"2 Louse","floor":3,"turns":3},{"damage":20,"enemies":"Large Slime","floor":4,"turns":9},{"damage":0,"enemies":"2 Fungi Beasts","floor":5,"turns":2},{"damage":22,"enemies":"Lagavulin","floor":7,"turns":5},{"damage":26,"enemies":"Gremlin Nob","floor":11,"turns":4},{"damage":2,"enemies":"3 Louse","floor":13,"turns":3},{"damage":15,"enemies":"Large Slime","floor":14,"turns":4}],"seed_played":"1274869168299273484","potions_obtained":[{"floor":1,"key":"SteroidPotion"},{"floor":2,"key":"LiquidBronze"},{"floor":4,"key":"Explosive Potion"},{"floor":11,"key":"Poison Potion"}],"is_trial":false,"path_per_floor":["M","M","M","M","M","R","E","R","T","$","E","?","M","M"],"character_chosen":"THE_SILENT","items_purchased":["Ancient Tea Set"],"campfire_rested":1,"item_purchase_floors":[10],"current_hp_per_floor":[59,58,58,38,38,38,16,35,35,35,9,9,9,0],"gold":74,"neow_bonus":"THREE_CARDS","is_prod":false,"is_daily":false,"chose_seed":false,"campfire_upgraded":1,"win_rate":0,"timestamp":1550088001,"path_taken":["M","M","M","M","M","R","E","R","T","$","E","?","M","M"],"build_version":"2019-01-23","purchased_purges":0,"victory":false,"max_hp_per_floor":[66,66,66,66,66,66,66,66,66,66,66,66,68,68],"card_choices":[{"not_picked":["PiercingWail","Backflip"],"picked":"Quick Slash","floor":0},{"not_picked":["Tactician","Calculated Gamble"],"picked":"Slice","floor":1},{"not_picked":["Blade Dance","Slice"],"picked":"Well Laid Plans","floor":2},{"not_picked":["Bane","Concentrate","Accuracy"],"picked":"SKIP","floor":3},{"not_picked":["Backflip","Reflex"],"picked":"Poisoned Stab","floor":4},{"not_picked":["Blur","Tactician"],"picked":"Sucker Punch","floor":5},{"not_picked":["Tools of the Trade","Prepared"],"picked":"Backflip","floor":7},{"not_picked":["Quick Slash","Sucker Punch"],"picked":"Dagger Spray","floor":11},{"not_picked":["Backflip","Skewer","Sucker Punch"],"picked":"Singing Bowl","floor":13}],"player_experience":643755,"relics_obtained":[{"floor":7,"key":"Anchor"},{"floor":9,"key":"Singing Bowl"},{"floor":11,"key":"The Courier"}],"event_choices":[{"damage_healed":0,"gold_gain":0,"player_choice":"Grow","damage_taken":0,"max_hp_gain":0,"max_hp_loss":0,"event_name":"Living Wall","floor":12,"gold_loss":0,"cards_upgraded":["Dagger Spray"]}],"is_beta":false,"boss_relics":[],"items_purged_floors":[],"is_endless":false,"potions_floor_spawned":[1,2,4,11],"killed_by":"Large Slime","ascension_level":20}