{"gold_per_floor":[117,117,129,143,25,60,60,75,98,98,98,114,64,139,139,139],"floor_reached":16,"playtime":671,"items_purged":[],"score":125,"play_id":"8976df1b-0599-4411-8e57-e226d2109e9b","local_time":"20181209230939","is_ascension_mode":false,"campfire_choices":[{"data":"Armaments","floor":7.0,"key":"SMITH"},{"data":"Intimidate","floor":10.0,"key":"SMITH"},{"data":"Uppercut","floor":15,"key":"SMITH"}],"neow_cost":"NONE","seed_source_timestamp":942957255405867,"circlet_count":0,"master_deck":["Strike_R","Strike_R","Strike_R","Strike_R","Defend_R","Defend_R","Defend_R+1","Defend_R","Bash","Searing Blow","Whirlwind+1","Ghostly Armor","Armaments+1","Flex+1","Uppercut+1","Heavy Blade","Intimidate+1"],"special_seed":0,"relics":["Burning Blood","War Paint","Dream Catcher"],"potions_floor_usage":[16],"damage_taken":[{"damage":0.0,"enemies":"2 Louse","floor":1.0,"turns":3.0},{"damage":6.0,"enemies":"Cultist","floor":3.0,"turns":3.0},{"damage":11.0,"enemies":"Jaw Worm","floor":4.0,"turns":3.0},{"damage":0.0,"enemies":"Gremlin Nob","floor":6.0,"turns":2.0},{"damage":13.0,"enemies":"Red Slaver","floor":8.0,"turns":2.0},{"damage":9.0,"enemies":"2 Fungi Beasts","floor":12.0,"turns":3.0},{"damage":69,"enemies":"Hexaghost","floor":16,"turns":12}],"seed_played":"-7072703680992983125","potions_obtained":[{"floor":1.0,"key":"Explosive Potion"},{"floor":3.0,"key":"SteroidPotion"},{"floor":4.0,"key":"AttackPotion"},{"floor":8.0,"key":"AttackPotion"}],"is_trial":false,"path_per_floor":["M","?","M","M","$","E","R","M","T","R","?","M","?","?","R","B"],"character_chosen":"IRONCLAD","items_purchased":["Flex","Uppercut"],"campfire_rested":0,"item_purchase_floors":[5,5],"current_hp_per_floor":[80,80,80,75,75,80,80,73,73,73,80,77,77,66,66,0],"gold":139,"neow_bonus":"THREE_CARDS","is_prod":false,"is_daily":false,"chose_seed":false,"campfire_upgraded":3,"win_rate":0,"timestamp":1544364579,"path_taken":["M","?","M","M","$","E","R","?","T","R","?","?","?","?","R","BOSS"],"build_version":"2018-12-06","purchased_purges":0,"victory":false,"max_hp_per_floor":[80,80,80,80,80,80,80,80,80,80,80,80,80,80,80,80],"card_choices":[{"not_picked":["Pommel Strike","Body Slam"],"picked":"Searing Blow","floor":0.0},{"not_picked":["Feel No Pain","Pommel Strike"],"picked":"Whirlwind","floor":1.0},{"not_picked":["Perfected Strike","Twin Strike"],"picked":"Ghostly Armor","floor":3.0},{"not_picked":["Pummel","Dual Wield"],"picked":"Armaments","floor":4.0},{"not_picked":["Dropkick","Carnage"],"picked":"Heavy Blade","floor":6.0},{"not_picked":["Evolve","Pommel Strike"],"picked":"Intimidate","floor":8.0},{"not_picked":["Dropkick","Dual Wield","Perfected Strike"],"picked":"SKIP","floor":12.0}],"player_experience":120806,"relics_obtained":[{"floor":6.0,"key":"War Paint"},{"floor":9.0,"key":"Dream Catcher"}],"event_choices":[{"damage_healed":0.0,"max_hp_gain":0.0,"max_hp_loss":0.0,"gold_gain":0.0,"event_name":"Upgrade Shrine","player_choice":"Upgraded","floor":2.0,"gold_loss":0.0,"damage_taken":0.0,"cards_upgraded":["Whirlwind"]},{"damage_healed":7.0,"max_hp_gain":0.0,"max_hp_loss":0.0,"gold_gain":0.0,"event_name":"Wheel of Change","player_choice":"Full Heal","floor":11.0,"gold_loss":0.0,"damage_taken":0.0},{"cards_removed":["Strike_R"],"damage_healed":0,"gold_gain":0,"player_choice":"Card Removal","damage_taken":0,"max_hp_gain":0,"max_hp_loss":0,"event_name":"The Cleric","floor":13,"gold_loss":50},{"damage_healed":0,"gold_gain":75,"player_choice":"Gather Gold","damage_taken":11,"max_hp_gain":0,"max_hp_loss":0,"event_name":"World of Goop","floor":14,"gold_loss":0}],"is_beta":false,"boss_relics":[],"items_purged_floors":[],"is_endless":false,"potions_floor_spawned":[1,3,4,8],"killed_by":"Hexaghost","ascension_level":0}