{"gold_per_floor":[117,131,150,150,163,163,175,193,193,193,224,242,242,253,253,357,357,377,377,377],"floor_reached":20,"playtime":1035,"items_purged":[],"score":248,"play_id":"15edd085-bf4c-412c-97d4-d4a9ed6cd064","local_time":"20180703151157","is_ascension_mode":true,"campfire_choices":[{"data":"Sword Boomerang","floor":6,"key":"SMITH"},{"floor":15,"key":"REST"}],"neow_cost":"NONE","seed_source_timestamp":761070084022787,"circlet_count":0,"master_deck":["Strike_R","Strike_R","Strike_R","Strike_R","Strike_R","Defend_R","Defend_R","Defend_R","Defend_R","Bash","Thunderclap","Headbutt","Sword Boomerang+1","Battle Trance","Cleave","Clash","Parasite","Limit Break","Rampage"],"relics":["Burning Blood","Singing Bowl","Strawberry","Philosopher\u0027s Stone","Enchiridion"],"potions_floor_usage":[11,12,16,16,18],"damage_taken":[{"damage":10,"enemies":"Small Slimes","floor":1,"turns":4},{"damage":6,"enemies":"Cultist","floor":2,"turns":3},{"damage":12,"enemies":"2 Louse","floor":3,"turns":3},{"damage":22,"enemies":"Looter","floor":5,"turns":3},{"damage":25,"enemies":"3 Louse","floor":7,"turns":3},{"damage":14,"enemies":"Exordium Thugs","floor":8,"turns":4},{"damage":33,"enemies":"Lagavulin","floor":11,"turns":5},{"damage":0,"enemies":"2 Fungi Beasts","floor":12,"turns":2},{"damage":13,"enemies":"Large Slime","floor":14,"turns":4},{"damage":65,"enemies":"The Guardian","floor":16,"turns":14},{"damage":55,"enemies":"3 Byrds","floor":18,"turns":5},{"damage":24,"enemies":"Chosen","floor":20,"turns":3}],"seed_played":"-4228868826321617289","potions_obtained":[{"floor":5,"key":"Dexterity Potion"},{"floor":7,"key":"EssenceOfSteel"},{"floor":8,"key":"Dexterity Potion"},{"floor":11,"key":"Fruit Juice"},{"floor":14,"key":"SpeedPotion"},{"floor":18,"key":"Ancient Potion"}],"is_trial":false,"path_per_floor":["M","M","M","?","M","R","M","M","T","?","E","M","?","M","R","B",null,"M","?"],"character_chosen":"IRONCLAD","items_purchased":[],"campfire_rested":1,"item_purchase_floors":[],"current_hp_per_floor":[84,84,78,78,62,62,43,35,35,57,39,52,52,47,78,19,84,35,19,0],"gold":377,"neow_bonus":"TEN_PERCENT_HP_BONUS","is_prod":false,"is_daily":false,"chose_seed":false,"campfire_upgraded":1,"win_rate":0,"timestamp":1530645117,"path_taken":["M","M","M","?","M","R","M","M","T","?","E","?","?","M","R","BOSS","M","?","M"],"build_version":"2018-06-28","purchased_purges":0,"victory":false,"max_hp_per_floor":[88,88,88,88,88,88,88,88,88,88,97,104,104,106,106,106,106,106,106,106],"card_choices":[{"not_picked":["Shrug It Off","Shockwave"],"picked":"Thunderclap","floor":1},{"not_picked":["Thunderclap","Cleave"],"picked":"Headbutt","floor":2},{"not_picked":["Perfected Strike","Burning Pact"],"picked":"Sword Boomerang","floor":3},{"not_picked":["Blood for Blood","Burning Pact"],"picked":"Battle Trance","floor":5},{"not_picked":["Perfected Strike","Fire Breathing"],"picked":"Cleave","floor":7},{"not_picked":["Evolve","Twin Strike"],"picked":"Clash","floor":8},{"not_picked":["Exhume","Wild Strike","Headbutt"],"picked":"Singing Bowl","floor":11},{"not_picked":["Sword Boomerang","Twin Strike","Armaments"],"picked":"Singing Bowl","floor":12},{"not_picked":["Perfected Strike","Clash","Shockwave"],"picked":"Singing Bowl","floor":14},{"not_picked":["Immolate","Bludgeon"],"picked":"Limit Break","floor":16},{"not_picked":["Havoc","Heavy Blade"],"picked":"Rampage","floor":18}],"player_experience":940540,"relics_obtained":[{"floor":9,"key":"Singing Bowl"},{"floor":11,"key":"Strawberry"},{"floor":19,"key":"Enchiridion"}],"event_choices":[{"event_name":"The Woman in Blue","player_choice":"Bought 0 Potions","floor":4,"damage_taken":0},{"event_name":"Mushrooms","player_choice":"Healed and dodged fight","floor":10,"damage_taken":0},{"event_name":"Liars Game","player_choice":"disagreed","floor":13,"damage_taken":0},{"event_name":"Cursed Tome","player_choice":"Obtained Book","floor":19,"damage_taken":0}],"boss_relics":[{"not_picked":["Tiny House","Runic Pyramid"],"picked":"Philosopher\u0027s Stone"}],"items_purged_floors":[],"is_endless":false,"potions_floor_spawned":[5,7,8,11,14,18],"killed_by":"Chosen","ascension_level":5}