{"gold_per_floor":[115,130,141,241,241,67,67,67,67,87,97,110,123,151,151,246,246,230,230,241,241],"floor_reached":21,"playtime":1041,"items_purged":["Strike_R"],"score":256,"play_id":"b93ada1e-60c2-403c-9368-713a01e5d652","local_time":"20180730102400","is_ascension_mode":true,"campfire_choices":[{"data":"Shrug It Off","floor":7,"key":"SMITH"},{"floor":15,"key":"REST"}],"neow_cost":"NONE","seed_source_timestamp":405839465987859,"circlet_count":0,"master_deck":["Strike_R+1","Strike_R+1","Defend_R","Defend_R","Defend_R","Defend_R","Bash","Anger","Armaments","Whirlwind","Shrug It Off+1","Clothesline","Dropkick","Rage","Disarm","Immolate","Limit Break","Demon Form","True Grit","Pommel Strike"],"relics":["Black Blood","Pear","Mummified Hand","Paper Frog"],"potions_floor_usage":[12,14,16,16],"damage_taken":[{"damage":13,"enemies":"Jaw Worm","floor":1,"turns":4},{"damage":1,"enemies":"Cultist","floor":2,"turns":3},{"damage":0,"enemies":"2 Louse","floor":3,"turns":2},{"damage":24,"enemies":"Exordium Wildlife","floor":10,"turns":4},{"damage":4,"enemies":"Blue Slaver","floor":11,"turns":4},{"damage":0,"enemies":"3 Louse","floor":12,"turns":3},{"damage":12,"enemies":"2 Fungi Beasts","floor":13,"turns":3},{"damage":16,"enemies":"Lagavulin","floor":14,"turns":9},{"damage":32,"enemies":"The Guardian","floor":16,"turns":12},{"damage":41,"enemies":"2 Thieves","floor":18,"turns":4},{"damage":29,"enemies":"Chosen","floor":20,"turns":5},{"damage":34,"enemies":"Snake Plant","floor":21,"turns":5}],"seed_played":"-650711377381298214","potions_obtained":[{"floor":2,"key":"SteroidPotion"},{"floor":10,"key":"Block Potion"},{"floor":11,"key":"AttackPotion"},{"floor":14,"key":"SteroidPotion"}],"is_trial":false,"path_per_floor":["M","M","M","?","?","$","R","T","T","M","M","M","M","E","R","B",null,"M","?","M"],"character_chosen":"IRONCLAD","items_purchased":["Shrug It Off","Clothesline"],"campfire_rested":1,"item_purchase_floors":[6,6],"current_hp_per_floor":[65,70,76,76,60,60,60,70,70,52,54,60,54,44,71,45,79,48,48,29,0],"gold":241,"neow_bonus":"REMOVE_CARD","is_prod":false,"is_daily":false,"chose_seed":false,"campfire_upgraded":1,"win_rate":0,"timestamp":1532960640,"path_taken":["M","M","M","?","?","$","R","?","T","M","?","M","M","E","R","BOSS","M","?","?","M"],"build_version":"2018-07-26","purchased_purges":1,"victory":false,"max_hp_per_floor":[80,80,80,80,80,80,80,90,90,90,90,90,90,90,90,90,90,90,90,90,90],"card_choices":[{"not_picked":["Body Slam","Warcry"],"picked":"Anger","floor":1},{"not_picked":["Thunderclap","Warcry"],"picked":"Armaments","floor":2},{"not_picked":["Reckless Charge","Anger"],"picked":"Whirlwind","floor":3},{"not_picked":["Seeing Red","Clothesline"],"picked":"Dropkick","floor":10},{"not_picked":["Armaments","Twin Strike"],"picked":"Rage","floor":11},{"not_picked":["Wild Strike","Inflame"],"picked":"Disarm","floor":12},{"not_picked":["Battle Trance","Clash"],"picked":"Immolate","floor":13},{"not_picked":["Pommel Strike","Inflame"],"picked":"Limit Break","floor":14},{"not_picked":["Fiend Fire","Brutality"],"picked":"Demon Form","floor":16},{"not_picked":["Cleave","Flex"],"picked":"True Grit","floor":18},{"not_picked":["Flame Barrier+1","Anger"],"picked":"Pommel Strike","floor":20}],"player_experience":1354309,"relics_obtained":[{"floor":8,"key":"Pear"},{"floor":9,"key":"Mummified Hand"},{"floor":14,"key":"Paper Frog"}],"event_choices":[{"event_name":"Golden Shrine","player_choice":"Pray","floor":4,"damage_taken":0},{"event_name":"Shining Light","player_choice":"Entered Light","floor":5,"damage_taken":0},{"event_name":"Back to Basics","player_choice":"Elegance","floor":19,"damage_taken":0}],"is_beta":false,"boss_relics":[{"not_picked":["Black Star","Eternal Feather"],"picked":"Black Blood"}],"items_purged_floors":[6],"is_endless":false,"potions_floor_spawned":[2,10,11,14],"killed_by":"Snake Plant","ascension_level":8}