{"gold_per_floor":[112,37,49,66,66,66,79,79,102,120,133,133,148,48,48,48],"floor_reached":16,"playtime":753,"items_purged":["Strike_G","Defend_G"],"score":94,"play_id":"89a99548-2f93-40b2-aaea-2744c7870f59","local_time":"20180809180111","is_ascension_mode":false,"campfire_choices":[{"data":"Neutralize","floor":6,"key":"SMITH"},{"data":"Survivor","floor":8,"key":"SMITH"},{"floor":15,"key":"REST"}],"neow_cost":"TEN_PERCENT_HP_LOSS","seed_source_timestamp":161042069814665,"circlet_count":0,"master_deck":["Defend_G","Defend_G","Defend_G","Strike_G","Strike_G","Strike_G","Survivor+1","Neutralize+1"],"relics":["Ring of the Snake","Art of War"],"potions_floor_usage":[11,16,16],"damage_taken":[{"damage":0,"enemies":"Cultist","floor":1,"turns":5},{"damage":0,"enemies":"Small Slimes","floor":3,"turns":5},{"damage":7,"enemies":"Jaw Worm","floor":4,"turns":8},{"damage":11,"enemies":"3 Louse","floor":7,"turns":5},{"damage":15,"enemies":"Exordium Thugs","floor":10,"turns":10},{"damage":10,"enemies":"Lots of Slimes","floor":11,"turns":8},{"damage":12,"enemies":"3 Louse","floor":13,"turns":4},{"damage":44,"enemies":"The Guardian","floor":16,"turns":16}],"seed_played":"-9058003201389215709","potions_obtained":[{"floor":10,"key":"Fruit Juice"},{"floor":11,"key":"LiquidBronze"},{"floor":13,"key":"EssenceOfSteel"}],"is_trial":false,"path_per_floor":["M","$","M","M","$","R","M","R","T","M","M","?","M","$","R"],"character_chosen":"THE_SILENT","items_purchased":[],"campfire_rested":1,"item_purchase_floors":[],"current_hp_per_floor":[63,63,63,56,56,56,45,45,45,30,25,25,13,13,33,0],"gold":48,"neow_bonus":"REMOVE_TWO","is_prod":false,"is_daily":false,"chose_seed":false,"campfire_upgraded":2,"win_rate":0,"timestamp":1533803471,"path_taken":["M","$","?","M","?","R","M","R","T","M","M","?","?","$","R","BOSS"],"build_version":"2018-08-02","purchased_purges":2,"victory":false,"max_hp_per_floor":[63,63,63,63,63,63,63,63,63,63,68,68,68,68,68,68],"card_choices":[{"not_picked":["Slice","Finisher","Backstab"],"picked":"SKIP","floor":1},{"not_picked":["Bane","Tactician","Eviscerate"],"picked":"SKIP","floor":3},{"not_picked":["Bane","Tactician","Dodge and Roll"],"picked":"SKIP","floor":4},{"not_picked":["Dagger Spray","Eviscerate","Bane"],"picked":"SKIP","floor":7},{"not_picked":["Crippling Poison","Accuracy","Infinite Blades"],"picked":"SKIP","floor":10},{"not_picked":["Prepared","Acrobatics","Dagger Spray"],"picked":"SKIP","floor":11},{"not_picked":["Backflip","Quick Slash","Deadly Poison"],"picked":"SKIP","floor":13}],"player_experience":296114,"relics_obtained":[{"floor":9,"key":"Art of War"}],"event_choices":[{"event_name":"Liars Game","player_choice":"disagreed","floor":12,"damage_taken":0}],"is_beta":false,"boss_relics":[],"items_purged_floors":[2,14],"is_endless":false,"potions_floor_spawned":[10,11,13],"killed_by":"The Guardian","ascension_level":0}