{"gold_per_floor":[116,130,146,146,71,71,90,120,120,120,137,153,170,142,142,142],"floor_reached":16,"playtime":851,"items_purged":[],"score":151,"play_id":"bad994e6-1eec-4690-b5dd-ca943dd4e098","local_time":"20180731123129","is_ascension_mode":true,"campfire_choices":[{"data":"Cloak And Dagger","floor":6,"key":"SMITH"},{"data":"Neutralize","floor":10,"key":"SMITH"},{"floor":15,"key":"REST"}],"neow_cost":"NONE","seed_source_timestamp":79553360028469,"circlet_count":0,"master_deck":["Defend_G","Defend_G","Defend_G","Defend_G","Defend_G","Strike_G","Strike_G","Strike_G","Strike_G","Survivor","Neutralize+1","Finisher","Cloak And Dagger+1","Dodge and Roll","Envenom+1","Caltrops","Blade Dance","Deadly Poison","Blur","Crippling Poison","Cloak And Dagger"],"special_seed":0,"relics":["Ring of the Snake","Bird Faced Urn","Letter Opener"],"potions_floor_usage":[11,13],"damage_taken":[{"damage":1.0,"enemies":"2 Louse","floor":1.0,"turns":3.0},{"damage":0,"enemies":"Cultist","floor":2,"turns":5},{"damage":4,"enemies":"Small Slimes","floor":3,"turns":5},{"damage":4,"enemies":"Looter","floor":7,"turns":5},{"damage":31,"enemies":"Gremlin Nob","floor":8,"turns":4},{"damage":0,"enemies":"Lots of Slimes","floor":11,"turns":1},{"damage":6,"enemies":"2 Fungi Beasts","floor":12,"turns":3},{"damage":16,"enemies":"Exordium Wildlife","floor":13,"turns":4},{"damage":38,"enemies":"Slime Boss","floor":16,"turns":11}],"seed_played":"-1686352353861489827","potions_obtained":[{"floor":1,"key":"Explosive Potion"},{"floor":8,"key":"Fire Potion"}],"is_trial":false,"path_per_floor":["M","M","M","?","$","R","M","E","T","R","M","M","M","?","R"],"character_chosen":"THE_SILENT","items_purchased":["Caltrops"],"campfire_rested":1,"item_purchase_floors":[5],"current_hp_per_floor":[62,62,58,58,58,58,54,23,23,23,25,23,9,9,30,0],"gold":142,"neow_bonus":"TRANSFORM_CARD","is_prod":false,"is_daily":false,"chose_seed":false,"campfire_upgraded":2,"win_rate":0,"timestamp":1533033089,"path_taken":["M","M","M","?","$","R","?","E","T","R","M","M","M","?","R","BOSS"],"build_version":"2018-07-30","purchased_purges":0,"victory":false,"max_hp_per_floor":[70,70,70,70,70,70,70,70,70,70,70,70,70,70,70,70],"card_choices":[{"not_picked":["Flechettes","Endless Agony"],"picked":"Cloak And Dagger","floor":1},{"not_picked":["Flying Knee","Prepared"],"picked":"Dodge and Roll","floor":2},{"not_picked":["Slice","Deadly Poison"],"picked":"Envenom","floor":3},{"not_picked":["Bane","Prepared"],"picked":"Blade Dance","floor":7},{"not_picked":["Catalyst","Distraction"],"picked":"Deadly Poison","floor":8},{"not_picked":["Blade Dance","Dodge and Roll"],"picked":"Blur","floor":11},{"not_picked":["Masterful Stab","Sucker Punch"],"picked":"Crippling Poison","floor":12},{"not_picked":["Masterful Stab","Accuracy"],"picked":"Cloak And Dagger","floor":13}],"player_experience":366614,"relics_obtained":[{"floor":8,"key":"Bird Faced Urn"},{"floor":9,"key":"Letter Opener"}],"event_choices":[{"event_name":"Upgrade Shrine","player_choice":"Upgraded","floor":4,"damage_taken":0},{"event_name":"World of Goop","player_choice":"Left","floor":14,"damage_taken":0}],"is_beta":true,"boss_relics":[],"items_purged_floors":[],"is_endless":false,"potions_floor_spawned":[1,8],"killed_by":"Slime Boss","ascension_level":9}