{"path_per_floor":["M","?","$","?","M","R","E","R","T","E","R","?","E","M","R","B",null,"M","M","?","?"],"character_chosen":"THE_SILENT","items_purchased":[],"gold_per_floor":[112,112,37,37,49,49,81,81,105,133,133,133,166,177,177,278,278,290,306,306,306,306],"floor_reached":22,"campfire_rested":1,"playtime":2002,"item_purchase_floors":[],"current_hp_per_floor":[70,75,75,75,75,75,39,39,39,32,54,47,34,34,34,34,65,58,33,33,19,0],"items_purged":["Strike_G"],"gold":306,"score":338,"play_id":"75069a20-5dcb-4369-8756-5d794d630874","local_time":"20180614021659","is_prod":false,"is_daily":false,"chose_seed":false,"is_ascension_mode":true,"campfire_upgraded":3,"win_rate":0,"timestamp":1528935419,"campfire_choices":[{"data":"Well Laid Plans","floor":6.0,"key":"SMITH"},{"data":"Leg Sweep","floor":8.0,"key":"SMITH"},{"floor":11.0,"key":"REST"},{"data":"Neutralize","floor":15.0,"key":"SMITH"}],"path_taken":["M","?","$","?","M","R","E","R","T","E","R","?","E","M","R","BOSS","M","?","?","?","M"],"build_version":"2018-06-13","seed_source_timestamp":87322711304223,"purchased_purges":1,"victory":false,"master_deck":["Defend_G","Defend_G","Defend_G","Defend_G","Strike_G","Strike_G","Strike_G","Survivor","Neutralize+1","Well Laid Plans+1","Leg Sweep+1","Quick Slash","Blur","Venomology","Choke","A Thousand Cuts","Backflip+1","Ghostly","Ghostly","Ghostly","Ghostly","Ghostly","Good Instincts"],"max_hp_per_floor":[70,75,75,75,75,75,75,75,75,75,75,75,75,75,75,75,75,75,75,37,37,37],"special_seed":0,"relics":["Ring of the Snake","Mercury Hourglass","Anchor","Potion Belt","Bottled Flame","Black Star"],"card_choices":[{"not_picked":["Well Laid Plans","Expertise","Underhanded Strike"],"picked":"SKIP","floor":1.0},{"not_picked":["Bouncing Flask","PiercingWail"],"picked":"Quick Slash","floor":5.0},{"not_picked":["Catalyst","Prepared"],"picked":"Blur","floor":7.0},{"not_picked":["Deflect","Dash"],"picked":"Venomology","floor":10.0},{"not_picked":["Predator","PiercingWail"],"picked":"Choke","floor":13.0},{"not_picked":["Quick Slash","Skewer","Well Laid Plans"],"picked":"SKIP","floor":14.0},{"not_picked":["Wraith Form v2","Burst"],"picked":"A Thousand Cuts","floor":16},{"not_picked":["Dagger Throw","Quick Slash","Expertise"],"picked":"SKIP","floor":18},{"not_picked":["Deflect","Flying Knee"],"picked":"Backflip+1","floor":19}],"player_experience":110294,"potions_floor_usage":[16,16,16,18],"damage_taken":[{"damage":0.0,"enemies":"Cultist","floor":1.0,"turns":6.0},{"damage":0.0,"enemies":"Jaw Worm","floor":5.0,"turns":9.0},{"damage":36.0,"enemies":"Gremlin Nob","floor":7.0,"turns":7.0},{"damage":7.0,"enemies":"Lagavulin","floor":10.0,"turns":10.0},{"damage":13.0,"enemies":"Gremlin Nob","floor":13.0,"turns":6.0},{"damage":0.0,"enemies":"2 Louse","floor":14.0,"turns":2.0},{"damage":0,"enemies":"Slime Boss","floor":16,"turns":9},{"damage":7,"enemies":"2 Thieves","floor":18,"turns":5},{"damage":25,"enemies":"Spheric Guardian","floor":19,"turns":6},{"damage":22,"enemies":"Snecko","floor":22,"turns":8}],"relics_obtained":[{"floor":7.0,"key":"Mercury Hourglass"},{"floor":9.0,"key":"Anchor"},{"floor":10.0,"key":"Potion Belt"},{"floor":13.0,"key":"Bottled Flame"}],"event_choices":[{"event_name":"Big Fish","player_choice":"Donut","floor":2.0,"damage_taken":0.0},{"event_name":"The Cleric","player_choice":"Leave","floor":4.0,"damage_taken":0.0},{"event_name":"Golden Wing","player_choice":"Card Removal","floor":12.0,"damage_taken":0.0},{"event_name":"Ghosts","player_choice":"Became a Ghost","floor":20,"damage_taken":0},{"event_name":"Knowing Skull","player_choice":"CARD ","floor":21,"damage_taken":0}],"boss_relics":[{"not_picked":["Astrolabe","Sozu"],"picked":"Black Star"}],"items_purged_floors":[],"potions_floor_spawned":[1,5,7,16,18],"seed_played":"-1529278969977281269","killed_by":"Snecko","ascension_level":5,"potions_obtained":[{"floor":1.0,"key":"PowerPotion"},{"floor":5.0,"key":"GhostInAJar"},{"floor":7.0,"key":"Fire Potion"},{"floor":16,"key":"Explosive Potion"},{"floor":18,"key":"Explosive Potion"}],"is_trial":false}