{"gold_per_floor":[367,61,80,96,46,46,71,71,71,71,82,93,105,136,136,237,237,255,180,196,222,25,124,140,167,167,167,79,79,107,127,127,223,223,235,235,250,267,65,398,409,419,419,419,431,465,465,511,511,511,511,511,3,29,29],"floor_reached":56,"playtime":4482,"items_purged":["Strike_B","Strike_B","Compile Driver+1"],"score":1573,"play_id":"2a1f052d-d43d-487b-aa63-3f7cfad03a59","local_time":"20190209104247","is_ascension_mode":true,"campfire_choices":[{"data":"Zap","floor":6.0,"key":"SMITH"},{"data":"Dualcast","floor":8.0,"key":"SMITH"},{"floor":10.0,"key":"REST"},{"data":"Buffer","floor":15.0,"key":"SMITH"},{"floor":27.0,"key":"RECALL"},{"data":"Self Repair","floor":29.0,"key":"SMITH"},{"data":"Finesse","floor":32.0,"key":"SMITH"},{"data":"Zap","floor":44,"key":"SMITH"},{"data":"Madness","floor":49,"key":"SMITH"},{"data":"Turbo","floor":52,"key":"SMITH"}],"neow_cost":"TEN_PERCENT_HP_LOSS","seed_source_timestamp":2710468862234326,"circlet_count":0,"master_deck":["Defend_B","Defend_B","Defend_B","Defend_B","Zap+1","Dualcast+1","Cold Snap","Conserve Battery","Cold Snap","Streamline","Buffer+1","All For One","Gash","Finesse+1","Steam Power+1","Turbo+1","Self Repair+1","Gash","Go for the Eyes+1","Zap+1","Reprogram+1","Beam Cell+1","Conserve Battery+1","Madness+1","Madness","Gash","Defragment","Impatience","Gash+1"],"special_seed":0,"relics":["Cracked Core","Medical Kit","Pocketwatch","Unceasing Top","Cables","Coffee Dripper","Anchor","Dodecahedron","Lantern","Philosopher\u0027s Stone","TheAbacus","Old Coin","Letter Opener","Darkstone Periapt","Turnip","Strange Spoon","Mercury Hourglass"],"potions_floor_usage":[54,55],"damage_taken":[{"damage":0.0,"enemies":"2 Louse","floor":1.0,"turns":1.0},{"damage":5.0,"enemies":"Jaw Worm","floor":3.0,"turns":3.0},{"damage":0.0,"enemies":"Cultist","floor":4.0,"turns":3.0},{"damage":41.0,"enemies":"Gremlin Nob","floor":7.0,"turns":5.0},{"damage":0.0,"enemies":"Red Slaver","floor":11.0,"turns":4.0},{"damage":18.0,"enemies":"Gremlin Gang","floor":12.0,"turns":4.0},{"damage":0.0,"enemies":"2 Fungi Beasts","floor":13.0,"turns":3.0},{"damage":7.0,"enemies":"3 Sentries","floor":14.0,"turns":5.0},{"damage":0.0,"enemies":"The Guardian","floor":16.0,"turns":13.0},{"damage":14.0,"enemies":"3 Byrds","floor":18.0,"turns":5.0},{"damage":0.0,"enemies":"Chosen","floor":20.0,"turns":4.0},{"damage":16.0,"enemies":"Snecko","floor":24.0,"turns":6.0},{"damage":18.0,"enemies":"Slavers","floor":25.0,"turns":4.0},{"damage":0.0,"enemies":"Book of Stabbing","floor":30.0,"turns":4.0},{"damage":0.0,"enemies":"3 Cultists","floor":31.0,"turns":5.0},{"damage":0.0,"enemies":"Collector","floor":33.0,"turns":8.0},{"damage":0.0,"enemies":"3 Darklings","floor":35.0,"turns":3.0},{"damage":0.0,"enemies":"Orb Walker","floor":37.0,"turns":2.0},{"damage":0.0,"enemies":"Spire Growth","floor":38.0,"turns":2.0},{"damage":0.0,"enemies":"Nemesis","floor":40.0,"turns":6.0},{"damage":0.0,"enemies":"3 Darklings","floor":41.0,"turns":2.0},{"damage":0.0,"enemies":"Jaw Worm Horde","floor":42.0,"turns":3.0},{"damage":0,"enemies":"4 Shapes","floor":45,"turns":3},{"damage":0,"enemies":"Giant Head","floor":46,"turns":4},{"damage":0,"enemies":"2 Orb Walkers","floor":48,"turns":2},{"damage":27,"enemies":"Awakened One","floor":50,"turns":7},{"damage":0,"enemies":"Shield and Spear","floor":54,"turns":3},{"damage":31,"enemies":"The Heart","floor":55,"turns":5}],"seed_played":"-4764231635620435029","potions_obtained":[{"floor":3.0,"key":"GamblersBrew"},{"floor":12.0,"key":"AttackPotion"},{"floor":13.0,"key":"FairyPotion"},{"floor":14.0,"key":"Fire Potion"},{"floor":16.0,"key":"Swift Potion"},{"floor":18.0,"key":"Fire Potion"},{"floor":30.0,"key":"Regen Potion"},{"floor":33.0,"key":"SpeedPotion"},{"floor":41.0,"key":"Explosive Potion"},{"floor":45,"key":"Explosive Potion"},{"floor":48,"key":"Energy Potion"}],"is_trial":false,"path_per_floor":["M","$","M","M","?","R","E","R","T","R","M","M","M","E","R","B",null,"M","?","M","T","$","?","M","E","T","R","$","R","E","M","R","B",null,"M","?","M","M","$","E","M","M","T","R","M","E","?","?","R","B",null,"R","$","E","B",null],"character_chosen":"DEFECT","items_purchased":["Medical Kit","Cold Snap","Finesse","Self Repair","Gash","TheAbacus","Strange Spoon","Gash","Defragment","Impatience"],"campfire_rested":1,"item_purchase_floors":[2,2,22,28,28,39,53,53,53,53],"current_hp_per_floor":[68,68,63,63,63,63,22,22,22,42,42,24,24,17,17,17,68,54,54,54,54,54,54,38,20,20,20,20,20,30,30,30,55,68,68,68,68,68,68,68,68,68,68,68,68,68,59,68,68,51,68,68,68,68,47],"gold":29,"neow_bonus":"TWO_FIFTY_GOLD","is_prod":false,"is_daily":false,"chose_seed":false,"campfire_upgraded":8,"win_rate":0,"timestamp":1549730567,"path_taken":["M","$","M","M","?","R","E","R","T","R","M","M","M","E","R","BOSS","M","?","M","?","$","?","M","E","T","R","?","R","E","M","R","BOSS","M","?","M","M","$","E","?","M","T","R","?","E","?","?","R","BOSS","R","$","E","BOSS"],"build_version":"2019-02-06","purchased_purges":3,"victory":true,"max_hp_per_floor":[68,68,68,68,68,68,68,68,68,68,68,68,68,68,68,68,68,68,68,68,68,68,68,68,68,68,68,68,68,68,68,68,68,68,68,68,68,68,68,68,68,68,68,68,68,68,68,68,68,68,68,68,68,68,68],"card_choices":[{"not_picked":["Sweeping Beam","Turbo","Beam Cell"],"picked":"SKIP","floor":1.0},{"not_picked":["Hello World","Stack"],"picked":"Conserve Battery","floor":3.0},{"not_picked":["Stack","Conserve Battery","Buffer"],"picked":"SKIP","floor":4.0},{"not_picked":["Compile Driver","Gash"],"picked":"Cold Snap","floor":7.0},{"not_picked":["Beam Cell","Steam","Hello World"],"picked":"SKIP","floor":11.0},{"not_picked":["Undo","Coolheaded","Force Field"],"picked":"SKIP","floor":12.0},{"not_picked":["Coolheaded","Sweeping Beam"],"picked":"Streamline","floor":13.0},{"not_picked":["Storm","Fusion"],"picked":"Buffer","floor":14.0},{"not_picked":["Buffer","Echo Form"],"picked":"All For One","floor":16.0},{"not_picked":["Hologram","Leap","Scrape"],"picked":"SKIP","floor":18.0},{"not_picked":["Steam","Sweeping Beam"],"picked":"Gash","floor":20.0},{"not_picked":["Melter","Streamline"],"picked":"Steam Power+1","floor":24.0},{"not_picked":["Scrape","Barrage"],"picked":"Turbo","floor":25.0},{"not_picked":["Fusion","Barrage+1","Hello World"],"picked":"SKIP","floor":30.0},{"not_picked":["BootSequence","Conserve Battery"],"picked":"Go for the Eyes+1","floor":31.0},{"not_picked":["Sweeping Beam+1","Steam","Streamline"],"picked":"SKIP","floor":35.0},{"not_picked":["Stack","Ball Lightning+1"],"picked":"Reprogram+1","floor":37.0},{"not_picked":["Turbo","Buffer"],"picked":"Beam Cell+1","floor":38.0},{"not_picked":["Loop","Amplify","Static Discharge"],"picked":"SKIP","floor":40.0},{"not_picked":["Stack","Coolheaded+1"],"picked":"Conserve Battery+1","floor":41.0},{"not_picked":["Hologram+1","Gash+1"],"picked":"Compile Driver+1","floor":42.0},{"not_picked":["Scrape+1","Compile Driver+1","Steam+1"],"picked":"SKIP","floor":45},{"not_picked":["Beam Cell+1","Sweeping Beam","Gash"],"picked":"SKIP","floor":46},{"not_picked":["Defragment","Biased Cognition"],"picked":"Gash+1","floor":54}],"player_experience":57794,"relics_obtained":[{"floor":7.0,"key":"Pocketwatch"},{"floor":9.0,"key":"Unceasing Top"},{"floor":14.0,"key":"Cables"},{"floor":25.0,"key":"Anchor"},{"floor":26.0,"key":"Dodecahedron"},{"floor":30.0,"key":"Lantern"},{"floor":40.0,"key":"Old Coin"},{"floor":43,"key":"Letter Opener"},{"floor":46,"key":"Darkstone Periapt"},{"floor":48,"key":"Turnip"},{"floor":54,"key":"Mercury Hourglass"}],"event_choices":[{"cards_removed":["Strike_B"],"damage_healed":0.0,"max_hp_gain":0.0,"max_hp_loss":0.0,"gold_gain":0.0,"event_name":"The Cleric","player_choice":"Card Removal","floor":5.0,"gold_loss":50.0,"damage_taken":0.0},{"cards_removed":["Strike_B"],"damage_healed":0.0,"max_hp_gain":0.0,"max_hp_loss":0.0,"gold_gain":0.0,"event_name":"Beggar","player_choice":"Gave Gold","floor":19.0,"gold_loss":75.0,"damage_taken":0.0},{"damage_healed":0.0,"max_hp_gain":0.0,"max_hp_loss":0.0,"gold_gain":99.0,"event_name":"Nest","player_choice":"Stole From Cult","floor":23.0,"gold_loss":0.0,"damage_taken":0.0},{"damage_healed":0.0,"max_hp_gain":0.0,"max_hp_loss":0.0,"gold_gain":0.0,"event_name":"Match and Keep!","player_choice":"1 cards matched","floor":36.0,"gold_loss":0.0,"damage_taken":0.0,"cards_obtained":["Zap"]},{"damage_healed":0,"gold_gain":0,"player_choice":"Embrace Madness","damage_taken":9,"max_hp_gain":0,"max_hp_loss":0,"event_name":"Winding Halls","floor":47,"gold_loss":0,"cards_obtained":["Madness","Madness"]},{"damage_healed":0,"gold_gain":0,"player_choice":"Fight","damage_taken":0,"max_hp_gain":0,"max_hp_loss":0,"event_name":"Mysterious Sphere","floor":48,"gold_loss":0}],"is_beta":true,"boss_relics":[{"not_picked":["Eternal Feather","Lizard Tail"],"picked":"Coffee Dripper"},{"not_picked":["White Beast Statue","Tiny House"],"picked":"Philosopher\u0027s Stone"}],"items_purged_floors":[2,22,53],"is_endless":false,"potions_floor_spawned":[3,12,13,14,16,18,30,33,41,45,48],"ascension_level":2}