{"gold_per_floor":[113,113,123,48,48,73,73,91,91,91,108,128,128,128,128,225,225,236,248,4,4,22,22,40,40,40,57,57,77,77,94,94,94],"floor_reached":33,"playtime":2226,"items_purged":["Strike_G","Strike_G"],"score":249,"play_id":"b133a2d3-f23d-40a7-a7d2-334c4cf5164c","local_time":"20181105090407","is_ascension_mode":false,"campfire_choices":[{"floor":7,"key":"REST"},{"floor":13,"key":"REST"},{"data":"Neutralize","floor":15,"key":"SMITH"},{"data":"Noxious Fumes","floor":23,"key":"SMITH"},{"data":"Finisher","floor":30,"key":"SMITH"},{"floor":32,"key":"REST"}],"neow_cost":"NONE","seed_source_timestamp":2268222939047619,"circlet_count":0,"master_deck":["Defend_G","Defend_G","Defend_G","Defend_G","Defend_G","Strike_G","Survivor","Neutralize+1","Cloak And Dagger","Backflip","Quick Slash","Blade Dance","PiercingWail","Sucker Punch","Noxious Fumes+1","Doppelganger","Dagger Spray","Underhanded Strike+1","Die Die Die","Dodge and Roll","Prepared","Dodge and Roll+1","Shame","Finisher+1","Dagger Throw"],"relics":["Runic Pyramid","Ginger","Gambling Chip","Sozu","NlothsMask","Pen Nib"],"potions_floor_usage":[6,16],"damage_taken":[{"damage":10,"enemies":"Small Slimes","floor":1,"turns":4},{"damage":0,"enemies":"Cultist","floor":3,"turns":4},{"damage":38,"enemies":"Gremlin Nob","floor":6,"turns":6},{"damage":0,"enemies":"Jaw Worm","floor":8,"turns":4},{"damage":10,"enemies":"Large Slime","floor":11,"turns":9},{"damage":9,"enemies":"Exordium Thugs","floor":12,"turns":6},{"damage":19,"enemies":"Hexaghost","floor":16,"turns":13},{"damage":2,"enemies":"Chosen","floor":18,"turns":6},{"damage":0,"enemies":"3 Byrds","floor":19,"turns":6},{"damage":3,"enemies":"Sentry and Sphere","floor":22,"turns":4},{"damage":0,"enemies":"Centurion and Healer","floor":24,"turns":6},{"damage":5,"enemies":"Chosen and Byrds","floor":27,"turns":5},{"damage":11,"enemies":"Shelled Parasite and Fungi","floor":29,"turns":5},{"damage":23,"enemies":"Snake Plant","floor":31,"turns":5},{"damage":41,"enemies":"Champ","floor":33,"turns":13}],"seed_played":"-6852925741572270607","potions_obtained":[{"floor":3,"key":"Regen Potion"},{"floor":12,"key":"Weak Potion"}],"is_trial":false,"path_per_floor":["M","?","M","$","?","E","R","M","T","?","M","M","R","?","R","B",null,"M","M","$","?","M","R","M","?","T","M","?","M","R","M","R","B"],"character_chosen":"THE_SILENT","items_purchased":["Die Die Die"],"campfire_rested":3,"item_purchase_floors":[20],"current_hp_per_floor":[60,60,60,60,60,35,56,56,56,56,46,37,58,63,63,44,75,73,73,73,59,56,56,56,56,56,51,51,40,40,17,41,0],"gold":94,"neow_bonus":"BOSS_RELIC","is_prod":false,"is_daily":false,"chose_seed":false,"campfire_upgraded":3,"win_rate":0,"timestamp":1541426647,"path_taken":["M","?","?","$","?","E","R","M","T","?","?","M","R","?","R","BOSS","M","M","$","?","M","R","M","?","T","?","?","M","R","M","R","BOSS"],"build_version":"2018-11-01","purchased_purges":2,"victory":false,"max_hp_per_floor":[70,70,70,70,70,70,70,70,70,70,70,70,70,75,75,75,75,75,75,75,80,80,80,80,80,80,80,80,80,80,80,80,80],"card_choices":[{"not_picked":["Outmaneuver","Backflip"],"picked":"Cloak And Dagger","floor":1},{"not_picked":["Setup","Acrobatics"],"picked":"Quick Slash","floor":3},{"not_picked":["Prepared","Night Terror"],"picked":"Blade Dance","floor":6},{"not_picked":["Concentrate","Flying Knee"],"picked":"PiercingWail","floor":8},{"not_picked":["Bane","Eviscerate"],"picked":"Sucker Punch","floor":11},{"not_picked":["Dagger Throw","Sucker Punch"],"picked":"Noxious Fumes","floor":12},{"not_picked":["Storm of Steel","Glass Knife"],"picked":"Doppelganger","floor":16},{"not_picked":["Eviscerate","Deadly Poison"],"picked":"Dagger Spray","floor":18},{"not_picked":["Cloak And Dagger","Skewer+1"],"picked":"Underhanded Strike+1","floor":19},{"not_picked":["Tactician","Blade Dance"],"picked":"Dodge and Roll","floor":22},{"not_picked":["Deadly Poison+1","Masterful Stab+1"],"picked":"Prepared","floor":24},{"not_picked":["Prepared","Sucker Punch+1"],"picked":"Dodge and Roll+1","floor":27},{"not_picked":["Outmaneuver","Blade Dance+1"],"picked":"Finisher","floor":29},{"not_picked":["Bane","Outmaneuver+1"],"picked":"Dagger Throw","floor":31}],"player_experience":1644886,"relics_obtained":[{"floor":6,"key":"Ginger"},{"floor":9,"key":"Gambling Chip"}],"event_choices":[{"damage_healed":0,"gold_gain":0,"cards_transformed":["Strike_G"],"player_choice":"Transformed","damage_taken":0,"max_hp_gain":0,"max_hp_loss":0,"event_name":"Transmorgrifier","floor":2,"gold_loss":0,"cards_obtained":["Backflip"]},{"damage_healed":0,"gold_gain":0,"player_choice":"Leave","damage_taken":0,"max_hp_gain":0,"max_hp_loss":0,"event_name":"The Cleric","floor":5,"gold_loss":0},{"cards_removed":["Strike_G"],"damage_healed":0,"gold_gain":0,"player_choice":"Offered Basic","damage_taken":0,"max_hp_gain":0,"max_hp_loss":0,"event_name":"Bonfire Elementals","floor":10,"gold_loss":0},{"damage_healed":0,"gold_gain":0,"player_choice":"Donut","damage_taken":0,"max_hp_gain":5,"max_hp_loss":0,"event_name":"Big Fish","floor":14,"gold_loss":0},{"damage_healed":0,"gold_gain":0,"player_choice":"Shed Blood","damage_taken":19,"max_hp_gain":5,"max_hp_loss":0,"event_name":"Forgotten Altar","floor":21,"gold_loss":0},{"damage_healed":0,"gold_gain":0,"player_choice":"Trade","damage_taken":0,"relics_obtained":["NlothsMask"],"max_hp_gain":0,"max_hp_loss":0,"event_name":"FaceTrader","floor":25,"gold_loss":0},{"damage_healed":0,"gold_gain":0,"player_choice":"Stole Relic","damage_taken":0,"relics_obtained":["Pen Nib"],"max_hp_gain":0,"max_hp_loss":0,"event_name":"Addict","floor":28,"gold_loss":0,"cards_obtained":["Shame"]}],"is_beta":false,"boss_relics":[{"not_picked":["Black Star","Orrery"],"picked":"Sozu"}],"items_purged_floors":[4,20],"is_endless":false,"potions_floor_spawned":[3,12,22,24,29,31],"killed_by":"Champ","ascension_level":0}