{"gold_per_floor":[116,291,366,378,405,405,336,336,336,366,383,446,446],"floor_reached":13,"playtime":788,"items_purged":[],"score":93,"play_id":"5c8ffa3a-dad2-48e2-b0e7-c402365f10ac","local_time":"20190210103107","is_ascension_mode":true,"campfire_choices":[{"data":"Neutralize","floor":6,"key":"SMITH"},{"data":"Sucker Punch","floor":8,"key":"SMITH"}],"neow_cost":"NONE","seed_source_timestamp":2799892143972800,"circlet_count":0,"master_deck":["Defend_G+1","Defend_G","Defend_G","Defend_G+1","Defend_G","Strike_G","Strike_G","Strike_G","Strike_G","Strike_G","Survivor","Neutralize+1","Doubt","Sucker Punch+1","Burst","Acrobatics"],"relics":["Ring of the Snake","Happy Flower","War Paint","Meat on the Bone","Strawberry"],"potions_floor_usage":[10,13,13],"damage_taken":[{"damage":0,"enemies":"2 Louse","floor":1,"turns":4},{"damage":0,"enemies":"Small Slimes","floor":4,"turns":3},{"damage":31,"enemies":"3 Sentries","floor":10,"turns":12},{"damage":0,"enemies":"Jaw Worm","floor":11,"turns":6},{"damage":27,"enemies":"3 Sentries","floor":12,"turns":14},{"damage":55,"enemies":"Lagavulin","floor":13,"turns":11}],"seed_played":"-2104654406921944214","potions_obtained":[{"floor":4,"key":"SteroidPotion"},{"floor":11,"key":"Dexterity Potion"},{"floor":12,"key":"Regen Potion"}],"is_trial":false,"path_per_floor":["M","?","?","M","T","R","?","R","T","E","M","?","E"],"character_chosen":"THE_SILENT","items_purchased":[],"campfire_rested":0,"item_purchase_floors":[],"current_hp_per_floor":[77,77,66,66,66,66,66,66,66,35,47,39,0],"gold":446,"neow_bonus":"TEN_PERCENT_HP_BONUS","is_prod":false,"is_daily":false,"chose_seed":false,"campfire_upgraded":2,"win_rate":0,"timestamp":1549816267,"path_taken":["M","?","?","?","?","R","?","R","T","E","?","?","E"],"build_version":"2019-02-06","purchased_purges":0,"victory":false,"max_hp_per_floor":[77,77,77,77,77,77,77,77,77,77,77,84,84],"card_choices":[{"not_picked":["Poisoned Stab","Heel Hook","Prepared"],"picked":"SKIP","floor":1},{"not_picked":["Endless Agony","Skewer"],"picked":"Sucker Punch","floor":4},{"not_picked":["Underhanded Strike","Choke"],"picked":"Burst","floor":10},{"not_picked":["Dodge and Roll","Reflex","Sucker Punch"],"picked":"SKIP","floor":11},{"not_picked":["Heel Hook","Poisoned Stab"],"picked":"Acrobatics","floor":12}],"player_experience":103932,"relics_obtained":[{"floor":9,"key":"War Paint"},{"floor":10,"key":"Meat on the Bone"},{"floor":12,"key":"Strawberry"}],"event_choices":[{"damage_healed":0,"gold_gain":175,"player_choice":"AGREE","damage_taken":0,"max_hp_gain":0,"max_hp_loss":0,"event_name":"Liars Game","floor":2,"gold_loss":0,"cards_obtained":["Doubt"]},{"damage_healed":0,"gold_gain":75,"player_choice":"Gather Gold","damage_taken":11,"max_hp_gain":0,"max_hp_loss":0,"event_name":"World of Goop","floor":3,"gold_loss":0},{"damage_healed":0,"gold_gain":0,"player_choice":"Paid Gold","damage_taken":0,"relics_obtained":["Happy Flower"],"max_hp_gain":0,"max_hp_loss":0,"event_name":"WeMeetAgain","floor":7,"gold_loss":69},{"damage_healed":0,"gold_gain":0,"player_choice":"Searched \u00271\u0027 times","damage_taken":0,"max_hp_gain":0,"max_hp_loss":0,"event_name":"Dead Adventurer","floor":12,"gold_loss":0}],"is_beta":true,"boss_relics":[],"items_purged_floors":[],"is_endless":false,"potions_floor_spawned":[4,11,12],"killed_by":"Lagavulin","ascension_level":3}