{"gold_per_floor":[118,118,2,77,87,122,122,135,135,149,169,181,208,95,95,197,197,207,225,238,250,51,51,51,61,61,77,90,90,90,115,115,115],"floor_reached":33,"playtime":2725,"items_purged":["Strike_B"],"score":306,"play_id":"d41dcf4d-dfb3-47f7-96ed-5d8d46b1e381","local_time":"20190212120249","is_ascension_mode":false,"campfire_choices":[{"data":"Defragment","floor":15,"key":"SMITH"},{"data":"Reinforced Body","floor":23,"key":"SMITH"},{"floor":30,"key":"REST"},{"floor":32,"key":"REST"}],"neow_cost":"TEN_PERCENT_HP_LOSS","seed_source_timestamp":2673353112873687,"circlet_count":0,"master_deck":["Defend_B+1","Defend_B+1","Defend_B+1","Defend_B+1","Zap","Dualcast","Lockon","Reprogram","Double Energy","Conserve Battery","Static Discharge+1","BootSequence","Compile Driver","Ball Lightning","Reinforced Body+1","FTL","BootSequence","Machine Learning","Defragment+1","Consume","Biased Cognition","Undo","Capacitor+1","Static Discharge","Cold Snap","Bite","Bite","Bite","Bite","Bite","Aggregate","Coolheaded","Force Field"],"relics":["Cracked Core","Thread and Needle","Mango","Kunai","Runic Dome","Ancient Tea Set","Matryoshka"],"potions_floor_usage":[6,16,25,33],"damage_taken":[{"damage":1,"enemies":"Small Slimes","floor":1,"turns":4},{"damage":0,"enemies":"Jaw Worm","floor":5,"turns":2},{"damage":20,"enemies":"3 Sentries","floor":6,"turns":7},{"damage":0,"enemies":"Cultist","floor":8,"turns":5},{"damage":0,"enemies":"Red Slaver","floor":10,"turns":2},{"damage":1,"enemies":"Gremlin Gang","floor":11,"turns":5},{"damage":0,"enemies":"3 Louse","floor":12,"turns":4},{"damage":10,"enemies":"Gremlin Nob","floor":13,"turns":4},{"damage":19,"enemies":"Slime Boss","floor":16,"turns":9},{"damage":10,"enemies":"Spheric Guardian","floor":18,"turns":4},{"damage":3,"enemies":"Shell Parasite","floor":19,"turns":7},{"damage":4,"enemies":"Snake Plant","floor":20,"turns":4},{"damage":43,"enemies":"Cultist and Chosen","floor":21,"turns":6},{"damage":15,"enemies":"Sentry and Sphere","floor":25,"turns":5},{"damage":23,"enemies":"Snake Plant","floor":27,"turns":5},{"damage":4,"enemies":"Chosen and Byrds","floor":28,"turns":5},{"damage":23,"enemies":"Book of Stabbing","floor":31,"turns":7},{"damage":57,"enemies":"Collector","floor":33,"turns":6}],"seed_played":"3263568374571186612","potions_obtained":[{"floor":5,"key":"Explosive Potion"},{"floor":11,"key":"Strength Potion"},{"floor":12,"key":"SkillPotion"},{"floor":13,"key":"GamblersBrew"},{"floor":16,"key":"AttackPotion"},{"floor":27,"key":"Explosive Potion"},{"floor":31,"key":"Fruit Juice"}],"is_trial":false,"path_per_floor":["M","?","$","?","M","E","?","M","T","M","M","M","E","$","R","B",null,"M","M","M","M","$","R","?","M","T","M","M","?","R","E","R","B"],"character_chosen":"DEFECT","items_purchased":["Conserve Battery","Static Discharge","Defragment","Consume","Cold Snap","Regen Potion"],"campfire_rested":2,"item_purchase_floors":[3,3,14,14,22,22],"current_hp_per_floor":[67,67,67,56,56,36,36,36,50,50,49,49,39,39,39,20,82,72,69,65,22,22,22,22,31,31,16,18,18,35,20,37,0],"gold":115,"neow_bonus":"TRANSFORM_TWO_CARDS","is_prod":false,"is_daily":false,"chose_seed":false,"campfire_upgraded":2,"win_rate":0.0,"timestamp":1549944169,"path_taken":["M","?","$","?","M","E","?","M","T","M","?","M","E","?","R","BOSS","M","?","M","M","$","R","?","M","T","M","M","?","R","E","R","BOSS"],"build_version":"2019-01-23","purchased_purges":1,"victory":false,"max_hp_per_floor":[68,68,68,68,68,68,68,68,82,82,82,82,82,82,82,82,82,82,82,82,82,82,82,57,57,57,57,57,57,57,57,57,62],"card_choices":[{"not_picked":["Barrage","Gash"],"picked":"Double Energy","floor":1},{"not_picked":["Ball Lightning","Coolheaded"],"picked":"BootSequence","floor":5},{"not_picked":["Turbo","Streamline"],"picked":"Compile Driver","floor":6},{"not_picked":["Stack","Turbo"],"picked":"Ball Lightning","floor":8},{"not_picked":["Sweeping Beam","Chaos"],"picked":"Reinforced Body","floor":10},{"not_picked":["Rebound","Beam Cell"],"picked":"FTL","floor":11},{"not_picked":["Leap","Barrage"],"picked":"BootSequence","floor":12},{"not_picked":["Barrage","Compile Driver"],"picked":"Machine Learning","floor":13},{"not_picked":["Fission","Machine Learning"],"picked":"Biased Cognition","floor":16},{"not_picked":["Gash","Compile Driver","Rip and Tear"],"picked":"SKIP","floor":18},{"not_picked":["Sunder","Leap"],"picked":"Undo","floor":19},{"not_picked":["Coolheaded","Compile Driver"],"picked":"Capacitor+1","floor":20},{"not_picked":["Turbo","Rebound"],"picked":"Static Discharge","floor":21},{"not_picked":["Fission","Gash"],"picked":"Aggregate","floor":25},{"not_picked":["Redo+1","Turbo+1","Force Field"],"picked":"SKIP","floor":27},{"not_picked":["White Noise","Cold Snap"],"picked":"Coolheaded","floor":28},{"not_picked":["Steam","Thunder Strike"],"picked":"Force Field","floor":31}],"player_experience":81668,"relics_obtained":[{"floor":6,"key":"Thread and Needle"},{"floor":9,"key":"Mango"},{"floor":13,"key":"Kunai"},{"floor":26,"key":"Ancient Tea Set"},{"floor":31,"key":"Matryoshka"}],"event_choices":[{"damage_healed":0,"gold_gain":0,"player_choice":"Leave","damage_taken":0,"max_hp_gain":0,"max_hp_loss":0,"event_name":"The Cleric","floor":2,"gold_loss":0},{"damage_healed":0,"gold_gain":75,"player_choice":"Gather Gold","damage_taken":11,"max_hp_gain":0,"max_hp_loss":0,"event_name":"World of Goop","floor":4,"gold_loss":0},{"damage_healed":0,"gold_gain":0,"player_choice":"Upgraded","damage_taken":0,"max_hp_gain":0,"max_hp_loss":0,"event_name":"Upgrade Shrine","floor":7,"gold_loss":0,"cards_upgraded":["Static Discharge"]},{"damage_healed":0,"gold_gain":0,"player_choice":"Became a vampire","damage_taken":0,"max_hp_gain":0,"max_hp_loss":25,"event_name":"Vampires","floor":24,"gold_loss":0,"cards_obtained":["Bite","Bite","Bite","Bite","Bite"]},{"damage_healed":0,"gold_gain":0,"player_choice":"Simplicity","damage_taken":0,"max_hp_gain":0,"max_hp_loss":0,"event_name":"Back to Basics","floor":29,"gold_loss":0,"cards_upgraded":["Defend_B","Defend_B","Defend_B","Defend_B"]}],"is_beta":false,"boss_relics":[{"not_picked":["Calling Bell","Snecko Eye"],"picked":"Runic Dome"}],"items_purged_floors":[22],"is_endless":false,"potions_floor_spawned":[5,11,12,13,16,18,19,21,27,31],"killed_by":"Collector","ascension_level":0}