{"gold_per_floor":[118,133,148,148,148,148,174,174,174,209,222,248,248,262,262,366,366,378,358,338,353,10,10],"floor_reached":23,"playtime":1078,"items_purged":[],"score":253,"play_id":"af6d4d9b-fb28-45c3-9730-b6ed58aa5bfc","local_time":"20190213205546","is_ascension_mode":true,"campfire_choices":[{"data":"Poisoned Stab","floor":6.0,"key":"SMITH"},{"floor":13,"key":"REST"},{"data":"Neutralize","floor":15,"key":"SMITH"}],"neow_cost":"NONE","seed_source_timestamp":2793355208789700,"circlet_count":0,"master_deck":["Defend_G","Defend_G","Defend_G","Defend_G","Defend_G","Strike_G","Strike_G","Strike_G","Strike_G","Survivor","Neutralize+1","Deadly Poison","Flying Knee","Poisoned Stab+1","Sucker Punch","Backflip","Caltrops+1","Wraith Form v2+1","Leg Sweep","Footwork+1"],"special_seed":0,"relics":["Ring of the Snake","NeowsBlessing","Vajra","Darkstone Periapt","Frozen Egg 2","Potion Belt","Sozu","Thread and Needle"],"potions_floor_usage":[12,12,12,16],"damage_taken":[{"damage":0.0,"enemies":"Cultist","floor":1.0,"turns":1.0},{"damage":0.0,"enemies":"2 Louse","floor":2.0,"turns":1.0},{"damage":0.0,"enemies":"Small Slimes","floor":3.0,"turns":1.0},{"damage":20,"enemies":"Lagavulin","floor":7,"turns":5},{"damage":21,"enemies":"Gremlin Nob","floor":10,"turns":4},{"damage":0,"enemies":"Blue Slaver","floor":11,"turns":3},{"damage":22,"enemies":"3 Sentries","floor":12,"turns":6},{"damage":9,"enemies":"Red Slaver","floor":14,"turns":4},{"damage":10,"enemies":"The Guardian","floor":16,"turns":9},{"damage":1,"enemies":"Spheric Guardian","floor":18,"turns":5},{"damage":4,"enemies":"2 Thieves","floor":19,"turns":4},{"damage":53,"enemies":"3 Cultists","floor":21,"turns":6},{"damage":39,"enemies":"Gremlin Leader","floor":23,"turns":7}],"seed_played":"8379301324700758606","potions_obtained":[{"floor":3.0,"key":"Swift Potion"},{"floor":7,"key":"Strength Potion"},{"floor":10,"key":"EntropicBrew"},{"floor":11,"key":"FairyPotion"}],"is_trial":false,"path_per_floor":["M","M","M","?","?","R","E","?","T","E","M","E","R","M","R","B",null,"M","M","?","M","$","E"],"character_chosen":"THE_SILENT","items_purchased":["Thread and Needle","Footwork+1"],"campfire_rested":1,"item_purchase_floors":[22,22],"current_hp_per_floor":[70,70,70,70,63,63,43,48,48,27,27,5,27,18,18,8,75,74,70,70,17,17,0],"gold":10,"neow_bonus":"THREE_ENEMY_KILL","is_prod":false,"is_daily":false,"chose_seed":false,"campfire_upgraded":2,"win_rate":0,"timestamp":1550062546,"path_taken":["M","M","?","?","?","R","E","?","T","E","M","E","R","M","R","BOSS","M","M","?","M","$","E"],"build_version":"2019-01-23","purchased_purges":0,"victory":false,"max_hp_per_floor":[70,70,70,70,70,70,70,75,75,75,75,75,75,75,75,75,75,75,75,75,75,75,75],"card_choices":[{"not_picked":["Dagger Throw","Blade Dance"],"picked":"Deadly Poison","floor":1.0},{"not_picked":["Underhanded Strike","Deflect"],"picked":"Flying Knee","floor":2.0},{"not_picked":["Quick Slash","Backflip"],"picked":"Poisoned Stab","floor":3.0},{"not_picked":["Predator","Poisoned Stab"],"picked":"Sucker Punch","floor":7},{"not_picked":["Tactician","All Out Attack"],"picked":"Backflip","floor":10},{"not_picked":["Night Terror","Sucker Punch"],"picked":"Caltrops+1","floor":11},{"not_picked":["Dagger Spray","Sucker Punch","Setup"],"picked":"SKIP","floor":12},{"not_picked":["Prepared","Poisoned Stab","Setup"],"picked":"SKIP","floor":14},{"not_picked":["Phantasmal Killer","Burst"],"picked":"Wraith Form v2+1","floor":16},{"not_picked":["Expertise","Dagger Spray+1","Outmaneuver+1"],"picked":"SKIP","floor":18},{"not_picked":["Deflect","Cloak And Dagger","Dagger Spray"],"picked":"SKIP","floor":19},{"not_picked":["Blade Dance","Reflex"],"picked":"Leg Sweep","floor":21}],"player_experience":121840,"relics_obtained":[{"floor":7,"key":"Vajra"},{"floor":9,"key":"Darkstone Periapt"},{"floor":10,"key":"Frozen Egg 2"},{"floor":12,"key":"Potion Belt"}],"event_choices":[{"damage_healed":0.0,"max_hp_gain":0.0,"max_hp_loss":0.0,"gold_gain":0.0,"event_name":"Liars Game","player_choice":"Ignored","floor":4.0,"gold_loss":0.0,"damage_taken":0.0},{"cards_removed":["Strike_G"],"damage_healed":0.0,"max_hp_gain":0.0,"max_hp_loss":0.0,"gold_gain":0.0,"event_name":"Golden Wing","player_choice":"Card Removal","floor":5.0,"gold_loss":0.0,"damage_taken":7.0},{"damage_healed":0,"gold_gain":0,"player_choice":"Donut","damage_taken":0,"max_hp_gain":5,"max_hp_loss":0,"event_name":"Big Fish","floor":8,"gold_loss":0},{"damage_healed":0,"gold_gain":0,"player_choice":"Bought 1 Potion","damage_taken":0,"max_hp_gain":0,"max_hp_loss":0,"event_name":"The Woman in Blue","floor":20,"gold_loss":0}],"is_beta":false,"boss_relics":[{"not_picked":["Orrery","Coffee Dripper"],"picked":"Sozu"}],"items_purged_floors":[],"is_endless":false,"potions_floor_spawned":[3,7,10,11,18,19],"killed_by":"Gremlin Leader","ascension_level":4}