{"path_per_floor":["M","?","M","$","M","M","R","E","T","M","M","M","?","M","R","B",null,"M","?","?","?","M","R","M","R","T","?","?","R","M","M","R","B",null,"M","?","?","$","M","R","$","M","T","R","T","R","M","T","R"],"character_chosen":"IRONCLAD","items_purchased":["Rampage","Inflame","Letter Opener","Bottled Lightning","Mind Blast"],"gold_per_floor":[118,193,203,58,71,85,85,118,118,136,150,166,166,181,181,278,308,323,323,323,323,341,341,361,361,361,284,284,284,294,312,312,416,416,431,731,731,238,253,253,161,178,208,208,263,263,274,351,351,351],"floor_reached":50,"campfire_rested":4,"playtime":2006,"item_purchase_floors":[4,4,38,38,41],"current_hp_per_floor":[83,72,78,78,84,79,79,69,69,61,67,58,58,43,69,33,93,92,92,92,92,93,93,86,86,86,86,86,86,82,79,93,75,93,93,93,93,93,63,90,90,93,93,93,93,93,75,75,93,0],"items_purged":[],"gold":351,"score":469,"play_id":"b6b4d84d-742f-4ecf-861a-1cb91814dd6d","local_time":"20180523111641","is_prod":false,"is_daily":false,"chose_seed":false,"is_ascension_mode":false,"campfire_upgraded":6,"win_rate":0.0,"timestamp":1527092201,"campfire_choices":[{"data":"Flex","floor":7,"key":"SMITH"},{"floor":15,"key":"REST"},{"data":"Limit Break","floor":23,"key":"SMITH"},{"data":"Rampage","floor":25,"key":"SMITH"},{"data":"J.A.X.","floor":29,"key":"SMITH"},{"floor":32,"key":"REST"},{"floor":40,"key":"REST"},{"data":"Mind Blast","floor":44,"key":"SMITH"},{"data":"Inflame","floor":46,"key":"SMITH"},{"floor":49,"key":"REST"}],"path_taken":["M","?","M","$","M","M","R","E","T","?","M","M","?","M","R","BOSS","M","?","?","?","M","R","?","R","T","?","?","R","M","M","R","BOSS","M","?","?","$","M","R","$","?","T","R","?","R","M","?","R","BOSS"],"build_version":"2018-05-22","seed_source_timestamp":35746060719993,"purchased_purges":0,"victory":false,"master_deck":["Strike_R","Strike_R","Strike_R","Strike_R","Strike_R","Defend_R","Defend_R","Defend_R","Defend_R","Rampage+1","Inflame+1","Flex+1","Clash","Anger","Limit Break+1","Headbutt","Inflame+1","Offering","Headbutt","Thunderclap+1","J.A.X.+1","Clash","Whirlwind+1","Reaper","Clash","Mind Blast+1","Anger+1"],"max_hp_per_floor":[88,88,88,88,88,88,88,88,88,88,88,88,88,88,88,88,93,93,93,93,93,93,93,93,93,93,93,93,93,93,93,93,93,93,93,93,93,93,93,93,93,93,93,93,93,93,93,93,93,93],"relics":["Burning Blood","Happy Flower","Bottled Tornado","Tiny House","Smiling Mask","Sozu","Old Coin","Letter Opener","Bottled Lightning","Tiny Chest","Potion Belt","Mercury Hourglass"],"card_choices":[{"not_picked":["Flame Barrier","Rage","Entrench"],"picked":"SKIP","floor":1},{"not_picked":["Pommel Strike","Feel No Pain","Blood for Blood"],"picked":"SKIP","floor":3},{"not_picked":["Uppercut","Infernal Blade","Twin Strike"],"picked":"SKIP","floor":5},{"not_picked":["Corruption","Reckless Charge"],"picked":"Flex","floor":6},{"not_picked":["Twin Strike","Battle Trance","Iron Wave"],"picked":"SKIP","floor":8},{"not_picked":["Pummel","Flame Barrier","Corruption"],"picked":"SKIP","floor":10},{"not_picked":["True Grit","Clothesline"],"picked":"Clash","floor":11},{"not_picked":["Pommel Strike","Second Wind","Twin Strike"],"picked":"SKIP","floor":12},{"not_picked":["True Grit","Impervious"],"picked":"Anger","floor":14},{"not_picked":["Reaper","Demon Form"],"picked":"Limit Break","floor":16},{"not_picked":["Iron Wave","Clothesline"],"picked":"Headbutt","floor":17},{"not_picked":["Shrug It Off","Headbutt"],"picked":"Inflame+1","floor":18},{"not_picked":["Shrug It Off+1","Iron Wave+1"],"picked":"Thunderclap+1","floor":22},{"not_picked":["Bludgeon","Combust","Fire Breathing"],"picked":"SKIP","floor":24},{"not_picked":["Shockwave+1","Battle Trance"],"picked":"Clash","floor":30},{"not_picked":["Thunderclap","True Grit+1"],"picked":"Whirlwind","floor":31},{"not_picked":["Impervious","Brutality"],"picked":"Reaper","floor":33},{"not_picked":["Shockwave+1","Shrug It Off"],"picked":"Clash","floor":35},{"not_picked":["Ghostly Armor","Pommel Strike+1","Perfected Strike"],"picked":"SKIP","floor":39},{"not_picked":["Shrug It Off","Uppercut+1","True Grit+1"],"picked":"SKIP","floor":42},{"not_picked":["Iron Wave","Clothesline"],"picked":"Anger+1","floor":47}],"player_experience":129826,"potions_floor_usage":[8,11,16,18,33,50],"damage_taken":[{"damage":11,"enemies":"Jaw Worm","floor":1,"turns":5},{"damage":0,"enemies":"2 Louse","floor":3,"turns":3},{"damage":0,"enemies":"Small Slimes","floor":5,"turns":3},{"damage":11,"enemies":"Exordium Thugs","floor":6,"turns":4},{"damage":16,"enemies":"Gremlin Nob","floor":8,"turns":3},{"damage":14,"enemies":"Blue Slaver","floor":10,"turns":3},{"damage":0,"enemies":"Gremlin Gang","floor":11,"turns":3},{"damage":15,"enemies":"3 Louse","floor":12,"turns":3},{"damage":21,"enemies":"Exordium Thugs","floor":14,"turns":3},{"damage":42,"enemies":"Hexaghost","floor":16,"turns":7},{"damage":7,"enemies":"Shell Parasite","floor":18,"turns":3},{"damage":0,"enemies":"Spheric Guardian","floor":22,"turns":3},{"damage":13,"enemies":"Cultist and Chosen","floor":24,"turns":4},{"damage":10,"enemies":"Centurion and Healer","floor":30,"turns":3},{"damage":9,"enemies":"Chosen and Byrds","floor":31,"turns":3},{"damage":24,"enemies":"Champ","floor":33,"turns":5},{"damage":7,"enemies":"Flame Bruiser 1 Orb","floor":35,"turns":3},{"damage":36,"enemies":"3 Shapes","floor":39,"turns":3},{"damage":23,"enemies":"Spire Growth","floor":42,"turns":3},{"damage":24,"enemies":"Flame Bruiser 2 Orb","floor":47,"turns":4},{"damage":111,"enemies":"Donu and Deca","floor":50,"turns":5}],"relics_obtained":[{"floor":8,"key":"Happy Flower"},{"floor":9,"key":"Bottled Tornado"},{"floor":26,"key":"Smiling Mask"},{"floor":43,"key":"Tiny Chest"},{"floor":45,"key":"Potion Belt"},{"floor":48,"key":"Mercury Hourglass"}],"event_choices":[{"event_name":"World of Goop","player_choice":"Gather Gold","floor":2,"damage_taken":0},{"event_name":"The Lab","player_choice":"Got Potions","floor":13,"damage_taken":0},{"event_name":"Bonfire Elementals","player_choice":"BASIC","floor":19,"damage_taken":0},{"event_name":"Match and Keep!","player_choice":"1 cards matched","floor":20,"damage_taken":0},{"event_name":"The Library","player_choice":"Read","floor":21,"damage_taken":0},{"event_name":"Drug Dealer","player_choice":"Got JAXXED","floor":27,"damage_taken":0},{"event_name":"Ghosts","player_choice":"Ignored","floor":28,"damage_taken":0},{"event_name":"Wheel of Change","player_choice":"Relic","floor":36,"damage_taken":0},{"event_name":"Upgrade Shrine","player_choice":"Upgraded","floor":37,"damage_taken":0}],"boss_relics":[{"not_picked":["Runic Dome","Runic Cube"],"picked":"Tiny House"},{"not_picked":["White Beast Statue","Calling Bell"],"picked":"Sozu"}],"items_purged_floors":[],"potions_floor_spawned":[1,6,8,10,12,16,18,30,31,35,39,42,47],"seed_played":"2071000585870463597","killed_by":"Donu and Deca","ascension_level":0,"potions_obtained":[{"floor":1,"key":"Ancient Potion"},{"floor":6,"key":"Fire Potion"},{"floor":8,"key":"Explosive Potion"},{"floor":10,"key":"FearPotion"},{"floor":12,"key":"Swift Potion"},{"floor":13,"key":"Energy Potion"},{"floor":16,"key":"Swift Potion"},{"floor":17,"key":"Explosive Potion"},{"floor":18,"key":"SpeedPotion"},{"floor":30,"key":"SkillPotion"}],"is_trial":false}