{"gold_per_floor":[115,190,145,156,173,203,219,233,233,233,289,289,364,377,377,481,481,497,497,511,94,104,104,119,119,119,218,218,236,252,119,119,119],"floor_reached":33,"playtime":3498,"items_purged":["Strike_B"],"score":249,"play_id":"71fd4638-ad32-4649-a4d5-6880e8a77f0d","local_time":"20190104191019","is_ascension_mode":false,"campfire_choices":[{"data":"Cold Snap","floor":10,"key":"SMITH"},{"data":"Cold Snap","floor":12,"key":"SMITH"},{"floor":15,"key":"REST"},{"data":"Multi-Cast","floor":23,"key":"SMITH"},{"data":"Secret Technique","floor":25,"key":"SMITH"},{"floor":32,"key":"REST"}],"neow_cost":"NONE","seed_source_timestamp":1235584593040228,"circlet_count":0,"master_deck":["Strike_B+1","Strike_B+1","Strike_B+1","Defend_B+1","Defend_B+1","Defend_B+1","Defend_B+1","Zap","Dualcast","Cold Snap+1","Coolheaded","Blizzard","Cold Snap+1","Cold Snap+1","Rebound+1","Glacier","Multi-Cast+1","Rebound+1","Zap","Conserve Battery","Tempest","Secret Technique+1","Leap+1","Redo","Melter+1","Reinforced Body"],"relics":["Cracked Core","NeowsBlessing","Molten Egg 2","Bottled Flame","Sozu","Membership Card","Happy Flower","Ginger","PreservedInsect"],"potions_floor_usage":[6,14,14,24],"damage_taken":[{"damage":0,"enemies":"2 Louse","floor":1,"turns":1},{"damage":0,"enemies":"Cultist","floor":4,"turns":1},{"damage":0,"enemies":"Small Slimes","floor":5,"turns":1},{"damage":10,"enemies":"3 Sentries","floor":6,"turns":12},{"damage":10,"enemies":"Exordium Wildlife","floor":7,"turns":4},{"damage":1,"enemies":"Red Slaver","floor":8,"turns":4},{"damage":3,"enemies":"Lots of Slimes","floor":14,"turns":3},{"damage":26,"enemies":"Hexaghost","floor":16,"turns":12},{"damage":11,"enemies":"Spheric Guardian","floor":18,"turns":4},{"damage":6,"enemies":"3 Byrds","floor":20,"turns":6},{"damage":16,"enemies":"Centurion and Healer","floor":22,"turns":6},{"damage":0,"enemies":"Snecko","floor":24,"turns":5},{"damage":11,"enemies":"3 Cultists","floor":29,"turns":7},{"damage":13,"enemies":"Snake Plant","floor":30,"turns":4},{"damage":41,"enemies":"Automaton","floor":33,"turns":10}],"seed_played":"5353602191008094461","potions_obtained":[{"floor":1,"key":"EssenceOfSteel"},{"floor":6,"key":"AttackPotion"},{"floor":8,"key":"Fire Potion"},{"floor":16,"key":"AttackPotion"}],"is_trial":false,"path_per_floor":["M","?","$","M","M","E","M","M","T","R","?","R","?","M","R","B",null,"M","?","M","$","M","R","M","R","T","?","?","M","M","$","R","B"],"character_chosen":"DEFECT","items_purchased":["Coolheaded","Membership Card","Happy Flower","Tempest","Secret Technique","PreservedInsect","Melter+1","Reinforced Body"],"campfire_rested":2,"item_purchase_floors":[3,21,21,21,21,31,31,31],"current_hp_per_floor":[75,68,68,68,68,58,48,47,47,47,47,47,36,33,55,29,75,64,64,58,58,42,42,42,42,42,42,42,31,18,18,40,0],"gold":119,"neow_bonus":"THREE_ENEMY_KILL","is_prod":false,"is_daily":false,"chose_seed":false,"campfire_upgraded":4,"win_rate":0,"timestamp":1546657819,"path_taken":["M","?","$","M","M","E","?","?","T","R","?","R","?","M","R","BOSS","M","?","?","?","M","R","M","R","T","?","?","M","M","$","R","BOSS"],"build_version":"2019-01-03v4","purchased_purges":1,"victory":false,"max_hp_per_floor":[75,75,75,75,75,75,75,75,75,75,75,75,75,75,75,75,75,75,75,75,75,75,75,75,75,75,75,75,75,75,75,75,75],"card_choices":[{"not_picked":["Barrage","Compile Driver"],"picked":"Cold Snap","floor":1},{"not_picked":["Ball Lightning","Beam Cell"],"picked":"Blizzard","floor":4},{"not_picked":["FTL","Beam Cell"],"picked":"Cold Snap","floor":5},{"not_picked":["Hologram","Lockon","Conserve Battery"],"picked":"SKIP","floor":6},{"not_picked":["Barrage+1","Biased Cognition"],"picked":"Cold Snap+1","floor":7},{"not_picked":["Conserve Battery","Stack"],"picked":"Rebound+1","floor":8},{"not_picked":["Stack","Barrage+1"],"picked":"Glacier","floor":14},{"not_picked":["All For One+1","Machine Learning"],"picked":"Multi-Cast","floor":16},{"not_picked":["BootSequence","Beam Cell+1"],"picked":"Rebound+1","floor":18},{"not_picked":["BootSequence","Self Repair","Ball Lightning+1"],"picked":"SKIP","floor":20},{"not_picked":["Darkness","Hologram","Sweeping Beam+1"],"picked":"SKIP","floor":22},{"not_picked":["Cold Snap+1","Gash+1"],"picked":"Leap+1","floor":24},{"not_picked":["Leap","Consume+1"],"picked":"Redo","floor":29},{"not_picked":["Hologram","Go for the Eyes+1","Streamline+1"],"picked":"SKIP","floor":30}],"player_experience":42957,"relics_obtained":[{"floor":6,"key":"Molten Egg 2"},{"floor":9,"key":"Bottled Flame"},{"floor":26,"key":"Ginger"}],"event_choices":[{"damage_healed":0,"gold_gain":75,"player_choice":"Touch","damage_taken":7,"max_hp_gain":0,"max_hp_loss":0,"event_name":"FaceTrader","floor":2,"gold_loss":0},{"damage_healed":0,"gold_gain":56,"player_choice":"Gained Gold","damage_taken":0,"max_hp_gain":0,"max_hp_loss":0,"event_name":"Golden Wing","floor":11,"gold_loss":0},{"damage_healed":0,"gold_gain":75,"player_choice":"Gather Gold","damage_taken":11,"max_hp_gain":0,"max_hp_loss":0,"event_name":"World of Goop","floor":13,"gold_loss":0},{"damage_healed":0,"gold_gain":0,"player_choice":"2 cards matched","damage_taken":0,"max_hp_gain":0,"max_hp_loss":0,"event_name":"Match and Keep!","floor":19,"gold_loss":0,"cards_obtained":["Zap","Conserve Battery"]},{"damage_healed":0,"gold_gain":99,"player_choice":"Stole From Cult","damage_taken":0,"max_hp_gain":0,"max_hp_loss":0,"event_name":"Nest","floor":27,"gold_loss":0},{"damage_healed":0,"gold_gain":0,"player_choice":"Simplicity","damage_taken":0,"max_hp_gain":0,"max_hp_loss":0,"event_name":"Back to Basics","floor":28,"gold_loss":0,"cards_upgraded":["Strike_B","Strike_B","Strike_B","Defend_B","Defend_B","Defend_B","Defend_B"]}],"is_beta":false,"boss_relics":[{"not_picked":["Tiny House","Cursed Key"],"picked":"Sozu"}],"items_purged_floors":[21],"is_endless":false,"potions_floor_spawned":[1,6,8,16,18,22,30],"killed_by":"Automaton","ascension_level":0}