{"gold_per_floor":[116,116,128,2,2,2,30,30,30,30,30,45,45,45,45,150,150,164,164,17,17,34,34,64,76,76,76,1,17,35,35,35,35],"floor_reached":33,"playtime":1847,"items_purged":["Doubt","Writhe"],"score":313,"play_id":"2d5160ed-8cfd-474a-b5a2-cde169b001ae","local_time":"20180629113211","is_ascension_mode":true,"campfire_choices":[{"data":"Body Slam","floor":6,"key":"SMITH"},{"floor":8,"key":"REST"},{"data":"Heavy Blade","floor":11,"key":"SMITH"},{"floor":15,"key":"REST"},{"data":"Bludgeon","floor":23,"key":"SMITH"},{"data":"Flame Barrier","floor":27,"key":"SMITH"},{"floor":32,"key":"REST"}],"neow_cost":"CURSE","seed_source_timestamp":401543728489304,"circlet_count":0,"master_deck":["Strike_R","Strike_R","Defend_R","Defend_R","Defend_R","Defend_R","Bash","Body Slam+1","Flame Barrier","Shrug It Off","Heavy Blade+1","Flex","Armaments","Whirlwind","Bludgeon+1","Flex","Flame Barrier+1","Feed","Body Slam","Armaments+1","Flame Barrier"],"relics":["Burning Blood","Thread and Needle","Dream Catcher","Bird Faced Urn","Juzu Bracelet","Sozu","Anchor","Mercury Hourglass","Bottled Flame"],"potions_floor_usage":[16],"damage_taken":[{"damage":15,"enemies":"Small Slimes","floor":1,"turns":4},{"damage":1,"enemies":"Jaw Worm","floor":3,"turns":5},{"damage":42,"enemies":"Gremlin Nob","floor":7,"turns":5},{"damage":0,"enemies":"2 Louse","floor":12,"turns":2},{"damage":52,"enemies":"The Guardian","floor":16,"turns":18},{"damage":0,"enemies":"Spheric Guardian","floor":18,"turns":3},{"damage":18,"enemies":"Shell Parasite","floor":22,"turns":5},{"damage":11,"enemies":"Book of Stabbing","floor":24,"turns":4},{"damage":9,"enemies":"Sentry and Sphere","floor":25,"turns":5},{"damage":7,"enemies":"Snake Plant","floor":29,"turns":3},{"damage":22,"enemies":"Cultist and Chosen","floor":30,"turns":5},{"damage":88,"enemies":"Champ","floor":33,"turns":12}],"seed_played":"-2423317235203469168","potions_obtained":[{"floor":7,"key":"Energy Potion"}],"is_trial":false,"path_per_floor":["M","?","M","$","?","R","E","R","T","$","R","M","T","?","R","B",null,"M","?","$","?","M","R","E","M","T","R","?","M","M","?","R"],"character_chosen":"IRONCLAD","items_purchased":["Shrug It Off","Flex"],"campfire_rested":3,"item_purchase_floors":[4,20],"current_hp_per_floor":[71,64,69,69,74,74,38,63,63,63,63,69,69,69,85,39,85,85,85,85,85,73,73,68,69,69,69,69,68,55,55,82,0],"gold":35,"neow_bonus":"ONE_RARE_RELIC","is_prod":false,"is_daily":false,"chose_seed":false,"campfire_upgraded":4,"win_rate":0,"timestamp":1530286331,"path_taken":["M","?","M","$","?","R","E","R","T","$","R","?","?","?","R","BOSS","M","?","$","?","M","R","E","M","T","R","?","M","M","?","R","BOSS"],"build_version":"2018-06-28","purchased_purges":2,"victory":false,"max_hp_per_floor":[80,80,80,80,85,85,85,85,85,85,85,85,85,85,85,85,85,85,85,85,85,85,85,85,89,89,89,89,89,92,92,92,92],"card_choices":[{"not_picked":["Armaments","Dual Wield"],"picked":"Body Slam","floor":1},{"not_picked":["Iron Wave","Perfected Strike"],"picked":"Flame Barrier","floor":3},{"not_picked":["Flex","Dual Wield"],"picked":"Heavy Blade","floor":7},{"not_picked":["Offering","Sentinel"],"picked":"Flex","floor":8},{"not_picked":["Clothesline","Havoc"],"picked":"Armaments","floor":12},{"not_picked":["Cleave","Double Tap"],"picked":"Whirlwind","floor":15},{"not_picked":["Feed","Double Tap"],"picked":"Bludgeon","floor":16},{"not_picked":["Perfected Strike","Cleave","Bloodletting"],"picked":"SKIP","floor":18},{"not_picked":["Pommel Strike","Headbutt+1","Warcry"],"picked":"SKIP","floor":22},{"not_picked":["Pommel Strike+1","Clash+1"],"picked":"Feed","floor":24},{"not_picked":["Bloodletting","Clothesline","Clash"],"picked":"SKIP","floor":25},{"not_picked":["Clash+1","Shrug It Off+1"],"picked":"Body Slam","floor":29},{"not_picked":["Second Wind+1","Perfected Strike"],"picked":"Armaments+1","floor":30},{"not_picked":["Rupture","Armaments+1"],"picked":"Flame Barrier","floor":32}],"player_experience":850901,"relics_obtained":[{"floor":7,"key":"Dream Catcher"},{"floor":9,"key":"Bird Faced Urn"},{"floor":13,"key":"Juzu Bracelet"},{"floor":24,"key":"Mercury Hourglass"},{"floor":26,"key":"Bottled Flame"}],"event_choices":[{"event_name":"Golden Wing","player_choice":"Card Removal","floor":2,"damage_taken":0},{"event_name":"Big Fish","player_choice":"Donut","floor":5,"damage_taken":0},{"event_name":"Purifier","player_choice":"One Purge","floor":14,"damage_taken":0},{"event_name":"The Mausoleum","player_choice":"Yes","floor":19,"damage_taken":0},{"event_name":"Duplicator","player_choice":"One dupe","floor":21,"damage_taken":0},{"event_name":"Beggar","player_choice":"Gave Gold","floor":28,"damage_taken":0},{"event_name":"Vampires","player_choice":"Ignored","floor":31,"damage_taken":0}],"boss_relics":[{"not_picked":["Lizard Tail","Mark of Pain"],"picked":"Sozu"}],"items_purged_floors":[4,20],"is_endless":false,"potions_floor_spawned":[7,12,18,24,29],"killed_by":"Champ","ascension_level":4}