{"path_per_floor":["M","?","?","M","$","E","M","R","T","M","R","T","$","M","R","B",null,"M","?","?","?","M"],"character_chosen":"DEFECT","items_purchased":["Cold Snap","Beam Cell","Go for the Eyes"],"gold_per_floor":[117,117,117,135,37,72,95,95,120,134,134,186,112,137,137,263,263,277,277,311,311,332,332],"floor_reached":23,"campfire_rested":1,"playtime":824,"item_purchase_floors":[5,13,13],"current_hp_per_floor":[75,75,57,57,57,57,54,75,75,74,74,74,74,63,63,31,64,39,64,27,27,19,0],"items_purged":["Defend_B"],"gold":332,"score":268,"play_id":"29bb69dc-5273-4d33-8195-3cd387ba0a8a","local_time":"20180616150005","is_prod":false,"is_daily":false,"chose_seed":false,"is_ascension_mode":true,"campfire_upgraded":2,"win_rate":0,"timestamp":1529175605,"campfire_choices":[{"floor":8,"key":"REST"},{"data":"Gash","floor":11,"key":"SMITH"},{"data":"Beam Cell","floor":15,"key":"SMITH"}],"path_taken":["M","?","?","M","$","E","M","R","T","M","R","?","$","?","R","BOSS","M","?","?","?","M","M"],"build_version":"2018-06-14v2","seed_source_timestamp":214121384950282,"purchased_purges":1,"victory":false,"master_deck":["Strike_B","Strike_B","Strike_B","Defend_B","Defend_B","Defend_B","Zap","Dualcast","Streamline","Gash+1","Cold Snap","Beam Cell","Static Discharge","Beam Cell+1","Go for the Eyes","Go for the Eyes","Creative AI","Rebound+1","Go for the Eyes+1"],"max_hp_per_floor":[75,75,75,75,75,75,75,75,75,75,75,75,75,75,75,75,75,75,75,75,75,75,75],"relics":["Cracked Core","NeowsBlessing","Golden Idol","Bag of Preparation","Dream Catcher","Potion Belt","Nuclear Battery","Red Mask"],"card_choices":[{"not_picked":["Double Energy","Compile Driver"],"picked":"Streamline","floor":1},{"not_picked":["Blizzard","Seek"],"picked":"Gash","floor":4},{"not_picked":["Chill","Hello World"],"picked":"Beam Cell","floor":6},{"not_picked":["Barrage","Coolheaded","Force Field"],"picked":"SKIP","floor":7},{"not_picked":["White Noise","Cold Snap"],"picked":"Static Discharge","floor":10},{"not_picked":["Redo","Conserve Battery"],"picked":"Go for the Eyes","floor":14},{"not_picked":["Fission","Multi-Cast"],"picked":"Creative AI","floor":16},{"not_picked":["Blizzard","Barrage","Loop"],"picked":"SKIP","floor":18},{"not_picked":["Genetic Algorithm","White Noise"],"picked":"Rebound+1","floor":20},{"not_picked":["Hologram+1","Aggregate"],"picked":"Go for the Eyes+1","floor":22}],"player_experience":603728,"potions_floor_usage":[16,18,20],"damage_taken":[{"damage":0,"enemies":"Cultist","floor":1,"turns":1},{"damage":0,"enemies":"Jaw Worm","floor":4,"turns":1},{"damage":0,"enemies":"Lagavulin","floor":6,"turns":1},{"damage":3,"enemies":"Small Slimes","floor":7,"turns":2},{"damage":1,"enemies":"Exordium Wildlife","floor":10,"turns":2},{"damage":11,"enemies":"Looter","floor":14,"turns":2},{"damage":32,"enemies":"The Guardian","floor":16,"turns":8},{"damage":25,"enemies":"Shell Parasite","floor":18,"turns":4},{"damage":37,"floor":20,"turns":3},{"damage":8,"enemies":"Spheric Guardian","floor":22,"turns":3},{"damage":26,"enemies":"3 Cultists","floor":23,"turns":3}],"relics_obtained":[{"floor":6,"key":"Bag of Preparation"},{"floor":9,"key":"Dream Catcher"},{"floor":12,"key":"Potion Belt"},{"floor":20,"key":"Red Mask"}],"event_choices":[{"event_name":"Living Wall","player_choice":"Forget","floor":2,"damage_taken":0},{"event_name":"Golden Idol","player_choice":"Take Damage","floor":3,"damage_taken":0},{"event_name":"The Library","player_choice":"Heal","floor":19,"damage_taken":0},{"event_name":"Masked Bandits","player_choice":"Fought over 277 gold","floor":20,"damage_taken":0},{"event_name":"Ghosts","player_choice":"Ignored","floor":21,"damage_taken":0}],"boss_relics":[{"not_picked":["Black Star","Philosopher\u0027s Stone"],"picked":"Nuclear Battery"}],"items_purged_floors":[5],"is_endless":false,"potions_floor_spawned":[1,7,16],"seed_played":"-9136262570377781225","killed_by":"3 Cultists","ascension_level":5,"potions_obtained":[{"floor":1,"key":"AttackPotion"},{"floor":7,"key":"Energy Potion"},{"floor":16,"key":"LiquidBronze"}],"is_trial":false}