{"gold_per_floor":[113,113,63,15,15,15,47,47,71,71,105,128,155,193,205,294,306,338,350,362,385,29,29,45,45],"floor_reached":25,"playtime":852,"items_purged":["Strike_R"],"score":355,"play_id":"057ffe4b-8876-4389-b958-cbcd7f47430b","local_time":"20190114151545","is_ascension_mode":true,"campfire_choices":[{"data":"Bash","floor":6,"key":"SMITH"},{"floor":8,"key":"REST"},{"data":"Limit Break","floor":10,"key":"SMITH"},{"floor":15,"key":"REST"},{"floor":23,"key":"REST"}],"neow_cost":"NONE","seed_source_timestamp":474100871161105,"circlet_count":0,"master_deck":["AscendersBane","Strike_R","Defend_R","Defend_R","Defend_R","Defend_R","Bash+1","Twin Strike","Cleave","Limit Break+1","Uppercut","Iron Wave","Dark Embrace","Offering","Ghostly Armor","Shrug It Off"],"relics":["Black Blood","Oddly Smooth Stone","Vajra","Regal Pillow","Bag of Marbles","MawBank","Art of War","Shuriken"],"potions_floor_usage":[11,16,24],"damage_taken":[{"damage":1,"enemies":"Jaw Worm","floor":1,"turns":5},{"damage":48,"enemies":"Lagavulin","floor":7,"turns":6},{"damage":26,"enemies":"Gremlin Nob","floor":11,"turns":4},{"damage":8,"enemies":"2 Louse","floor":13,"turns":3},{"damage":22,"enemies":"3 Sentries","floor":14,"turns":7},{"damage":24,"enemies":"Hexaghost","floor":16,"turns":8},{"damage":44,"enemies":"2 Thieves","floor":18,"turns":4},{"damage":57,"enemies":"3 Byrds","floor":21,"turns":6},{"damage":27,"enemies":"Snecko","floor":24,"turns":5},{"damage":39,"enemies":"Shelled Parasite and Fungi","floor":25,"turns":4}],"seed_played":"-5938480403993515224","potions_obtained":[{"floor":7,"key":"PowerPotion"},{"floor":14,"key":"PowerPotion"},{"floor":21,"key":"Poison Potion"}],"is_trial":false,"path_per_floor":["M","?","?","$","?","R","E","R","T","R","E","T","M","E","R","B",null,"M","?","?","M","$","R","M","M"],"character_chosen":"IRONCLAD","items_purchased":["Cleave","Shuriken","Ghostly Armor"],"campfire_rested":3,"item_purchase_floors":[4,22,22],"current_hp_per_floor":[77,70,70,70,70,70,28,52,52,52,32,32,30,14,53,35,69,35,35,61,14,14,53,36,0],"gold":45,"neow_bonus":"RANDOM_COMMON_RELIC","is_prod":false,"is_daily":false,"chose_seed":false,"campfire_upgraded":2,"win_rate":0,"timestamp":1547496945,"path_taken":["M","?","?","$","?","R","E","R","T","R","E","?","M","E","R","BOSS","M","?","?","M","$","R","M","M"],"build_version":"2019-01-10","purchased_purges":1,"victory":false,"max_hp_per_floor":[80,80,80,80,80,80,80,80,80,80,80,80,80,80,80,80,80,80,80,80,80,80,80,80,80],"card_choices":[{"not_picked":["Combust","Wild Strike"],"picked":"Twin Strike","floor":1},{"not_picked":["Reckless Charge","Dark Embrace"],"picked":"Limit Break","floor":7},{"not_picked":["Perfected Strike","Cleave"],"picked":"Uppercut","floor":11},{"not_picked":["Wild Strike","Body Slam"],"picked":"Iron Wave","floor":13},{"not_picked":["Wild Strike","Bloodletting"],"picked":"Dark Embrace","floor":14},{"not_picked":["Berserk","Fiend Fire"],"picked":"Offering","floor":16},{"not_picked":["Body Slam","Carnage","Burning Pact"],"picked":"SKIP","floor":18},{"not_picked":["Second Wind","Perfected Strike","Clash"],"picked":"SKIP","floor":21},{"not_picked":["Evolve+1","Cleave+1"],"picked":"Shrug It Off","floor":24}],"player_experience":2117697,"relics_obtained":[{"floor":7,"key":"Vajra"},{"floor":9,"key":"Regal Pillow"},{"floor":11,"key":"Bag of Marbles"},{"floor":12,"key":"MawBank"},{"floor":14,"key":"Art of War"}],"event_choices":[{"cards_removed":["Strike_R"],"damage_healed":0,"gold_gain":0,"player_choice":"Card Removal","damage_taken":7,"max_hp_gain":0,"max_hp_loss":0,"event_name":"Golden Wing","floor":2,"gold_loss":0},{"cards_removed":["Strike_R"],"damage_healed":0,"gold_gain":0,"player_choice":"Card Removal","damage_taken":0,"max_hp_gain":0,"max_hp_loss":0,"event_name":"The Cleric","floor":3,"gold_loss":50},{"cards_removed":["Strike_R"],"damage_healed":0,"gold_gain":0,"player_choice":"Forget","damage_taken":0,"max_hp_gain":0,"max_hp_loss":0,"event_name":"Living Wall","floor":5,"gold_loss":0},{"damage_healed":0,"gold_gain":0,"player_choice":"Ignored","damage_taken":0,"max_hp_gain":0,"max_hp_loss":0,"event_name":"Vampires","floor":19,"gold_loss":0},{"damage_healed":26,"gold_gain":0,"player_choice":"Heal","damage_taken":0,"max_hp_gain":0,"max_hp_loss":0,"event_name":"The Library","floor":20,"gold_loss":0}],"is_beta":false,"boss_relics":[{"not_picked":["Eternal Feather","Velvet Choker"],"picked":"Black Blood"}],"items_purged_floors":[22],"is_endless":false,"potions_floor_spawned":[7,14,21],"killed_by":"Shelled Parasite and Fungi","ascension_level":13}