{"gold_per_floor":[218,218,133,98,72,72,97,97,97,97,108,108,122,154,154,230,230,242,22,22,41,54,54,54,69,69,69,81,81,81,97,97,176,176,192,192,192,204,218,218,244,22,22,22,35,61,61,61,61,61],"floor_reached":51,"playtime":1985,"items_purged":[],"score":1364,"play_id":"fdd059d0-90c7-4315-83f4-0d9e0c4a72ee","local_time":"20190215143734","is_ascension_mode":true,"campfire_choices":[{"data":"Bludgeon","floor":6,"key":"SMITH"},{"data":"True Grit","floor":10,"key":"SMITH"},{"data":"Bash","floor":12,"key":"SMITH"},{"data":"Flame Barrier","floor":15,"key":"SMITH"},{"data":"Searing Blow","floor":23,"key":"SMITH"},{"data":"Searing Blow+1","floor":27,"key":"SMITH"},{"data":"Searing Blow+2","floor":29,"key":"SMITH"},{"floor":32,"key":"REST"},{"data":"Searing Blow+3","floor":40,"key":"SMITH"},{"data":"Searing Blow+4","floor":44,"key":"SMITH"},{"data":"Searing Blow+5","floor":47,"key":"SMITH"},{"data":"Searing Blow+6","floor":49,"key":"SMITH"}],"neow_cost":"NONE","seed_source_timestamp":124851441235826,"circlet_count":0,"master_deck":["AscendersBane","Strike_R","Defend_R","Defend_R","Defend_R","Defend_R","Bash+1","Flame Barrier+1","Bludgeon+1","True Grit+1","Impervious","Dropkick","Dark Embrace","Shrug It Off+1","Searing Blow+7","Spot Weakness","Berserk","Fiend Fire","Uppercut","Dual Wield+1","Immolate","Evolve+1"],"relics":["Burning Blood","Gremlin Horn","The Courier","Mercury Hourglass","Snecko Eye","Self Forming Clay","Dream Catcher","Mark of Pain","Regal Pillow","Shuriken","Paper Frog","Oddly Smooth Stone"],"potions_floor_usage":[14,16,28,33,33,41],"damage_taken":[{"damage":21,"enemies":"Jaw Worm","floor":1,"turns":5},{"damage":32,"enemies":"Gremlin Nob","floor":7,"turns":4},{"damage":0,"enemies":"2 Louse","floor":11,"turns":3},{"damage":1,"enemies":"Small Slimes","floor":13,"turns":2},{"damage":5,"enemies":"3 Sentries","floor":14,"turns":5},{"damage":25,"enemies":"The Guardian","floor":16,"turns":14},{"damage":2,"enemies":"3 Byrds","floor":18,"turns":3},{"damage":9,"enemies":"Shell Parasite","floor":21,"turns":4},{"damage":0,"enemies":"3 Cultists","floor":22,"turns":4},{"damage":8,"enemies":"Snake Plant","floor":25,"turns":3},{"damage":2,"enemies":"Cultist and Chosen","floor":28,"turns":4},{"damage":35,"enemies":"Colosseum Slavers","floor":30,"turns":4},{"damage":11,"enemies":"Shelled Parasite and Fungi","floor":31,"turns":3},{"damage":28,"enemies":"Collector","floor":33,"turns":8},{"damage":3,"enemies":"Orb Walker","floor":35,"turns":2},{"damage":22,"enemies":"3 Darklings","floor":38,"turns":4},{"damage":0,"enemies":"Jaw Worm Horde","floor":39,"turns":3},{"damage":19,"enemies":"Reptomancer","floor":41,"turns":5},{"damage":0,"enemies":"Transient","floor":45,"turns":6},{"damage":37,"enemies":"Awakened One","floor":50,"turns":6}],"seed_played":"618941318561953077","potions_obtained":[{"floor":7,"key":"Fire Potion"},{"floor":11,"key":"Weak Potion"},{"floor":18,"key":"EssenceOfSteel"},{"floor":22,"key":"Energy Potion"},{"floor":31,"key":"Block Potion"},{"floor":35,"key":"SpeedPotion"},{"floor":38,"key":"Explosive Potion"}],"is_trial":false,"path_per_floor":["M","?","$","?","$","R","E","?","T","R","M","R","M","E","R","B",null,"M","$","?","M","M","R","?","M","T","R","M","R","?","M","R","B",null,"M","?","?","M","M","R","E","$","T","R","M","T","R","?","R","B",null],"character_chosen":"IRONCLAD","items_purchased":["Bludgeon","True Grit","Self Forming Clay","Shuriken"],"campfire_rested":1,"item_purchase_floors":[3,5,19,42],"current_hp_per_floor":[53,46,46,64,64,64,38,63,63,63,69,69,74,75,75,56,70,74,74,74,71,75,75,75,73,73,73,75,75,46,41,63,41,67,70,70,70,54,60,60,47,47,47,47,53,53,53,53,53,22],"gold":61,"neow_bonus":"HUNDRED_GOLD","is_prod":false,"is_daily":false,"chose_seed":false,"campfire_upgraded":11,"win_rate":0,"timestamp":1550259454,"path_taken":["M","?","$","?","?","R","E","?","T","R","M","R","M","E","R","BOSS","M","$","?","M","M","R","?","M","T","R","?","R","?","M","R","BOSS","M","?","?","M","M","R","E","$","T","R","M","?","R","?","R","BOSS"],"build_version":"2019-01-23","purchased_purges":0,"victory":true,"max_hp_per_floor":[75,75,75,75,75,75,75,75,75,75,75,75,75,75,75,75,75,75,75,75,75,75,75,75,75,75,75,75,75,75,75,75,75,75,75,71,71,71,71,71,71,71,71,71,71,71,71,71,71,71],"card_choices":[{"not_picked":["Havoc","Body Slam"],"picked":"Flame Barrier","floor":1},{"not_picked":["Dual Wield","Inflame"],"picked":"Impervious","floor":7},{"not_picked":["Carnage","Perfected Strike","Havoc"],"picked":"SKIP","floor":11},{"not_picked":["Blood for Blood","Headbutt","Second Wind"],"picked":"SKIP","floor":13},{"not_picked":["Fire Breathing","Anger"],"picked":"Dropkick","floor":14},{"not_picked":["Double Tap","Brutality"],"picked":"Dark Embrace","floor":16},{"not_picked":["Ghostly Armor","Thunderclap"],"picked":"Shrug It Off+1","floor":18},{"not_picked":["True Grit","Armaments"],"picked":"Searing Blow","floor":21},{"not_picked":["Pommel Strike","True Grit","Wild Strike"],"picked":"SKIP","floor":22},{"not_picked":["Armaments","Body Slam"],"picked":"Fiend Fire","floor":25},{"not_picked":["Shockwave","Sword Boomerang"],"picked":"Uppercut","floor":28},{"not_picked":["Hemokinesis","Twin Strike","Spot Weakness"],"picked":"SKIP","floor":31},{"not_picked":["Anger","Havoc"],"picked":"Dual Wield+1","floor":32},{"not_picked":["Exhume","Feed"],"picked":"Immolate","floor":33},{"not_picked":["Sword Boomerang","Twin Strike","True Grit"],"picked":"SKIP","floor":35},{"not_picked":["Clash","Warcry","Perfected Strike"],"picked":"SKIP","floor":38},{"not_picked":["Whirlwind","Thunderclap+1","Wild Strike"],"picked":"SKIP","floor":39},{"not_picked":["Twin Strike","Shrug It Off+1"],"picked":"Evolve+1","floor":41},{"not_picked":["Sword Boomerang+1","Shrug It Off","Bloodletting"],"picked":"SKIP","floor":45}],"player_experience":2444542,"relics_obtained":[{"floor":7,"key":"Gremlin Horn"},{"floor":9,"key":"The Courier"},{"floor":14,"key":"Mercury Hourglass"},{"floor":26,"key":"Dream Catcher"},{"floor":41,"key":"Regal Pillow"},{"floor":43,"key":"Paper Frog"},{"floor":46,"key":"Oddly Smooth Stone"}],"event_choices":[{"cards_removed":["Strike_R"],"damage_healed":0,"gold_gain":0,"player_choice":"Card Removal","damage_taken":7,"max_hp_gain":0,"max_hp_loss":0,"event_name":"Golden Wing","floor":2,"gold_loss":0},{"damage_healed":18,"gold_gain":0,"player_choice":"Healed","damage_taken":0,"max_hp_gain":0,"max_hp_loss":0,"event_name":"The Cleric","floor":4,"gold_loss":35},{"damage_healed":25,"gold_gain":0,"player_choice":"Banana","damage_taken":0,"max_hp_gain":0,"max_hp_loss":0,"event_name":"Big Fish","floor":8,"gold_loss":0},{"damage_healed":0,"gold_gain":0,"player_choice":"Ignored","damage_taken":0,"max_hp_gain":0,"max_hp_loss":0,"event_name":"Ghosts","floor":20,"gold_loss":0},{"damage_healed":0,"gold_gain":0,"cards_transformed":["Strike_R","Strike_R"],"player_choice":"Became Test Subject","damage_taken":0,"max_hp_gain":0,"max_hp_loss":0,"event_name":"Drug Dealer","floor":24,"gold_loss":0,"cards_obtained":["Spot Weakness","Berserk"]},{"damage_healed":0,"gold_gain":0,"player_choice":"Fight","damage_taken":0,"max_hp_gain":0,"max_hp_loss":0,"event_name":"Colosseum","floor":30,"gold_loss":0},{"damage_healed":0,"gold_gain":0,"player_choice":"Fled From Nobs","damage_taken":0,"max_hp_gain":0,"max_hp_loss":0,"event_name":"Colosseum","floor":30,"gold_loss":0},{"damage_healed":0,"gold_gain":0,"player_choice":"Max HP","damage_taken":0,"max_hp_gain":0,"max_hp_loss":4,"event_name":"Winding Halls","floor":36,"gold_loss":0},{"cards_removed":["Strike_R"],"damage_healed":0,"gold_gain":0,"player_choice":"Removed Attack","damage_taken":0,"max_hp_gain":0,"max_hp_loss":0,"event_name":"Falling","floor":37,"gold_loss":0},{"damage_healed":0,"gold_gain":0,"player_choice":"Ignored","damage_taken":0,"max_hp_gain":0,"max_hp_loss":0,"event_name":"SecretPortal","floor":48,"gold_loss":0}],"is_beta":false,"boss_relics":[{"not_picked":["Black Blood","Runic Cube"],"picked":"Snecko Eye"},{"not_picked":["Calling Bell","Runic Pyramid"],"picked":"Mark of Pain"}],"items_purged_floors":[],"is_endless":false,"potions_floor_spawned":[7,11,13,18,22,25,30,31,35,38],"ascension_level":17}