{"path_per_floor":["M","M","M","M","?","E","$","R","T","M","?","$","R","M","R","B",null,"M","M","M","M","M","R","E","R","T","R","M","R","$","M","R","B",null,"M","?","?","?","M","E","R","M","T","E","M","?","M","M","R"],"character_chosen":"IRONCLAD","items_purchased":["Inflame"],"gold_per_floor":[13,29,44,55,55,84,9,9,57,72,72,3,3,18,18,148,148,133,133,133,133,133,133,133,133,133,133,133,133,33,33,33,33,33,33,33,33,33,33,33,33,33,33,33,33,33,33,33,33,33],"floor_reached":50,"campfire_rested":4,"playtime":4964,"item_purchase_floors":[],"current_hp_per_floor":[80,75,79,79,79,76,76,76,76,80,60,60,60,56,56,51,73,73,60,58,57,30,54,33,33,33,33,39,39,39,29,53,30,68,47,47,47,37,59,22,46,80,80,82,29,29,39,9,35,0],"items_purged":["Strike_R","Strike_R"],"gold":33,"score":691,"play_id":"6de87300-547d-4b79-aa72-7a28143e24e1","local_time":"20180626143408","is_prod":false,"is_daily":false,"chose_seed":false,"is_ascension_mode":true,"campfire_upgraded":6,"win_rate":0,"timestamp":1530016448,"campfire_choices":[{"data":"Spot Weakness","floor":8.0,"key":"SMITH"},{"data":"Body Slam","floor":13.0,"key":"SMITH"},{"data":"Inflame","floor":15.0,"key":"SMITH"},{"floor":23.0,"key":"REST"},{"data":"Flex","floor":25.0,"key":"SMITH"},{"data":"Heavy Blade","floor":27.0,"key":"SMITH"},{"data":"Inflame","floor":29.0,"key":"SMITH"},{"floor":32.0,"key":"REST"},{"floor":41,"key":"REST"},{"floor":49,"key":"REST"}],"path_taken":["M","M","M","?","?","E","$","R","T","?","?","?","R","M","R","BOSS","M","M","M","M","M","R","E","R","T","R","M","R","$","?","R","BOSS","M","?","?","?","M","E","R","M","T","E","?","?","M","?","R","BOSS"],"build_version":"2018-06-21","seed_source_timestamp":336148233726533,"purchased_purges":2,"circlet_count":0,"victory":false,"master_deck":["Strike_R","Defend_R","Defend_R","Defend_R","Defend_R","Bash","Spot Weakness+1","Heavy Blade+1","Armaments+1","Flex+1","Body Slam+1","Inflame+1","Double Tap","Shrug It Off","Flex+1","Reaper","Ghostly Armor","Pummel","Pommel Strike+1","Inflame+1","Limit Break","Heavy Blade","Madness","Madness","Intimidate+1","Feed","Twin Strike+1","Cleave+1","Thunderclap"],"max_hp_per_floor":[80,80,80,80,80,80,80,80,80,80,80,80,80,80,80,80,80,80,80,80,80,80,80,80,80,80,80,80,80,80,80,80,80,80,80,80,80,80,80,82,82,82,82,82,82,82,86,88,88,88],"special_seed":0,"relics":["Burning Blood","Dodecahedron","Happy Flower","Golden Idol","Ectoplasm","Potion Belt","Singing Bowl","White Beast Statue","Ornamental Fan","Anchor","Shuriken"],"card_choices":[{"not_picked":["Heavy Blade","Headbutt"],"picked":"Spot Weakness","floor":1.0},{"not_picked":["Entrench","Feel No Pain"],"picked":"Heavy Blade","floor":2.0},{"not_picked":["Anger","Reckless Charge"],"picked":"Armaments","floor":3.0},{"not_picked":["Carnage","Twin Strike"],"picked":"Flex","floor":4.0},{"not_picked":["Rampage","Perfected Strike","Wild Strike"],"picked":"SKIP","floor":6.0},{"not_picked":["Clothesline","Second Wind"],"picked":"Body Slam","floor":10.0},{"not_picked":["Wild Strike","Perfected Strike","Clothesline"],"picked":"SKIP","floor":14.0},{"not_picked":["Feed","Reaper"],"picked":"Double Tap","floor":16.0},{"not_picked":["Pommel Strike","Cleave+1"],"picked":"Shrug It Off","floor":18.0},{"not_picked":["Thunderclap+1","Clothesline"],"picked":"Flex+1","floor":19.0},{"not_picked":["Twin Strike+1","Perfected Strike"],"picked":"Reaper","floor":20.0},{"not_picked":["Clash","True Grit"],"picked":"Ghostly Armor","floor":21.0},{"not_picked":["Hemokinesis","Perfected Strike"],"picked":"Pummel","floor":22.0},{"not_picked":["Headbutt","Offering"],"picked":"Pommel Strike+1","floor":24.0},{"not_picked":["Blood for Blood","Clash+1"],"picked":"Inflame","floor":28.0},{"not_picked":["Armaments","Rampage"],"picked":"Twin Strike+1","floor":31.0},{"not_picked":["Feed","Double Tap"],"picked":"Limit Break","floor":33.0},{"not_picked":["Sword Boomerang+1","Havoc+1"],"picked":"Heavy Blade","floor":35},{"not_picked":["Warcry+1","Second Wind+1"],"picked":"Intimidate+1","floor":39},{"not_picked":["True Grit","Clash","Searing Blow+1"],"picked":"Singing Bowl","floor":40},{"not_picked":["Reckless Charge+1","Sword Boomerang+1"],"picked":"Feed","floor":42},{"not_picked":["Iron Wave","Feed"],"picked":"Twin Strike+1","floor":44},{"not_picked":["Inflame","Combust"],"picked":"Cleave+1","floor":45},{"not_picked":["Seeing Red+1","Shrug It Off+1"],"picked":"Thunderclap","floor":47},{"not_picked":["Flex","True Grit+1","Perfected Strike"],"picked":"Singing Bowl","floor":48}],"player_experience":162783,"potions_floor_usage":[39,39,39,40,44,45,48,50,50,50,50,50],"damage_taken":[{"damage":6.0,"enemies":"Cultist","floor":1.0,"turns":4.0},{"damage":11.0,"enemies":"Small Slimes","floor":2.0,"turns":4.0},{"damage":2.0,"enemies":"Jaw Worm","floor":3.0,"turns":3.0},{"damage":6.0,"enemies":"Looter","floor":4.0,"turns":4.0},{"damage":9.0,"enemies":"3 Sentries","floor":6.0,"turns":5.0},{"damage":0.0,"enemies":"Exordium Thugs","floor":10.0,"turns":4.0},{"damage":10.0,"enemies":"3 Louse","floor":14.0,"turns":3.0},{"damage":11.0,"enemies":"The Guardian","floor":16.0,"turns":8.0},{"damage":6.0,"enemies":"2 Thieves","floor":18.0,"turns":2.0},{"damage":19.0,"enemies":"Spheric Guardian","floor":19.0,"turns":4.0},{"damage":8.0,"enemies":"3 Cultists","floor":20.0,"turns":6.0},{"damage":25.0,"enemies":"Cultist and Chosen","floor":21.0,"turns":7.0},{"damage":41.0,"enemies":"Centurion and Healer","floor":22.0,"turns":5.0},{"damage":49.0,"enemies":"Slavers","floor":24.0,"turns":7.0},{"damage":0.0,"enemies":"Snake Plant","floor":28.0,"turns":2.0},{"damage":16.0,"enemies":"Sentry and Sphere","floor":31.0,"turns":6.0},{"damage":50.0,"enemies":"Collector","floor":33.0,"turns":8.0},{"damage":39,"enemies":"3 Darklings","floor":35,"turns":6},{"damage":28,"enemies":"Flame Bruiser 1 Orb","floor":39,"turns":7},{"damage":108,"enemies":"Giant Head","floor":40,"turns":8},{"damage":2,"enemies":"Maw","floor":42,"turns":7},{"damage":28,"enemies":"Nemesis","floor":44,"turns":7},{"damage":59,"enemies":"Sphere and 2 Shapes","floor":45,"turns":6},{"damage":0,"enemies":"4 Shapes","floor":47,"turns":4},{"damage":46,"enemies":"Transient","floor":48,"turns":5},{"damage":80,"enemies":"Time Eater","floor":50,"turns":5}],"relics_obtained":[{"floor":6.0,"key":"Dodecahedron"},{"floor":9.0,"key":"Happy Flower"},{"floor":24.0,"key":"Potion Belt"},{"floor":26.0,"key":"Singing Bowl"},{"floor":40,"key":"Ornamental Fan"},{"floor":43,"key":"Anchor"},{"floor":44,"key":"Shuriken"}],"event_choices":[{"event_name":"Living Wall","player_choice":"Grow","floor":5.0,"damage_taken":0.0},{"event_name":"Golden Idol","player_choice":"Take Damage","floor":11.0,"damage_taken":0.0},{"event_name":"The Lab","player_choice":"Got Potions","floor":36,"damage_taken":0},{"event_name":"Falling","player_choice":"Removed Attack","floor":37,"damage_taken":0},{"event_name":"Winding Halls","player_choice":"Embrace Madness","floor":38,"damage_taken":0},{"event_name":"Mysterious Sphere","player_choice":"Ignore","floor":46,"damage_taken":0}],"boss_relics":[{"not_picked":["Runic Dome","Philosopher\u0027s Stone"],"picked":"Ectoplasm"},{"not_picked":["Runic Cube","Calling Bell"],"picked":"White Beast Statue"}],"items_purged_floors":[],"is_endless":false,"potions_floor_spawned":[2,4,10,14,16,24,28,33,35,39,40,42,44,45,47,48],"seed_played":"7170440604419965821","killed_by":"Time Eater","ascension_level":5,"potions_obtained":[{"floor":2.0,"key":"SkillPotion"},{"floor":4.0,"key":"Explosive Potion"},{"floor":10.0,"key":"Swift Potion"},{"floor":14.0,"key":"BloodPotion"},{"floor":16.0,"key":"Swift Potion"},{"floor":24.0,"key":"Block Potion"},{"floor":28.0,"key":"SpeedPotion"},{"floor":33.0,"key":"LiquidBronze"},{"floor":35,"key":"Swift Potion"},{"floor":36,"key":"PowerPotion"},{"floor":39,"key":"BloodPotion"},{"floor":40,"key":"SpeedPotion"},{"floor":42,"key":"BloodPotion"},{"floor":44,"key":"Swift Potion"},{"floor":45,"key":"Ancient Potion"},{"floor":47,"key":"BloodPotion"},{"floor":48,"key":"Regen Potion"}],"is_trial":false}