{"gold_per_floor":[109,84,84,97,61,61,94,94,118,118,135,135,147,211,211,286,286,299,299,5,5,25,25,40,40,40,54,54],"floor_reached":28,"playtime":1426,"items_purged":[],"score":378,"play_id":"da9b9148-a5c1-47d5-903b-a31881c2ff6f","local_time":"20181022122643","is_ascension_mode":true,"campfire_choices":[{"data":"Zap","floor":6,"key":"SMITH"},{"floor":8,"key":"REST"},{"data":"Leap","floor":10,"key":"SMITH"},{"data":"Ball Lightning","floor":12,"key":"SMITH"},{"floor":15,"key":"REST"},{"data":"Redo","floor":23,"key":"SMITH"}],"neow_cost":"NONE","seed_source_timestamp":1068155478757878,"circlet_count":0,"master_deck":["Strike_B","Strike_B","Strike_B","Defend_B","Defend_B","Defend_B","Defend_B","Zap+1","Dualcast","AscendersBane","Blizzard","Leap+1","BootSequence","Melter","Skim","Ball Lightning+1","Go for the Eyes","Buffer","Cold Snap","Leap","Redo","Redo+1","BootSequence","Leap","Coolheaded","Go for the Eyes","Buffer"],"relics":["Inserter","Omamori","Bag of Preparation","Orrery","Incense Burner","MutagenicStrength","Pantograph"],"potions_floor_usage":[4,22],"damage_taken":[{"damage":3,"enemies":"2 Louse","floor":1,"turns":4},{"damage":3,"enemies":"Small Slimes","floor":4,"turns":4},{"damage":46,"enemies":"3 Sentries","floor":7,"turns":10},{"damage":2,"enemies":"Jaw Worm","floor":11,"turns":4},{"damage":3,"enemies":"Large Slime","floor":13,"turns":6},{"damage":35,"enemies":"The Guardian","floor":16,"turns":12},{"damage":0,"enemies":"Chosen","floor":18,"turns":8},{"damage":11,"enemies":"2 Thieves","floor":22,"turns":5},{"damage":25,"enemies":"Centurion and Healer","floor":24,"turns":11},{"damage":11,"enemies":"Snake Plant","floor":27,"turns":7},{"damage":10,"enemies":"Shelled Parasite and Fungi","floor":28,"turns":2}],"seed_played":"-7415758014045128564","potions_obtained":[{"floor":1,"key":"AttackPotion"},{"floor":18,"key":"SkillPotion"}],"is_trial":false,"path_per_floor":["M","$","?","M","$","R","E","R","T","R","M","R","M","?","R","B",null,"M","?","$","?","M","R","M","?","T","M"],"character_chosen":"DEFECT","items_purchased":["Leap","Melter","Incense Burner"],"campfire_rested":2,"item_purchase_floors":[2,5,20],"current_hp_per_floor":[61,61,61,58,58,58,12,33,33,33,31,31,28,28,49,14,57,57,57,57,57,46,46,21,21,21,10,0],"gold":54,"neow_bonus":"BOSS_RELIC","is_prod":false,"is_daily":false,"chose_seed":false,"campfire_upgraded":4,"win_rate":0,"timestamp":1540225603,"path_taken":["M","$","?","M","$","R","E","R","T","R","M","R","M","?","R","BOSS","M","?","$","?","M","R","M","?","T","M","M"],"build_version":"2018-10-18","purchased_purges":0,"victory":false,"max_hp_per_floor":[71,71,71,71,71,71,71,71,71,71,71,71,71,71,71,71,71,71,71,71,71,71,71,71,71,71,71,71],"card_choices":[{"not_picked":["Fusion","Tempest"],"picked":"Blizzard","floor":1},{"not_picked":["Stack","Barrage"],"picked":"BootSequence","floor":4},{"not_picked":["Meteor Strike","Turbo"],"picked":"Skim","floor":7},{"not_picked":["Stack","Go for the Eyes"],"picked":"Ball Lightning","floor":11},{"not_picked":["Gash","Streamline"],"picked":"Go for the Eyes","floor":13},{"not_picked":["All For One","Fission"],"picked":"Buffer","floor":16},{"not_picked":["Hologram","Streamline"],"picked":"Cold Snap","floor":17},{"not_picked":["Static Discharge","Lockon"],"picked":"Leap","floor":17},{"not_picked":["Heatsinks","Darkness"],"picked":"Redo","floor":17},{"not_picked":["Gash","Sweeping Beam"],"picked":"Redo","floor":17},{"not_picked":["Turbo","Ball Lightning"],"picked":"BootSequence","floor":17},{"not_picked":["Turbo","Reinforced Body","Sweeping Beam"],"picked":"SKIP","floor":18},{"not_picked":["Hello World","Self Repair"],"picked":"Leap","floor":22},{"not_picked":["FTL","Steam"],"picked":"Coolheaded","floor":24},{"not_picked":["Heatsinks","Steam Power+1"],"picked":"Buffer","floor":27}],"player_experience":1556066,"relics_obtained":[{"floor":7,"key":"Omamori"},{"floor":9,"key":"Bag of Preparation"},{"floor":26,"key":"Pantograph"}],"event_choices":[{"damage_healed":0,"gold_gain":0,"player_choice":"Ignored","damage_taken":0,"max_hp_gain":0,"max_hp_loss":0,"event_name":"Shining Light","floor":3,"gold_loss":0},{"damage_healed":0,"gold_gain":64,"player_choice":"Gained Gold","damage_taken":0,"max_hp_gain":0,"max_hp_loss":0,"event_name":"Golden Wing","floor":14,"gold_loss":0},{"cards_removed":["Strike_B"],"damage_healed":0,"gold_gain":0,"player_choice":"Purged","damage_taken":0,"max_hp_gain":0,"max_hp_loss":0,"event_name":"Purifier","floor":19,"gold_loss":0},{"damage_healed":0,"gold_gain":0,"player_choice":"Inject Mutagens","damage_taken":0,"relics_obtained":["MutagenicStrength"],"max_hp_gain":0,"max_hp_loss":0,"event_name":"Drug Dealer","floor":21,"gold_loss":0},{"damage_healed":0,"gold_gain":0,"player_choice":"1 cards matched","damage_taken":0,"max_hp_gain":0,"max_hp_loss":0,"event_name":"Match and Keep!","floor":25,"gold_loss":0,"cards_obtained":["Go for the Eyes"]}],"is_beta":false,"boss_relics":[{"not_picked":["Black Star","Velvet Choker"],"picked":"Orrery"}],"items_purged_floors":[],"is_endless":false,"potions_floor_spawned":[1,18],"killed_by":"Shelled Parasite and Fungi","ascension_level":15}