{"gold_per_floor":[115,129,147,147,166,166,191,191,218,218,237,256,256,271,271,271],"floor_reached":16,"playtime":683,"items_purged":[],"score":130,"play_id":"1aa2d0eb-9054-45d6-a34e-80d20785842a","local_time":"20180703231826","is_ascension_mode":true,"campfire_choices":[{"data":"Bash","floor":6,"key":"SMITH"},{"floor":8,"key":"REST"},{"floor":15,"key":"REST"}],"neow_cost":"NONE","seed_source_timestamp":8259793731870,"circlet_count":0,"master_deck":["Strike_R","Strike_R","Strike_R","Strike_R","Defend_R","Defend_R","Defend_R","Defend_R","Bash+1","Burning Pact","Headbutt","Armaments","Heavy Blade","Fiend Fire","Pommel Strike","Intimidate","Thunderclap"],"relics":["Burning Blood","Blood Vial","Dream Catcher","Bronze Scales","Ornamental Fan"],"potions_floor_usage":[7],"damage_taken":[{"damage":10,"enemies":"2 Louse","floor":1,"turns":4},{"damage":0,"enemies":"Small Slimes","floor":2,"turns":3},{"damage":2,"enemies":"Jaw Worm","floor":3,"turns":5},{"damage":22,"enemies":"Looter","floor":5,"turns":3},{"damage":24,"enemies":"Gremlin Nob","floor":7,"turns":4},{"damage":37,"enemies":"Exordium Thugs","floor":11,"turns":4},{"damage":7,"enemies":"Large Slime","floor":12,"turns":4},{"damage":16,"enemies":"2 Fungi Beasts","floor":14,"turns":3},{"damage":64,"enemies":"Slime Boss","floor":16,"turns":7}],"seed_played":"-3615654775171264303","potions_obtained":[{"floor":2,"key":"LiquidBronze"},{"floor":3,"key":"Swift Potion"},{"floor":7,"key":"FearPotion"},{"floor":14,"key":"GamblersBrew"}],"is_trial":false,"path_per_floor":["M","M","M","?","M","R","E","R","T","T","M","M","?","M","R"],"character_chosen":"IRONCLAD","items_purchased":[],"campfire_rested":2,"item_purchase_floors":[],"current_hp_per_floor":[76,80,80,80,64,64,48,72,72,72,43,44,44,36,60,0],"gold":271,"neow_bonus":"RANDOM_COMMON_RELIC","is_prod":false,"is_daily":false,"chose_seed":false,"campfire_upgraded":1,"win_rate":0,"timestamp":1530674306,"path_taken":["M","M","M","?","M","R","E","R","T","?","M","M","?","M","R","BOSS"],"build_version":"2018-06-28","purchased_purges":0,"victory":false,"max_hp_per_floor":[80,80,80,80,80,80,80,80,80,80,80,80,80,80,80,80],"card_choices":[{"not_picked":["Wild Strike","Body Slam","Twin Strike"],"picked":"SKIP","floor":1},{"not_picked":["Armaments","Ghostly Armor"],"picked":"Burning Pact","floor":2},{"not_picked":["Sword Boomerang","Flex"],"picked":"Headbutt","floor":3},{"not_picked":["Body Slam","Corruption","Anger"],"picked":"SKIP","floor":5},{"not_picked":["Sword Boomerang","Sentinel"],"picked":"Armaments","floor":7},{"not_picked":["Feel No Pain","Perfected Strike"],"picked":"Heavy Blade","floor":8},{"not_picked":["Havoc","True Grit"],"picked":"Fiend Fire","floor":11},{"not_picked":["Rupture","Perfected Strike"],"picked":"Pommel Strike","floor":12},{"not_picked":["Clash","Iron Wave"],"picked":"Intimidate","floor":14},{"not_picked":["Searing Blow","Entrench"],"picked":"Thunderclap","floor":15}],"player_experience":948515,"relics_obtained":[{"floor":7,"key":"Dream Catcher"},{"floor":9,"key":"Bronze Scales"},{"floor":10,"key":"Ornamental Fan"}],"event_choices":[{"event_name":"Living Wall","player_choice":"Forget","floor":4,"damage_taken":0},{"event_name":"Golden Idol","player_choice":"Ignored","floor":13,"damage_taken":0}],"boss_relics":[],"items_purged_floors":[],"is_endless":false,"potions_floor_spawned":[2,3,7,14],"killed_by":"Slime Boss","ascension_level":5}