{"gold_per_floor":[116,116,66,86,9,9,37,37,89,115,135,146,146,159,159,238,238,248,248,44,54,54,54,79,79,79,79,79,108,23,33,33,33],"floor_reached":33,"playtime":1862,"items_purged":["Strike_G"],"score":505,"play_id":"1be371e7-1cb9-42cb-897c-48114f3b8c26","local_time":"20180806232958","is_ascension_mode":true,"campfire_choices":[{"data":"Well Laid Plans","floor":6.0,"key":"SMITH"},{"data":"Poisoned Stab","floor":8.0,"key":"SMITH"},{"data":"A Thousand Cuts","floor":13.0,"key":"SMITH"},{"data":"Sucker Punch","floor":15.0,"key":"SMITH"},{"floor":23,"key":"REST"},{"data":"Cloak And Dagger","floor":25,"key":"SMITH"},{"data":"Cloak And Dagger","floor":28,"key":"SMITH"},{"data":"Cloak And Dagger","floor":32,"key":"SMITH"}],"neow_cost":"TEN_PERCENT_HP_LOSS","seed_source_timestamp":548833734938180,"circlet_count":0,"master_deck":["Defend_G","Defend_G","Defend_G","Defend_G","Defend_G","Strike_G","Strike_G","Strike_G","Survivor","Neutralize","AscendersBane","Terror","Neutralize","Skewer","Bullet Time","Poisoned Stab+1","Well Laid Plans+1","Sucker Punch+1","A Thousand Cuts+1","Cloak And Dagger+1","Crippling Poison","Cloak And Dagger+1","Die Die Die","Poisoned Stab+1","Swift Strike","Neutralize","Doppelganger","Tools of the Trade","Cloak And Dagger","Cloak And Dagger+1","Dagger Spray+1","Backstab+1"],"special_seed":0,"relics":["Ring of the Serpent","Calipers","Pear","Anchor","Ninja Scroll","Incense Burner","Lantern","Snake Skull","Regal Pillow"],"potions_floor_usage":[24,33],"damage_taken":[{"damage":0.0,"enemies":"Small Slimes","floor":1.0,"turns":3.0},{"damage":7.0,"enemies":"Cultist","floor":4.0,"turns":5.0},{"damage":15.0,"enemies":"Lagavulin","floor":7.0,"turns":5.0},{"damage":7.0,"enemies":"3 Sentries","floor":10.0,"turns":10.0},{"damage":0.0,"enemies":"2 Louse","floor":11.0,"turns":3.0},{"damage":0.0,"enemies":"Large Slime","floor":12.0,"turns":4.0},{"damage":0.0,"enemies":"Red Slaver","floor":14.0,"turns":2.0},{"damage":8.0,"enemies":"The Guardian","floor":16.0,"turns":9.0},{"damage":18.0,"enemies":"Spheric Guardian","floor":18.0,"turns":6.0},{"damage":5,"enemies":"Shell Parasite","floor":21,"turns":4},{"damage":24,"enemies":"Slavers","floor":24,"turns":5},{"damage":21,"enemies":"Gremlin Leader","floor":29,"turns":6},{"damage":3,"enemies":"3 Cultists","floor":31,"turns":3},{"damage":54,"enemies":"Collector","floor":33,"turns":5}],"seed_played":"454442136989330574","potions_obtained":[{"floor":7.0,"key":"SpeedPotion"},{"floor":10.0,"key":"Energy Potion"},{"floor":18.0,"key":"FearPotion"},{"floor":31,"key":"PowerPotion"}],"is_trial":false,"path_per_floor":["M","?","?","M","$","R","E","R","T","E","M","M","R","M","R","B",null,"M","?","$","M","$","R","E","R","T","?","R","E","?","M","R"],"character_chosen":"THE_SILENT","items_purchased":["Well Laid Plans","Tools of the Trade","Cloak And Dagger"],"campfire_rested":1,"item_purchase_floors":[5,20,20],"current_hp_per_floor":[63,63,63,56,56,56,51,51,51,44,44,44,44,44,44,36,64,46,46,46,41,41,62,38,38,38,73,73,52,52,49,49,0],"gold":33,"neow_bonus":"ONE_RARE_RELIC","is_prod":false,"is_daily":false,"chose_seed":false,"campfire_upgraded":7,"win_rate":0,"timestamp":1533590998,"path_taken":["M","?","?","M","$","R","E","R","T","E","M","M","R","?","R","BOSS","M","?","$","M","?","R","E","R","T","?","R","E","?","M","R","BOSS"],"build_version":"2018-08-01","purchased_purges":1,"victory":false,"max_hp_per_floor":[63,63,63,63,63,63,73,73,73,73,73,73,73,73,73,73,73,73,73,73,73,73,73,73,73,73,73,73,73,73,73,73,73],"card_choices":[{"not_picked":["Outmaneuver","Concentrate"],"picked":"Terror","floor":1.0},{"not_picked":["Acrobatics","Eviscerate"],"picked":"Poisoned Stab","floor":4.0},{"not_picked":["Terror","Outmaneuver"],"picked":"Sucker Punch","floor":7.0},{"not_picked":["Backflip","Dagger Spray"],"picked":"A Thousand Cuts","floor":10.0},{"not_picked":["Predator","Tactician"],"picked":"Cloak And Dagger","floor":11.0},{"not_picked":["Blade Dance","Deflect"],"picked":"Crippling Poison","floor":12.0},{"not_picked":["Catalyst","Bouncing Flask"],"picked":"Cloak And Dagger","floor":14.0},{"not_picked":["Glass Knife","Night Terror"],"picked":"Die Die Die","floor":16.0},{"not_picked":["Slice","Dodge and Roll"],"picked":"Poisoned Stab+1","floor":18.0},{"not_picked":["Blade Dance","Terror"],"picked":"Cloak And Dagger","floor":21},{"not_picked":["Flechettes","Bane"],"picked":"Dagger Spray+1","floor":24},{"not_picked":["Quick Slash","Prepared","Distraction"],"picked":"SKIP","floor":29},{"not_picked":["Crippling Poison","Blur"],"picked":"Backstab+1","floor":31}],"player_experience":399467,"relics_obtained":[{"floor":7.0,"key":"Pear"},{"floor":9.0,"key":"Anchor"},{"floor":10.0,"key":"Ninja Scroll"},{"floor":24,"key":"Incense Burner"},{"floor":26,"key":"Lantern"},{"floor":29,"key":"Snake Skull"}],"event_choices":[{"event_name":"Match and Keep!","player_choice":"3 cards matched","floor":2.0,"damage_taken":0.0},{"event_name":"The Cleric","player_choice":"Card Removal","floor":3.0,"damage_taken":0.0},{"event_name":"Match and Keep!","player_choice":"3 cards matched","floor":19,"damage_taken":0},{"event_name":"Wheel of Change","player_choice":"Full Heal","floor":27,"damage_taken":0},{"event_name":"Addict","player_choice":"Obtained Relic","floor":30,"damage_taken":0}],"is_beta":true,"boss_relics":[{"not_picked":["Empty Cage","Calling Bell"],"picked":"Ring of the Serpent"}],"items_purged_floors":[20],"is_endless":false,"potions_floor_spawned":[7,10,18,31],"killed_by":"Collector","ascension_level":13}