{"gold_per_floor":[116,132,1,1,1,1,28,28,28,78,78,96,96,112,112,188,188,208,308,5,5,23,23,37,37,63,138,138,138,166,10,10,81,81,92,92,11,30,30,30,63,63,63,96,110,145,160,160,160,160],"floor_reached":51,"playtime":2187,"items_purged":["Doubt"],"score":1458,"play_id":"384dd222-bb52-4858-aaf2-51fe1dcd7d0b","local_time":"20190211014306","is_ascension_mode":true,"campfire_choices":[{"data":"Noxious Fumes","floor":6.0,"key":"SMITH"},{"data":"Sadistic Nature","floor":8.0,"key":"SMITH"},{"floor":11.0,"key":"REST"},{"data":"Bouncing Flask","floor":13.0,"key":"SMITH"},{"data":"Leg Sweep","floor":15.0,"key":"SMITH"},{"floor":23.0,"key":"REST"},{"floor":25.0,"key":"REST"},{"data":"Calculated Gamble","floor":28.0,"key":"SMITH"},{"data":"A Thousand Cuts","floor":32.0,"key":"SMITH"},{"floor":40.0,"key":"RECALL"},{"floor":42.0,"key":"REST"},{"floor":49,"key":"REST"}],"neow_cost":"CURSE","seed_source_timestamp":178389497424131,"circlet_count":0,"master_deck":["AscendersBane","Survivor","Neutralize","Sadistic Nature+1","Good Instincts","Bouncing Flask+1","Leg Sweep+1","Noxious Fumes+1","Cloak And Dagger","PiercingWail","Corpse Explosion","Bullet Time","Choke","Deflect","Backstab","Dagger Throw","Finisher","Blade Dance","Blur","A Thousand Cuts+1","Calculated Gamble+1","Infinite Blades+1","Shame","Escape Plan+1","Expertise+1","Footwork","Catalyst+1","Envenom","Cloak And Dagger+1","Footwork","Backflip+1","Terror+1","Catalyst+1"],"special_seed":0,"relics":["Ring of the Snake","Mercury Hourglass","Ancient Tea Set","Singing Bowl","Pandora\u0027s Box","Tough Bandages","Toxic Egg 2","TwistedFunnel","Gambling Chip","Omamori","Ninja Scroll","Bird Faced Urn","Fusion Hammer","Meat on the Bone","Blue Candle","Mummified Hand","Happy Flower","Potion Belt"],"potions_floor_usage":[50,50,50],"damage_taken":[{"damage":3.0,"enemies":"Cultist","floor":1.0,"turns":5.0},{"damage":1.0,"enemies":"Small Slimes","floor":2.0,"turns":4.0},{"damage":9.0,"enemies":"3 Sentries","floor":7.0,"turns":5.0},{"damage":0.0,"enemies":"Jaw Worm","floor":12.0,"turns":3.0},{"damage":8.0,"enemies":"Exordium Wildlife","floor":14.0,"turns":3.0},{"damage":29.0,"enemies":"Slime Boss","floor":16.0,"turns":8.0},{"damage":0.0,"enemies":"Chosen","floor":18.0,"turns":3.0},{"damage":15.0,"enemies":"Colosseum Slavers","floor":19.0,"turns":3.0},{"damage":19.0,"enemies":"Colosseum Nobs","floor":19.0,"turns":3.0},{"damage":3.0,"enemies":"3 Byrds","floor":22.0,"turns":3.0},{"damage":16.0,"enemies":"Cultist and Chosen","floor":24.0,"turns":4.0},{"damage":0.0,"enemies":"Slavers","floor":30.0,"turns":2.0},{"damage":43.0,"enemies":"Collector","floor":33.0,"turns":6.0},{"damage":8.0,"enemies":"Orb Walker","floor":35.0,"turns":3.0},{"damage":0.0,"enemies":"3 Darklings","floor":38.0,"turns":2.0},{"damage":19.0,"enemies":"Reptomancer","floor":41.0,"turns":4.0},{"damage":2.0,"enemies":"Giant Head","floor":44.0,"turns":5.0},{"damage":0.0,"enemies":"4 Shapes","floor":45.0,"turns":1.0},{"damage":6.0,"enemies":"Nemesis","floor":46.0,"turns":3.0},{"damage":1,"enemies":"Jaw Worm Horde","floor":47,"turns":2},{"damage":80,"enemies":"Awakened One","floor":50,"turns":9}],"seed_played":"1365041306075478746","potions_obtained":[{"floor":2.0,"key":"LiquidBronze"},{"floor":7.0,"key":"Block Potion"},{"floor":24.0,"key":"Dexterity Potion"},{"floor":30.0,"key":"SpeedPotion"},{"floor":33.0,"key":"LiquidBronze"},{"floor":44.0,"key":"Dexterity Potion"},{"floor":47,"key":"Block Potion"}],"is_trial":false,"path_per_floor":["M","M","$","T","?","R","E","R","T","?","R","M","R","M","R","B",null,"M","?","$","?","M","R","M","R","T","T","R","?","E","$","R","B",null,"M","?","$","M","$","R","E","R","T","E","M","E","M","?","R","B",null],"character_chosen":"THE_SILENT","items_purchased":["Noxious Fumes","Cloak And Dagger","TwistedFunnel","Footwork","Catalyst+1","Footwork"],"campfire_rested":5,"item_purchase_floors":[3,3,20,31,31,37],"current_hp_per_floor":[56,55,55,55,35,35,26,26,26,26,45,47,47,41,41,12,56,56,22,22,22,21,42,26,47,47,47,47,47,47,47,47,14,58,58,58,58,64,64,64,59,74,74,74,74,74,78,78,78,16],"gold":160,"neow_bonus":"RANDOM_COLORLESS_2","is_prod":false,"is_daily":false,"chose_seed":false,"campfire_upgraded":6,"win_rate":0,"timestamp":1549845786,"path_taken":["M","M","$","?","?","R","E","R","T","?","R","?","R","M","R","BOSS","M","?","$","?","M","R","M","R","T","?","R","?","E","$","R","BOSS","M","?","$","M","?","R","E","R","T","E","M","E","M","?","R","BOSS"],"build_version":"2019-01-23","purchased_purges":1,"victory":true,"max_hp_per_floor":[66,66,66,66,66,66,66,66,66,66,66,68,68,70,70,70,70,70,70,70,70,72,72,72,72,72,72,72,72,72,72,72,72,72,72,72,72,72,72,72,74,74,74,74,74,76,78,78,78,78],"card_choices":[{"not_picked":["Dodge and Roll","Poisoned Stab"],"picked":"Bouncing Flask","floor":1.0},{"not_picked":["Finisher","Calculated Gamble"],"picked":"Leg Sweep","floor":2.0},{"not_picked":["Dagger Throw","Bane"],"picked":"PiercingWail","floor":7.0},{"not_picked":["Outmaneuver","Dodge and Roll","Distraction"],"picked":"Singing Bowl","floor":12.0},{"not_picked":["Endless Agony","Slice","Dagger Throw"],"picked":"Singing Bowl","floor":14.0},{"not_picked":["Tools of the Trade","Phantasmal Killer"],"picked":"Corpse Explosion","floor":16.0},{"not_picked":["Predator","Slice"],"picked":"Calculated Gamble","floor":18.0},{"not_picked":["Predator","Heel Hook"],"picked":"Infinite Blades+1","floor":19.0},{"not_picked":["Bane","Dagger Throw","Acrobatics+1"],"picked":"Singing Bowl","floor":22.0},{"not_picked":["Tactician+1","Acrobatics+1"],"picked":"Escape Plan+1","floor":24.0},{"not_picked":["Dash","Dagger Throw"],"picked":"Expertise+1","floor":30.0},{"not_picked":["Bullet Time+1","Phantasmal Killer+1"],"picked":"Envenom","floor":33.0},{"not_picked":["Dagger Spray","Heel Hook"],"picked":"Cloak And Dagger+1","floor":35.0},{"not_picked":["Finisher","Cloak And Dagger+1"],"picked":"Backflip+1","floor":38.0},{"not_picked":["Bane","Deadly Poison+1","Slice"],"picked":"Singing Bowl","floor":41.0},{"not_picked":["Slice","Bane"],"picked":"Terror+1","floor":44.0},{"not_picked":["Dodge and Roll+1","Dagger Spray+1"],"picked":"Catalyst+1","floor":45.0},{"not_picked":["Expertise+1","Flying Knee+1","Outmaneuver+1"],"picked":"Singing Bowl","floor":46.0},{"not_picked":["Flechettes+1","Blade Dance+1","Prepared+1"],"picked":"Singing Bowl","floor":47}],"player_experience":1394114,"relics_obtained":[{"floor":4.0,"key":"Mercury Hourglass"},{"floor":7.0,"key":"Ancient Tea Set"},{"floor":9.0,"key":"Singing Bowl"},{"floor":19.0,"key":"Tough Bandages"},{"floor":19.0,"key":"Toxic Egg 2"},{"floor":26.0,"key":"Omamori"},{"floor":27.0,"key":"Ninja Scroll"},{"floor":30.0,"key":"Bird Faced Urn"},{"floor":36.0,"key":"Meat on the Bone"},{"floor":41.0,"key":"Blue Candle"},{"floor":43.0,"key":"Mummified Hand"},{"floor":44.0,"key":"Happy Flower"},{"floor":46.0,"key":"Potion Belt"}],"event_choices":[{"damage_healed":0.0,"max_hp_gain":0.0,"max_hp_loss":0.0,"gold_gain":0.0,"event_name":"Shining Light","player_choice":"Entered Light","floor":5.0,"gold_loss":0.0,"damage_taken":20.0,"cards_upgraded":["Strike_G","Strike_G"]},{"damage_healed":0.0,"max_hp_gain":0.0,"max_hp_loss":0.0,"gold_gain":50.0,"event_name":"Golden Shrine","player_choice":"Pray","floor":10.0,"gold_loss":0.0,"damage_taken":0.0},{"damage_healed":0.0,"max_hp_gain":0.0,"max_hp_loss":0.0,"gold_gain":0.0,"event_name":"Colosseum","player_choice":"Fight","floor":19.0,"gold_loss":0.0,"damage_taken":0.0},{"damage_healed":0.0,"max_hp_gain":0.0,"max_hp_loss":0.0,"gold_gain":0.0,"event_name":"Colosseum","player_choice":"Fought Nobs","floor":19.0,"gold_loss":0.0,"damage_taken":0.0},{"damage_healed":0.0,"max_hp_gain":0.0,"max_hp_loss":0.0,"gold_gain":0.0,"event_name":"Addict","player_choice":"Stole Relic","floor":21.0,"gold_loss":0.0,"damage_taken":0.0,"relics_obtained":["Gambling Chip"],"cards_obtained":["Shame"]},{"damage_healed":0.0,"max_hp_gain":0.0,"max_hp_loss":0.0,"gold_gain":0.0,"event_name":"Vampires","player_choice":"Ignored","floor":29.0,"gold_loss":0.0,"damage_taken":0.0},{"damage_healed":0.0,"max_hp_gain":0.0,"max_hp_loss":0.0,"gold_gain":0.0,"event_name":"Wheel of Change","player_choice":"Relic","floor":36.0,"gold_loss":0.0,"damage_taken":0.0},{"cards_removed":["Deadly Poison"],"damage_healed":0,"gold_gain":0,"player_choice":"Removed Skill","damage_taken":0,"max_hp_gain":0,"max_hp_loss":0,"event_name":"Falling","floor":48,"gold_loss":0}],"is_beta":false,"boss_relics":[{"not_picked":["Astrolabe","Tiny House"],"picked":"Pandora\u0027s Box"},{"not_picked":["Runic Dome","Eternal Feather"],"picked":"Fusion Hammer"}],"items_purged_floors":[20],"is_endless":false,"potions_floor_spawned":[2,7,24,30,33,38,44,47],"ascension_level":19}