{"gold_per_floor":[366,366,16,16,26,26,26,46,125,125,138,158,191,141,141,270,270,291,315,340,340,340,340,340,340,340,340,363,382,397,312,312,431,431,454,454,26,41,62,62,62,77,100,163,163,199,250,250,250,250],"floor_reached":51,"playtime":1847,"items_purged":[],"score":1133,"play_id":"afe4c463-a9a1-433e-b45a-a96fda19d075","local_time":"20181216224633","is_ascension_mode":true,"campfire_choices":[{"data":"Skewer","floor":6,"key":"SMITH"},{"data":"Neutralize","floor":10,"key":"SMITH"},{"data":"Noxious Fumes","floor":15,"key":"SMITH"},{"data":"Adrenaline","floor":23,"key":"SMITH"},{"data":"Cloak And Dagger","floor":25,"key":"SMITH"},{"data":"Distraction","floor":27,"key":"SMITH"},{"data":"A Thousand Cuts","floor":32,"key":"SMITH"},{"data":"Panache","floor":40,"key":"SMITH"},{"data":"Noxious Fumes","floor":41,"key":"SMITH"},{"data":"Tools of the Trade","floor":45,"key":"SMITH"},{"floor":49,"key":"REST"}],"neow_cost":"TEN_PERCENT_HP_LOSS","seed_source_timestamp":294381296591106,"circlet_count":0,"master_deck":["AscendersBane","Defend_G","Defend_G","Defend_G","Defend_G","Defend_G","Strike_G","Strike_G","Strike_G","Survivor","Neutralize+1","Skewer+1","Distraction+1","Backstab","Backstab","Dodge and Roll","Noxious Fumes+1","Adrenaline+1","Cloak And Dagger+1","Blur","Blur","Writhe","Ghostly","Ghostly","Ghostly","Ghostly","Ghostly","A Thousand Cuts+1","Cloak And Dagger+1","Tools of the Trade+1","Panache+1","Noxious Fumes+1","Predator+1","Finesse","Transmutation"],"relics":["Ring of the Snake","ClockworkSouvenir","Lantern","Golden Idol","Meat on the Bone","WingedGreaves","Philosopher\u0027s Stone","Art of War","Pear","Singing Bowl","Busted Crown","OrangePellets","Bag of Preparation","Incense Burner","Gambling Chip","Omamori"],"potions_floor_usage":[13,16,33,50,50],"damage_taken":[{"damage":1,"enemies":"2 Louse","floor":1,"turns":4},{"damage":1,"enemies":"Jaw Worm","floor":5,"turns":4},{"damage":0,"enemies":"Small Slimes","floor":8,"turns":3},{"damage":0,"enemies":"2 Fungi Beasts","floor":11,"turns":3},{"damage":4,"enemies":"Large Slime","floor":12,"turns":3},{"damage":12,"enemies":"3 Sentries","floor":13,"turns":6},{"damage":3,"enemies":"The Guardian","floor":16,"turns":10},{"damage":14,"enemies":"3 Byrds","floor":18,"turns":4},{"damage":6,"enemies":"Shell Parasite","floor":19,"turns":7},{"damage":30,"enemies":"Cultist and Chosen","floor":20,"turns":6},{"damage":2,"enemies":"Snecko","floor":28,"turns":7},{"damage":1,"enemies":"Centurion and Healer","floor":29,"turns":10},{"damage":0,"enemies":"Shelled Parasite and Fungi","floor":30,"turns":6},{"damage":17,"enemies":"Automaton","floor":33,"turns":12},{"damage":0,"enemies":"3 Shapes","floor":35,"turns":6},{"damage":0,"enemies":"Orb Walker","floor":38,"turns":5},{"damage":5,"enemies":"Transient","floor":39,"turns":5},{"damage":0,"enemies":"Spire Growth","floor":42,"turns":6},{"damage":1,"enemies":"2 Orb Walkers","floor":44,"turns":4},{"damage":0,"enemies":"Nemesis","floor":46,"turns":6},{"damage":2,"enemies":"Donu and Deca","floor":50,"turns":7}],"seed_played":"-6011621385740426779","potions_obtained":[{"floor":5,"key":"LiquidBronze"},{"floor":12,"key":"PowerPotion"},{"floor":13,"key":"Ancient Potion"},{"floor":16,"key":"FearPotion"},{"floor":33,"key":"SkillPotion"},{"floor":35,"key":"Strength Potion"},{"floor":44,"key":"LiquidBronze"}],"is_trial":false,"path_per_floor":["M","?","$","?","M","R","?","M","T","R","M","M","E","?","R","B",null,"M","M","M","?","?","R","?","R","T","R","M","M","M","?","R","B",null,"M","?","$","M","M","R","R","M","T","?","R","E","T","?","R","B",null],"character_chosen":"THE_SILENT","items_purchased":["ClockworkSouvenir","Lantern","OrangePellets","Panache","Noxious Fumes"],"campfire_rested":1,"item_purchase_floors":[3,3,37,37,37],"current_hp_per_floor":[62,55,55,55,54,54,54,54,54,54,54,50,38,38,38,35,52,38,32,14,14,14,14,14,14,24,24,22,21,21,21,21,16,33,35,35,35,35,32,32,32,34,34,35,35,37,37,29,44,42],"gold":250,"neow_bonus":"TWO_FIFTY_GOLD","is_prod":false,"is_daily":false,"chose_seed":false,"campfire_upgraded":10,"win_rate":0,"timestamp":1544996793,"path_taken":["M","?","$","?","M","R","?","M","T","R","M","?","E","?","R","BOSS","M","M","M","?","?","R","?","R","T","R","M","M","M","?","R","BOSS","M","?","$","M","M","R","R","?","T","?","R","E","?","?","R","BOSS"],"build_version":"2018-12-13","purchased_purges":0,"victory":true,"max_hp_per_floor":[63,63,63,63,63,63,58,58,58,58,58,58,58,58,58,58,58,58,58,58,58,58,58,29,29,39,39,39,39,39,39,39,39,39,41,41,41,41,43,43,43,45,45,47,47,49,49,51,51,51],"card_choices":[{"not_picked":["Flying Knee","Riddle With Holes"],"picked":"Skewer","floor":1},{"not_picked":["Bane","Dagger Spray"],"picked":"Distraction","floor":5},{"not_picked":["Slice","PiercingWail"],"picked":"Backstab","floor":8},{"not_picked":["Sucker Punch","Skewer"],"picked":"Backstab","floor":11},{"not_picked":["Slice","Underhanded Strike"],"picked":"Dodge and Roll","floor":12},{"not_picked":["Glass Knife","Distraction"],"picked":"Noxious Fumes","floor":13},{"not_picked":["Night Terror","Malaise"],"picked":"Adrenaline","floor":16},{"not_picked":["PiercingWail","Skewer+1"],"picked":"Cloak And Dagger","floor":18},{"not_picked":["PiercingWail","Deflect"],"picked":"Blur","floor":19},{"not_picked":["Quick Slash","Deadly Poison"],"picked":"Blur","floor":20},{"not_picked":["Heel Hook","PiercingWail"],"picked":"A Thousand Cuts","floor":28},{"not_picked":["Riddle With Holes","Slice+1","Poisoned Stab"],"picked":"SKIP","floor":29},{"not_picked":["Dagger Throw","Poisoned Stab"],"picked":"Cloak And Dagger+1","floor":30},{"not_picked":["Doppelganger","Storm of Steel"],"picked":"Tools of the Trade","floor":33},{"not_picked":["Sucker Punch+1"],"picked":"Singing Bowl","floor":35},{"not_picked":[],"picked":"Predator+1","floor":38},{"not_picked":["Endless Agony+1"],"picked":"Singing Bowl","floor":39},{"not_picked":["Dodge and Roll"],"picked":"Singing Bowl","floor":42},{"not_picked":["Dodge and Roll"],"picked":"Singing Bowl","floor":44},{"not_picked":["Outmaneuver"],"picked":"Singing Bowl","floor":46},{"not_picked":["Enlightenment"],"picked":"Singing Bowl","floor":48},{"not_picked":[],"picked":"Finesse","floor":48},{"not_picked":[],"picked":"Transmutation","floor":48}],"player_experience":1149660,"relics_obtained":[{"floor":9,"key":"Meat on the Bone"},{"floor":13,"key":"WingedGreaves"},{"floor":26,"key":"Pear"},{"floor":43,"key":"Bag of Preparation"},{"floor":44,"key":"Incense Burner"},{"floor":46,"key":"Gambling Chip"},{"floor":47,"key":"Omamori"}],"event_choices":[{"cards_removed":["Strike_G"],"damage_healed":0,"gold_gain":0,"player_choice":"Card Removal","damage_taken":7,"max_hp_gain":0,"max_hp_loss":0,"event_name":"Golden Wing","floor":2,"gold_loss":0},{"damage_healed":0,"gold_gain":0,"player_choice":"Ignored","damage_taken":0,"max_hp_gain":0,"max_hp_loss":0,"event_name":"Liars Game","floor":4,"gold_loss":0},{"damage_healed":0,"gold_gain":0,"player_choice":"Lose Max HP","damage_taken":0,"relics_obtained":["Golden Idol"],"max_hp_gain":0,"max_hp_loss":5,"event_name":"Golden Idol","floor":7,"gold_loss":0},{"cards_removed":["Strike_G"],"damage_healed":0,"gold_gain":0,"player_choice":"Card Removal","damage_taken":0,"max_hp_gain":0,"max_hp_loss":0,"event_name":"The Cleric","floor":14,"gold_loss":50},{"damage_healed":0,"gold_gain":0,"player_choice":"Ignored","damage_taken":0,"max_hp_gain":0,"max_hp_loss":0,"event_name":"Vampires","floor":21,"gold_loss":0},{"damage_healed":0,"gold_gain":0,"player_choice":"Opened","damage_taken":0,"relics_obtained":["Art of War"],"max_hp_gain":0,"max_hp_loss":0,"event_name":"The Mausoleum","floor":22,"gold_loss":0,"cards_obtained":["Writhe"]},{"damage_healed":0,"gold_gain":0,"player_choice":"Became a Ghost","damage_taken":0,"max_hp_gain":0,"max_hp_loss":29,"event_name":"Ghosts","floor":24,"gold_loss":0,"cards_obtained":["Ghostly","Ghostly","Ghostly","Ghostly","Ghostly"]},{"damage_healed":0,"gold_gain":0,"player_choice":"Obtained Relic","damage_taken":0,"relics_obtained":["Singing Bowl"],"max_hp_gain":0,"max_hp_loss":0,"event_name":"Addict","floor":31,"gold_loss":85},{"damage_healed":0,"gold_gain":0,"player_choice":"Bought 0 Potions","damage_taken":0,"max_hp_gain":0,"max_hp_loss":0,"event_name":"The Woman in Blue","floor":36,"gold_loss":0},{"damage_healed":0,"gold_gain":0,"player_choice":"Fight","damage_taken":0,"max_hp_gain":0,"max_hp_loss":0,"event_name":"Mysterious Sphere","floor":44,"gold_loss":0},{"damage_healed":0,"gold_gain":0,"player_choice":"Memory 3","damage_taken":10,"max_hp_gain":0,"max_hp_loss":0,"event_name":"SensoryStone","floor":48,"gold_loss":0}],"is_beta":false,"boss_relics":[{"not_picked":["Coffee Dripper","Empty Cage"],"picked":"Philosopher\u0027s Stone"},{"not_picked":["Lizard Tail","Snecko Eye"],"picked":"Busted Crown"}],"items_purged_floors":[],"is_endless":false,"potions_floor_spawned":[5,12,13,16,19,28,30,33,35,44,46],"ascension_level":11}