{"path_per_floor":["M","M","?","T","M","R","E","?","T","R","M","$","R","?","R"],"character_chosen":"IRONCLAD","items_purchased":["Impervious"],"gold_per_floor":[116,129,129,129,146,146,177,142,169,169,183,40,40,105,105,105],"floor_reached":16,"campfire_rested":1,"playtime":805,"item_purchase_floors":[12],"current_hp_per_floor":[80,80,80,80,80,80,66,80,80,80,71,71,71,66,80,0],"items_purged":[],"gold":105,"score":108,"play_id":"31609225-4dce-4b12-b549-1231b9558f4f","local_time":"20180608152058","is_prod":false,"is_daily":false,"chose_seed":false,"is_ascension_mode":true,"campfire_upgraded":3,"win_rate":0,"timestamp":1528485658,"campfire_choices":[{"data":"Shrug It Off","floor":6,"key":"SMITH"},{"data":"Brutality","floor":10,"key":"SMITH"},{"data":"Body Slam","floor":13,"key":"SMITH"},{"floor":15,"key":"REST"}],"path_taken":["M","M","?","?","M","R","E","?","T","R","M","$","R","?","R","BOSS"],"build_version":"2018-06-07","seed_source_timestamp":159233298641450,"purchased_purges":0,"victory":false,"master_deck":["Strike_R","Strike_R","Strike_R","Strike_R","Strike_R","Defend_R","Defend_R","Defend_R","Defend_R","Bash","Clash","Shrug It Off+1","Burning Pact","Brutality+1","Body Slam+1","Impervious","Shockwave"],"max_hp_per_floor":[80,80,80,80,80,80,80,80,80,80,80,80,80,80,80,80],"relics":["Burning Blood","Happy Flower","Meat on the Bone","Omamori","Orichalcum","Bag of Preparation"],"card_choices":[{"not_picked":["Wild Strike","Sword Boomerang"],"picked":"Clash","floor":1},{"not_picked":["Fire Breathing","Pummel"],"picked":"Shrug It Off","floor":2},{"not_picked":["Clothesline","Anger"],"picked":"Burning Pact","floor":5},{"not_picked":["Disarm","Iron Wave"],"picked":"Brutality","floor":7},{"not_picked":["Iron Wave","Burning Pact"],"picked":"Body Slam","floor":11},{"not_picked":["Clothesline","Sword Boomerang"],"picked":"Shockwave","floor":14}],"player_experience":428472,"potions_floor_usage":[14,16,16],"damage_taken":[{"damage":6,"enemies":"Jaw Worm","floor":1,"turns":5},{"damage":5,"enemies":"2 Louse","floor":2,"turns":2},{"damage":0,"enemies":"Cultist","floor":5,"turns":4},{"damage":20,"enemies":"Gremlin Nob","floor":7,"turns":4},{"damage":15,"enemies":"Exordium Wildlife","floor":11,"turns":4},{"damage":11,"enemies":"Lagavulin Event","floor":14,"turns":4},{"damage":80,"enemies":"Slime Boss","floor":16,"turns":10}],"relics_obtained":[{"floor":4,"key":"Meat on the Bone"},{"floor":7,"key":"Omamori"},{"floor":9,"key":"Orichalcum"},{"floor":14,"key":"Bag of Preparation"}],"event_choices":[{"event_name":"Liars Game","player_choice":"disagreed","floor":3,"damage_taken":0},{"event_name":"The Cleric","player_choice":"Healed","floor":8,"damage_taken":0},{"event_name":"Dead Adventurer","player_choice":"Searched \u00271\u0027 times","floor":14,"damage_taken":0}],"boss_relics":[],"items_purged_floors":[],"potions_floor_spawned":[1,7,14],"seed_played":"1448323180520962482","killed_by":"Slime Boss","ascension_level":2,"potions_obtained":[{"floor":1,"key":"Poison Potion"},{"floor":7,"key":"Block Potion"},{"floor":14,"key":"EssenceOfSteel"}],"is_trial":false}