{"gold_per_floor":[118,136,64,64,74,74,89,89,89,2,12,25,25,37,37,142,142,153,166,1,17,35,65,65,65,120,20,20,200,214,234,234,329,329,343,343,343,354,116,142,142,162,186,186,186,199,199,199,199,199],"floor_reached":51,"playtime":1966,"items_purged":["Strike_B","Strike_B"],"score":744,"play_id":"36300506-5d55-4615-868b-236fccef82a0","local_time":"20190215155341","is_ascension_mode":false,"campfire_choices":[{"data":"Fusion","floor":6.0,"key":"SMITH"},{"data":"Go for the Eyes","floor":8.0,"key":"SMITH"},{"data":"Discovery","floor":13.0,"key":"SMITH"},{"data":"Beam Cell","floor":15.0,"key":"SMITH"},{"data":"Discovery","floor":25,"key":"SMITH"},{"floor":28,"key":"REST"},{"floor":32,"key":"REST"},{"floor":41,"key":"REST"},{"floor":44,"key":"REST"},{"floor":47,"key":"REST"},{"floor":49,"key":"REST"}],"neow_cost":"NONE","seed_source_timestamp":13488971740583,"circlet_count":0,"master_deck":["Strike_B+1","Strike_B","Defend_B","Defend_B","Defend_B","Defend_B","Zap+1","Dualcast+1","Conserve Battery","Fusion+1","Beam Cell+1","Go for the Eyes+1","Discovery+1","Coolheaded","Compile Driver","Loop","All For One","Coolheaded","Discovery+1","Cold Snap","Conserve Battery","Leap+1","Ball Lightning+1","Buffer","Hologram+1","Finesse","Flash of Steel","Panache","Machine Learning","Ball Lightning","Compile Driver","Aggregate+1","Heatsinks+1","Parasite","Fission"],"special_seed":0,"relics":["FrozenCore","Ornamental Fan","Red Mask","Enchiridion","Tiny Chest","Fusion Hammer","Darkstone Periapt","Blue Candle","Orichalcum","Oddly Smooth Stone"],"potions_floor_usage":[22,23,33,50],"damage_taken":[{"damage":1.0,"enemies":"Cultist","floor":1.0,"turns":3.0},{"damage":0.0,"enemies":"2 Louse","floor":2.0,"turns":2.0},{"damage":0.0,"enemies":"Jaw Worm","floor":5.0,"turns":3.0},{"damage":14.0,"enemies":"Exordium Thugs","floor":7.0,"turns":5.0},{"damage":0.0,"enemies":"Gremlin Gang","floor":11.0,"turns":1.0},{"damage":0.0,"enemies":"Looter","floor":12.0,"turns":1.0},{"damage":0.0,"enemies":"Large Slime","floor":14.0,"turns":4.0},{"damage":12.0,"enemies":"The Guardian","floor":16.0,"turns":11.0},{"damage":4.0,"enemies":"3 Byrds","floor":18.0,"turns":6.0},{"damage":0.0,"enemies":"Chosen","floor":19.0,"turns":6.0},{"damage":10,"enemies":"Centurion and Healer","floor":21,"turns":7},{"damage":6,"enemies":"Snecko","floor":22,"turns":4},{"damage":4,"enemies":"Masked Bandits","floor":23,"turns":4},{"damage":9,"enemies":"Cultist and Chosen","floor":30,"turns":6},{"damage":3,"enemies":"Chosen and Byrds","floor":31,"turns":4},{"damage":10,"enemies":"Collector","floor":33,"turns":13},{"damage":3,"enemies":"Orb Walker","floor":35,"turns":4},{"damage":4,"enemies":"3 Darklings","floor":38,"turns":6},{"damage":0,"enemies":"Reptomancer","floor":40,"turns":6},{"damage":18,"enemies":"Jaw Worm Horde","floor":42,"turns":5},{"damage":0,"enemies":"Writhing Mass","floor":46,"turns":5},{"damage":41,"enemies":"Time Eater","floor":50,"turns":18}],"seed_played":"6399879270349893164","potions_obtained":[{"floor":7.0,"key":"AttackPotion"},{"floor":12.0,"key":"Weak Potion"},{"floor":14.0,"key":"Explosive Potion"},{"floor":18.0,"key":"SkillPotion"},{"floor":23,"key":"FocusPotion"},{"floor":35,"key":"PowerPotion"},{"floor":46,"key":"SneckoOil"}],"is_trial":false,"path_per_floor":["M","M","$","?","M","R","M","R","T","$","M","M","R","M","R","B",null,"M","M","$","M","M","?","?","R","T","$","R","?","M","M","R","B",null,"M","T","?","M","$","E","R","M","T","R","?","M","R","?","R","B",null],"character_chosen":"DEFECT","items_purchased":["Fusion","Discovery","Discovery","Machine Learning","Ball Lightning","Compile Driver"],"campfire_rested":6,"item_purchase_floors":[3,10,20,39,39,39],"current_hp_per_floor":[74,74,74,59,59,59,45,45,45,45,45,45,45,45,45,33,75,71,71,71,61,55,51,35,35,35,35,57,36,27,24,46,36,75,72,72,62,58,58,58,75,57,57,75,75,81,81,81,81,40],"gold":199,"neow_bonus":"UPGRADE_CARD","is_prod":false,"is_daily":false,"chose_seed":false,"campfire_upgraded":5,"win_rate":0,"timestamp":1550267621,"path_taken":["M","?","?","?","M","R","M","R","T","?","?","M","R","?","R","BOSS","M","M","$","M","M","?","?","R","T","?","R","?","M","?","R","BOSS","M","?","?","M","$","E","R","M","T","R","?","?","R","?","R","BOSS"],"build_version":"2019-01-23","purchased_purges":2,"victory":true,"max_hp_per_floor":[75,75,75,75,75,75,75,75,75,75,75,75,75,75,75,75,75,75,75,75,75,75,75,75,75,75,75,75,75,75,75,75,75,75,75,75,75,75,75,75,75,75,75,75,75,81,81,81,81,81],"card_choices":[{"not_picked":["Rebound","Stack","Gash"],"picked":"SKIP","floor":1.0},{"not_picked":["Hello World","BootSequence"],"picked":"Conserve Battery","floor":2.0},{"not_picked":["Streamline","Barrage"],"picked":"Beam Cell","floor":5.0},{"not_picked":["Turbo","Stack"],"picked":"Go for the Eyes","floor":7.0},{"not_picked":["Gash","Turbo"],"picked":"Coolheaded","floor":11.0},{"not_picked":["Doom and Gloom","Force Field"],"picked":"Compile Driver","floor":12.0},{"not_picked":["Cold Snap","Gash"],"picked":"Loop","floor":14.0},{"not_picked":["Creative AI","Biased Cognition"],"picked":"All For One","floor":16.0},{"not_picked":["Rebound","Scrape","Barrage"],"picked":"SKIP","floor":18.0},{"not_picked":["Sweeping Beam","Gash"],"picked":"Coolheaded","floor":19.0},{"not_picked":["Genetic Algorithm","BootSequence"],"picked":"Cold Snap","floor":21},{"not_picked":["Sweeping Beam","Redo","Rebound"],"picked":"SKIP","floor":22},{"not_picked":["Chaos","Turbo+1"],"picked":"Conserve Battery","floor":23},{"not_picked":["Loop","Fission"],"picked":"Leap+1","floor":30},{"not_picked":["Aggregate","Darkness"],"picked":"Ball Lightning+1","floor":31},{"not_picked":["Core Surge","Amplify"],"picked":"Buffer","floor":33},{"not_picked":["Skim+1","Streamline"],"picked":"Hologram+1","floor":35},{"not_picked":["Bandage Up","Magnetism"],"picked":"Finesse","floor":37},{"not_picked":["Impatience","Bandage Up"],"picked":"Flash of Steel","floor":37},{"not_picked":["Flash of Steel","Panacea"],"picked":"Panache","floor":37},{"not_picked":["Hologram","Rebound+1"],"picked":"Conserve Battery","floor":38},{"not_picked":["Compile Driver","Chaos"],"picked":"Aggregate+1","floor":40},{"not_picked":["Leap","Chill"],"picked":"Heatsinks+1","floor":42},{"not_picked":["Turbo+1","Compile Driver+1"],"picked":"Fission","floor":46}],"player_experience":828750,"relics_obtained":[{"floor":9.0,"key":"Ornamental Fan"},{"floor":23,"key":"Red Mask"},{"floor":24,"key":"Enchiridion"},{"floor":26,"key":"Tiny Chest"},{"floor":36,"key":"Darkstone Periapt"},{"floor":40,"key":"Blue Candle"},{"floor":43,"key":"Orichalcum"}],"event_choices":[{"damage_healed":0.0,"max_hp_gain":0.0,"max_hp_loss":0.0,"gold_gain":0.0,"event_name":"Shining Light","player_choice":"Entered Light","floor":4.0,"gold_loss":0.0,"damage_taken":15.0,"cards_upgraded":["Dualcast","Strike_B"]},{"damage_healed":0,"gold_gain":0,"player_choice":"Fought Bandits","damage_taken":0,"max_hp_gain":0,"max_hp_loss":0,"event_name":"Masked Bandits","floor":23,"gold_loss":0},{"damage_healed":0,"gold_gain":0,"player_choice":"Obtained Book","damage_taken":16,"max_hp_gain":0,"max_hp_loss":0,"event_name":"Cursed Tome","floor":24,"gold_loss":0},{"damage_healed":0,"gold_gain":180,"player_choice":"GOLD GOLD ","damage_taken":21,"max_hp_gain":0,"max_hp_loss":0,"event_name":"Knowing Skull","floor":29,"potions_obtained":[],"gold_loss":0,"cards_obtained":[]},{"damage_healed":0,"gold_gain":0,"player_choice":"Memory 3","damage_taken":10,"max_hp_gain":0,"max_hp_loss":0,"event_name":"SensoryStone","floor":37,"gold_loss":0},{"cards_removed":["Conserve Battery"],"damage_healed":0,"gold_gain":0,"player_choice":"Gave Card","damage_taken":0,"relics_obtained":["Oddly Smooth Stone"],"max_hp_gain":0,"max_hp_loss":0,"event_name":"WeMeetAgain","floor":45,"gold_loss":0},{"damage_healed":0,"gold_gain":0,"player_choice":"Ignored","damage_taken":0,"max_hp_gain":0,"max_hp_loss":0,"event_name":"Mysterious Sphere","floor":48,"gold_loss":0}],"is_beta":false,"boss_relics":[{"not_picked":["Astrolabe","Black Star"],"picked":"FrozenCore"},{"not_picked":["Velvet Choker","Calling Bell"],"picked":"Fusion Hammer"}],"items_purged_floors":[20,27],"is_endless":false,"potions_floor_spawned":[7,12,14,18,23,35,46],"ascension_level":0}