{"gold_per_floor":[111,130,95,22,22,22,47,20,68,95,95,115,115,144,144,221,221,239,257,15,15,32,32,47,47,93,93,105,123,137,166,166,243,243,259,259,63,78,0,0,29,44,44,63,63,83,16,31,31,31],"floor_reached":50,"playtime":3483,"items_purged":["Strike_G"],"score":886,"play_id":"be0d0d3f-ac82-4a4f-8845-886257d9d256","local_time":"20190202224311","is_ascension_mode":true,"campfire_choices":[{"data":"Neutralize","floor":6.0,"key":"SMITH"},{"data":"Cloak And Dagger","floor":11.0,"key":"SMITH"},{"data":"Dodge and Roll","floor":13.0,"key":"SMITH"},{"data":"After Image","floor":15.0,"key":"SMITH"},{"floor":23.0,"key":"REST"},{"floor":27.0,"key":"REST"},{"floor":32.0,"key":"REST"},{"floor":40,"key":"REST"},{"floor":45,"key":"REST"},{"floor":49,"key":"REST"}],"neow_cost":"NONE","seed_source_timestamp":0,"circlet_count":0,"master_deck":["AscendersBane","Defend_G","Defend_G","Defend_G","Defend_G","Defend_G","Strike_G","Strike_G","Strike_G","Strike_G","Survivor","Neutralize+1","Heel Hook","Dagger Spray","Cloak And Dagger+1","Dodge and Roll+1","Backflip","Dodge and Roll","Backflip","After Image+1","Die Die Die","Sucker Punch","PiercingWail","Footwork","Heel Hook","Dash","Cloak And Dagger","Flechettes+1","Riddle With Holes","Adrenaline","Infinite Blades","Leg Sweep","Backstab+1","Blur","Predator+1","Slice","Footwork+1","Infinite Blades+1"],"special_seed":0,"relics":["Velvet Choker","Vajra","Bag of Marbles","Oddly Smooth Stone","Odd Mushroom","Fusion Hammer","Paper Crane","Boot","PreservedInsect","WristBlade","Red Mask","Bronze Scales","Frozen Egg 2"],"potions_floor_usage":[44],"damage_taken":[{"damage":0.0,"enemies":"Jaw Worm","floor":1.0,"turns":4.0},{"damage":17.0,"enemies":"2 Louse","floor":2.0,"turns":5.0},{"damage":17.0,"enemies":"3 Sentries","floor":7.0,"turns":12.0},{"damage":0.0,"enemies":"Small Slimes","floor":12.0,"turns":2.0},{"damage":5.0,"enemies":"The Mushroom Lair","floor":14.0,"turns":4.0},{"damage":5.0,"enemies":"The Guardian","floor":16.0,"turns":18.0},{"damage":0.0,"enemies":"Shell Parasite","floor":18.0,"turns":7.0},{"damage":0.0,"enemies":"2 Thieves","floor":19.0,"turns":4.0},{"damage":0.0,"enemies":"Snake Plant","floor":22.0,"turns":8.0},{"damage":0.0,"enemies":"Centurion and Healer","floor":24.0,"turns":11.0},{"damage":9.0,"enemies":"Sentry and Sphere","floor":28.0,"turns":9.0},{"damage":0.0,"enemies":"Chosen and Byrds","floor":29.0,"turns":7.0},{"damage":0.0,"enemies":"Centurion and Healer","floor":30.0,"turns":8.0},{"damage":7.0,"enemies":"Slavers","floor":31.0,"turns":4.0},{"damage":70.0,"enemies":"Collector","floor":33.0,"turns":25.0},{"damage":1,"enemies":"Orb Walker","floor":35,"turns":5},{"damage":8,"enemies":"3 Shapes","floor":38,"turns":4},{"damage":14,"enemies":"Giant Head","floor":41,"turns":10},{"damage":0,"enemies":"Jaw Worm Horde","floor":42,"turns":4},{"damage":6,"enemies":"Spire Growth","floor":44,"turns":6},{"damage":29,"enemies":"4 Shapes","floor":46,"turns":5},{"damage":9,"enemies":"Jaw Worm Horde","floor":48,"turns":5},{"damage":63,"enemies":"Time Eater","floor":50,"turns":10}],"seed_played":"1183031259300119065","potions_obtained":[{"floor":2.0,"key":"Regen Potion"},{"floor":12.0,"key":"Block Potion"},{"floor":18.0,"key":"GhostInAJar"},{"floor":22.0,"key":"Block Potion"},{"floor":29.0,"key":"SkillPotion"},{"floor":30.0,"key":"Regen Potion"},{"floor":33.0,"key":"GamblersBrew"},{"floor":38,"key":"Weak Potion"}],"is_trial":false,"path_per_floor":["M","M","?","$","?","R","E","$","T","T","R","M","R","?","R","B",null,"M","M","$","?","M","R","M","?","T","R","M","M","M","E","R","B",null,"M","?","$","M","?","R","E","M","T","M","R","M","$","M","R","B"],"character_chosen":"THE_SILENT","items_purchased":["Cloak And Dagger","Dodge and Roll","Dodge and Roll","Paper Crane","Infinite Blades","Leg Sweep","Footwork+1"],"campfire_rested":6,"item_purchase_floors":[4,4,8,20,37,37,47],"current_hp_per_floor":[59,42,58,58,63,63,46,46,46,46,46,46,46,41,41,51,66,66,66,66,66,66,71,71,71,71,71,62,62,62,55,71,16,57,56,56,56,48,48,69,55,55,55,49,70,41,41,32,53,0],"gold":31,"neow_bonus":"BOSS_RELIC","is_prod":false,"is_daily":false,"chose_seed":false,"campfire_upgraded":4,"win_rate":0,"timestamp":1549165391,"path_taken":["M","M","?","$","?","R","E","?","T","?","R","M","R","?","R","BOSS","M","M","$","?","M","R","M","?","T","R","M","M","M","E","R","BOSS","M","?","$","M","?","R","E","M","T","?","R","M","$","?","R","BOSS"],"build_version":"2019-01-23","purchased_purges":1,"victory":false,"max_hp_per_floor":[66,66,66,66,71,71,71,71,71,71,71,71,71,71,71,71,71,71,71,71,71,71,71,71,71,71,71,71,71,71,71,71,71,71,71,71,71,71,71,71,71,71,71,71,71,71,71,71,71,71],"card_choices":[{"not_picked":["Slice","Outmaneuver"],"picked":"Heel Hook","floor":1.0},{"not_picked":["Distraction","Underhanded Strike"],"picked":"Dagger Spray","floor":2.0},{"not_picked":["Masterful Stab","Reflex"],"picked":"Backflip","floor":7.0},{"not_picked":["Dagger Spray","Outmaneuver"],"picked":"Backflip","floor":12.0},{"not_picked":["Cloak And Dagger","Bane"],"picked":"After Image","floor":14.0},{"not_picked":["Unload","Adrenaline"],"picked":"Die Die Die","floor":16.0},{"not_picked":["Masterful Stab","Tactician"],"picked":"Sucker Punch","floor":18.0},{"not_picked":["Flying Knee","Quick Slash"],"picked":"PiercingWail","floor":19.0},{"not_picked":["Prepared","Quick Slash+1"],"picked":"Footwork","floor":22.0},{"not_picked":["Finisher","Setup"],"picked":"Heel Hook","floor":24.0},{"not_picked":["Escape Plan","Calculated Gamble"],"picked":"Dash","floor":28.0},{"not_picked":["Dodge and Roll+1","Bane+1"],"picked":"Cloak And Dagger","floor":29.0},{"not_picked":["Underhanded Strike","Blade Dance"],"picked":"Flechettes+1","floor":30.0},{"not_picked":["Dagger Spray+1","Quick Slash"],"picked":"Riddle With Holes","floor":31.0},{"not_picked":["Unload","Bullet Time"],"picked":"Adrenaline","floor":33.0},{"not_picked":["Underhanded Strike","Catalyst","Distraction+1"],"picked":"SKIP","floor":35},{"not_picked":["Deadly Poison","Outmaneuver+1"],"picked":"Backstab+1","floor":38},{"not_picked":["Acrobatics","Deflect"],"picked":"Blur","floor":41},{"not_picked":["Deadly Poison+1","Bullet Time","Dagger Spray"],"picked":"SKIP","floor":42},{"not_picked":["Skewer","Deflect"],"picked":"Predator+1","floor":44},{"not_picked":["Outmaneuver","Dagger Throw"],"picked":"Slice","floor":46},{"not_picked":["Acrobatics","Bouncing Flask"],"picked":"Infinite Blades+1","floor":48}],"player_experience":2292848,"relics_obtained":[{"floor":7.0,"key":"Vajra"},{"floor":9.0,"key":"Bag of Marbles"},{"floor":10.0,"key":"Oddly Smooth Stone"},{"floor":14.0,"key":"Odd Mushroom"},{"floor":26.0,"key":"Boot"},{"floor":31.0,"key":"PreservedInsect"},{"floor":41,"key":"Bronze Scales"},{"floor":43,"key":"Frozen Egg 2"}],"event_choices":[{"damage_healed":16.0,"max_hp_gain":0.0,"max_hp_loss":0.0,"gold_gain":0.0,"event_name":"The Cleric","player_choice":"Healed","floor":3.0,"gold_loss":35.0,"damage_taken":0.0},{"damage_healed":0.0,"max_hp_gain":5.0,"max_hp_loss":0.0,"gold_gain":0.0,"event_name":"Big Fish","player_choice":"Donut","floor":5.0,"gold_loss":0.0,"damage_taken":0.0},{"damage_healed":0.0,"max_hp_gain":0.0,"max_hp_loss":0.0,"gold_gain":0.0,"event_name":"Mushrooms","player_choice":"Fought Mushrooms","floor":14.0,"gold_loss":0.0,"damage_taken":0.0},{"damage_healed":0.0,"max_hp_gain":0.0,"max_hp_loss":0.0,"gold_gain":0.0,"event_name":"Beggar","player_choice":"Ignored","floor":21.0,"gold_loss":0.0,"damage_taken":0.0},{"damage_healed":0.0,"max_hp_gain":0.0,"max_hp_loss":0.0,"gold_gain":0.0,"event_name":"Cursed Tome","player_choice":"Ignored","floor":25.0,"gold_loss":0.0,"damage_taken":0.0},{"damage_healed":0,"gold_gain":0,"player_choice":"Ignored","damage_taken":0,"max_hp_gain":0,"max_hp_loss":0,"event_name":"Mysterious Sphere","floor":36,"gold_loss":0},{"damage_healed":0,"gold_gain":0,"player_choice":"Paid","damage_taken":0,"relics_obtained":["Red Mask"],"max_hp_gain":0,"max_hp_loss":0,"event_name":"Tomb of Lord Red Mask","floor":39,"gold_loss":78}],"is_beta":false,"boss_relics":[{"not_picked":["Busted Crown","Empty Cage"],"picked":"Fusion Hammer"},{"not_picked":["Black Star","Pandora\u0027s Box"],"picked":"WristBlade"}],"items_purged_floors":[37],"is_endless":false,"potions_floor_spawned":[2,12,14,18,22,29,30,33,38,41,42],"killed_by":"Time Eater","ascension_level":15}