{"gold_per_floor":[219,229,304,318,318,351,351,23,23,23,48,67,67,107,107,236,236,251,271,271,43,43,43,66,66,66,110,32,32,46,70,70,200,200,215,215,235,31,31,31,54,0,49,67,103,3,3,3,3,3],"floor_reached":50,"playtime":2357,"items_purged":["Strike_R","Strike_R"],"score":575,"play_id":"ecfdf342-17e9-40df-9d6d-6457db8420f2","local_time":"20190111141915","is_ascension_mode":false,"campfire_choices":[{"data":"True Grit","floor":7,"key":"SMITH"},{"floor":15,"key":"REST"},{"floor":23,"key":"RECALL"},{"floor":29,"key":"REST"},{"floor":32,"key":"REST"},{"data":"Bludgeon","floor":40,"key":"SMITH"},{"floor":49,"key":"REST"}],"neow_cost":"NONE","seed_source_timestamp":210031664797943,"circlet_count":0,"master_deck":["Strike_R","Defend_R","Defend_R","Defend_R","Defend_R","Bash","Uppercut","Battle Trance","True Grit+1","Bludgeon+1","Thunderclap","Shrug It Off","Battle Trance","Headbutt","Dark Embrace","Armaments","Rampage+1","Metallicize","Headbutt","Warcry+1","Reaper","Armaments+1","Metallicize","Double Tap+1","Shrug It Off+1","True Grit+1","Spot Weakness+1"],"relics":["Burning Blood","Golden Idol","Pocketwatch","Bronze Scales","Matryoshka","Mercury Hourglass","Empty Cage","Pen Nib","Regal Pillow","Toxic Egg 2","Ancient Tea Set","Busted Crown","Anchor","Red Mask","Potion Belt","Letter Opener"],"potions_floor_usage":[6,16,16,33,33,33,48],"damage_taken":[{"damage":14,"enemies":"Jaw Worm","floor":1,"turns":4},{"damage":2,"enemies":"2 Louse","floor":2,"turns":3},{"damage":2,"enemies":"Small Slimes","floor":4,"turns":4},{"damage":35,"enemies":"3 Sentries","floor":6,"turns":15},{"damage":17,"enemies":"Exordium Wildlife","floor":11,"turns":3},{"damage":3,"enemies":"3 Louse","floor":12,"turns":3},{"damage":23,"enemies":"Lagavulin","floor":14,"turns":5},{"damage":0,"enemies":"Slime Boss","floor":16,"turns":8},{"damage":10,"enemies":"Chosen","floor":18,"turns":3},{"damage":22,"enemies":"2 Thieves","floor":19,"turns":4},{"damage":18,"enemies":"Cultist and Chosen","floor":24,"turns":6},{"damage":47,"enemies":"Gremlin Leader","floor":27,"turns":5},{"damage":20,"enemies":"Snake Plant","floor":30,"turns":3},{"damage":7,"enemies":"Snecko","floor":31,"turns":5},{"damage":87,"enemies":"Collector","floor":33,"turns":11},{"damage":5,"enemies":"Orb Walker","floor":35,"turns":2},{"damage":28,"enemies":"3 Darklings","floor":37,"turns":4},{"damage":2,"enemies":"4 Shapes","floor":41,"turns":12},{"damage":33,"enemies":"Maw","floor":44,"turns":8},{"damage":53,"enemies":"Giant Head","floor":45,"turns":7},{"damage":0,"enemies":"Sphere and 2 Shapes","floor":48,"turns":1},{"damage":91,"enemies":"Donu and Deca","floor":50,"turns":5}],"seed_played":"1931432286324660056","potions_obtained":[{"floor":1,"key":"Strength Potion"},{"floor":12,"key":"Explosive Potion"},{"floor":14,"key":"EssenceOfSteel"},{"floor":18,"key":"Dexterity Potion"},{"floor":30,"key":"EntropicBrew"},{"floor":33,"key":"SteroidPotion"},{"floor":44,"key":"Energy Potion"},{"floor":47,"key":"SmokeBomb"}],"is_trial":false,"path_per_floor":["M","M","?","M","?","E","R","$","T","?","M","M","?","E","R","B",null,"M","M","?","$","?","R","M","$","T","E","$","R","M","M","R","B",null,"M","?","M","$","$","R","M","?","T","M","E","$","?","M","R","B"],"character_chosen":"IRONCLAD","items_purchased":["Bronze Scales","Thunderclap","Shrug It Off","Pen Nib","Metallicize","Reaper","Anchor","True Grit+1"],"campfire_rested":4,"item_purchase_floors":[8,8,8,21,21,28,38,38],"current_hp_per_floor":[72,76,65,69,69,40,40,40,40,33,22,25,51,34,58,64,80,76,60,60,60,60,60,48,48,48,7,7,46,32,31,70,10,80,80,80,70,70,70,70,74,74,74,52,9,9,9,15,54,0],"gold":3,"neow_bonus":"HUNDRED_GOLD","is_prod":false,"is_daily":false,"chose_seed":false,"campfire_upgraded":2,"win_rate":0,"timestamp":1547234355,"path_taken":["M","M","?","M","?","E","R","$","T","?","M","M","?","E","R","BOSS","M","M","?","$","?","R","M","$","T","E","?","R","M","M","R","BOSS","M","?","?","?","$","R","M","?","T","M","E","?","?","?","R","BOSS"],"build_version":"2019-01-10","purchased_purges":2,"victory":false,"max_hp_per_floor":[80,80,80,80,80,80,80,80,80,80,80,80,80,80,80,80,80,80,80,80,80,80,80,80,80,80,80,80,80,80,80,80,80,80,80,80,80,80,80,80,80,80,80,80,80,80,80,80,80,80],"card_choices":[{"not_picked":["Hemokinesis","Wild Strike"],"picked":"Uppercut","floor":1},{"not_picked":["Shrug It Off","Warcry"],"picked":"Battle Trance","floor":2},{"not_picked":["Cleave","Perfected Strike"],"picked":"True Grit","floor":4},{"not_picked":["Heavy Blade","Anger"],"picked":"Bludgeon","floor":6},{"not_picked":["Perfected Strike","Clash"],"picked":"Battle Trance","floor":11},{"not_picked":["Evolve","Sword Boomerang","Hemokinesis"],"picked":"SKIP","floor":12},{"not_picked":["Flex","Burning Pact"],"picked":"Headbutt","floor":14},{"not_picked":["Limit Break","Exhume"],"picked":"Dark Embrace","floor":16},{"not_picked":["Perfected Strike","Sword Boomerang"],"picked":"Armaments","floor":18},{"not_picked":["Clothesline","Sword Boomerang"],"picked":"Rampage+1","floor":19},{"not_picked":["Thunderclap","Twin Strike"],"picked":"Headbutt","floor":24},{"not_picked":["Entrench+1","Second Wind+1"],"picked":"Warcry+1","floor":27},{"not_picked":["Whirlwind+1","Fire Breathing+1"],"picked":"Armaments+1","floor":30},{"not_picked":["Sever Soul","Shrug It Off+1"],"picked":"Metallicize","floor":31},{"not_picked":["Limit Break+1","Brutality"],"picked":"Double Tap+1","floor":33},{"not_picked":["Headbutt+1"],"picked":"SKIP","floor":35},{"not_picked":[],"picked":"Shrug It Off+1","floor":37},{"not_picked":["Headbutt"],"picked":"SKIP","floor":41},{"not_picked":["Whirlwind+1"],"picked":"SKIP","floor":44},{"not_picked":[],"picked":"Spot Weakness+1","floor":45}],"player_experience":2077926,"relics_obtained":[{"floor":6,"key":"Pocketwatch"},{"floor":9,"key":"Matryoshka"},{"floor":14,"key":"Mercury Hourglass"},{"floor":26,"key":"Regal Pillow"},{"floor":26,"key":"Toxic Egg 2"},{"floor":27,"key":"Ancient Tea Set"},{"floor":43,"key":"Potion Belt"},{"floor":45,"key":"Letter Opener"}],"event_choices":[{"damage_healed":0,"gold_gain":75,"player_choice":"Gather Gold","damage_taken":11,"max_hp_gain":0,"max_hp_loss":0,"event_name":"World of Goop","floor":3,"gold_loss":0},{"damage_healed":0,"gold_gain":0,"player_choice":"Take Wound","damage_taken":0,"relics_obtained":["Golden Idol"],"max_hp_gain":0,"max_hp_loss":0,"event_name":"Golden Idol","floor":5,"gold_loss":0,"cards_obtained":["Injury"]},{"cards_removed":["Injury"],"damage_healed":0,"gold_gain":0,"player_choice":"Card Removal","damage_taken":7,"max_hp_gain":0,"max_hp_loss":0,"event_name":"Golden Wing","floor":10,"gold_loss":0},{"damage_healed":26,"gold_gain":0,"player_choice":"Banana","damage_taken":0,"max_hp_gain":0,"max_hp_loss":0,"event_name":"Big Fish","floor":13,"gold_loss":0},{"damage_healed":0,"gold_gain":0,"player_choice":"Ignored","damage_taken":0,"max_hp_gain":0,"max_hp_loss":0,"event_name":"Vampires","floor":20,"gold_loss":0},{"damage_healed":0,"gold_gain":0,"player_choice":"Ignored","damage_taken":0,"max_hp_gain":0,"max_hp_loss":0,"event_name":"Ghosts","floor":22,"gold_loss":0},{"damage_healed":0,"gold_gain":0,"player_choice":"Bought 0 Potions","damage_taken":0,"max_hp_gain":0,"max_hp_loss":0,"event_name":"The Woman in Blue","floor":36,"gold_loss":0},{"damage_healed":0,"gold_gain":0,"player_choice":"Paid","damage_taken":0,"relics_obtained":["Red Mask"],"max_hp_gain":0,"max_hp_loss":0,"event_name":"Tomb of Lord Red Mask","floor":42,"gold_loss":54},{"damage_healed":0,"gold_gain":0,"player_choice":"Got Potions","damage_taken":0,"max_hp_gain":0,"max_hp_loss":0,"event_name":"Lab","floor":47,"gold_loss":0}],"is_beta":false,"boss_relics":[{"not_picked":["Fusion Hammer","Coffee Dripper"],"picked":"Empty Cage"},{"not_picked":["Sozu","Cursed Key"],"picked":"Busted Crown"}],"items_purged_floors":[8,46],"is_endless":false,"potions_floor_spawned":[1,12,14,18,30,33,37,44,48],"killed_by":"Donu and Deca","ascension_level":0}