{"gold_per_floor":[112,132,132,132,145,145,171,171,224,259,274,274,126,126,126,204,204,217,267,279,279,296,296,39,55,55,55,90,109,109,122,122],"floor_reached":32,"playtime":3849,"items_purged":["Strike_G","Strike_G"],"score":473,"play_id":"4d9c1e08-3b11-4fc5-b9e2-c332423018bf","local_time":"20180801211934","is_ascension_mode":true,"campfire_choices":[{"data":"Infinite Blades","floor":6,"key":"SMITH"},{"data":"Footwork","floor":12,"key":"SMITH"},{"data":"Noxious Fumes","floor":15,"key":"SMITH"},{"data":"Bouncing Flask","floor":23,"key":"SMITH"},{"floor":32,"key":"REST"}],"neow_cost":"NONE","seed_source_timestamp":245847382717234,"circlet_count":0,"master_deck":["Defend_G+1","Defend_G+1","Defend_G+1","Defend_G+1","Defend_G+1","Strike_G+1","Strike_G+1","Strike_G+1","Survivor","Neutralize+1","AscendersBane","Footwork+1","Dash","Infinite Blades+1","Terror+1","Bouncing Flask+1","Endless Agony","Noxious Fumes+1","Adrenaline","PiercingWail","Cloak And Dagger","Crippling Poison","Dash","Blur","Backstab","Noxious Fumes","Backstab","Deflect","Accuracy"],"relics":["Ring of the Snake","Blue Candle","Meat on the Bone","War Paint","Darkstone Periapt","Orrery","Letter Opener","Bag of Preparation"],"potions_floor_usage":[5,28],"damage_taken":[{"damage":2,"enemies":"Small Slimes","floor":1,"turns":5},{"damage":0,"enemies":"Cultist","floor":2,"turns":5},{"damage":0,"enemies":"2 Louse","floor":5,"turns":3},{"damage":8,"enemies":"Lagavulin","floor":7,"turns":9},{"damage":6,"enemies":"3 Sentries","floor":10,"turns":10},{"damage":9,"enemies":"Exordium Wildlife","floor":11,"turns":4},{"damage":15,"enemies":"The Guardian","floor":16,"turns":9},{"damage":0,"enemies":"3 Byrds","floor":18,"turns":7},{"damage":13,"enemies":"Spheric Guardian","floor":20,"turns":5},{"damage":21,"enemies":"Cultist and Chosen","floor":22,"turns":7},{"damage":0,"enemies":"Snecko","floor":25,"turns":5},{"damage":11,"enemies":"Gremlin Leader","floor":28,"turns":7},{"damage":36,"enemies":"Slaver and Parasite","floor":29,"turns":10},{"damage":19,"enemies":"Snake Plant","floor":31,"turns":6}],"seed_played":"6785380854653887908","potions_obtained":[{"floor":1,"key":"Weak Potion"},{"floor":3,"key":"Fruit Juice"},{"floor":3,"key":"Block Potion"},{"floor":7,"key":"Weak Potion"},{"floor":10,"key":"Explosive Potion"},{"floor":29,"key":"Swift Potion"}],"is_trial":false,"path_per_floor":["M","M","?","?","M","R","E","T","T","E","M","R","$","?","R","B",null,"M","?","M","?","M","R","$","M","T","$","E","M","?","M"],"character_chosen":"THE_SILENT","items_purchased":["Noxious Fumes","Backstab","Noxious Fumes"],"campfire_rested":1,"item_purchase_floors":[13,24,24],"current_hp_per_floor":[57,57,57,62,67,67,59,59,59,53,44,44,44,44,44,41,67,67,67,54,54,45,45,45,45,45,45,46,22,22,15,37],"gold":122,"neow_bonus":"UPGRADE_CARD","is_prod":false,"is_daily":false,"chose_seed":false,"campfire_upgraded":4,"win_rate":0,"timestamp":1533151174,"path_taken":["M","M","?","?","M","R","E","?","T","E","M","R","$","?","R","BOSS","M","?","?","?","M","R","$","?","T","$","E","M","?","M","R"],"build_version":"2018-07-26","purchased_purges":2,"victory":false,"max_hp_per_floor":[66,66,66,71,76,76,76,76,76,76,76,76,76,76,76,76,76,76,76,76,76,76,76,76,76,76,76,76,76,76,76,76],"card_choices":[{"not_picked":["PiercingWail","Quick Slash"],"picked":"Footwork","floor":1},{"not_picked":["Outmaneuver","Blade Dance"],"picked":"Dash","floor":2},{"not_picked":["Crippling Poison","Dagger Spray"],"picked":"Infinite Blades","floor":5},{"not_picked":["Flying Knee","Unload"],"picked":"Terror","floor":7},{"not_picked":["Slice","Calculated Gamble"],"picked":"Bouncing Flask","floor":10},{"not_picked":["Acrobatics","Outmaneuver"],"picked":"Endless Agony","floor":11},{"not_picked":["Storm of Steel","Venomology"],"picked":"Adrenaline","floor":16},{"not_picked":["Quick Slash","Cloak And Dagger"],"picked":"PiercingWail","floor":17},{"not_picked":["Dagger Spray","Eviscerate"],"picked":"Cloak And Dagger","floor":17},{"not_picked":["Slice","Masterful Stab"],"picked":"Crippling Poison","floor":18},{"not_picked":["Grand Finale","Infinite Blades"],"picked":"Dash","floor":20},{"not_picked":["Quick Slash","Deflect"],"picked":"Blur","floor":22},{"not_picked":["Dagger Spray","Predator"],"picked":"Backstab","floor":25},{"not_picked":["Masterful Stab","Terror"],"picked":"Deflect","floor":28},{"not_picked":["Die Die Die","Dagger Throw","Poisoned Stab"],"picked":"SKIP","floor":29},{"not_picked":["Quick Slash","Skewer"],"picked":"Accuracy","floor":31}],"player_experience":1220908,"relics_obtained":[{"floor":7,"key":"Blue Candle"},{"floor":8,"key":"Meat on the Bone"},{"floor":9,"key":"War Paint"},{"floor":10,"key":"Darkstone Periapt"},{"floor":26,"key":"Letter Opener"},{"floor":28,"key":"Bag of Preparation"}],"event_choices":[{"event_name":"The Lab","player_choice":"Got Potions","floor":3,"damage_taken":0},{"event_name":"Big Fish","player_choice":"Donut","floor":4,"damage_taken":0},{"event_name":"Liars Game","player_choice":"disagreed","floor":14,"damage_taken":0},{"event_name":"Nest","player_choice":"Stole From Cult","floor":19,"damage_taken":0},{"event_name":"Ghosts","player_choice":"Ignored","floor":21,"damage_taken":0},{"event_name":"Back to Basics","player_choice":"Simplicity","floor":30,"damage_taken":0}],"is_beta":false,"boss_relics":[{"not_picked":["Sozu","Empty Cage"],"picked":"Orrery"}],"items_purged_floors":[13,24],"is_endless":false,"potions_floor_spawned":[1,7,10,11,16,22,29],"ascension_level":15}