{"gold_per_floor":[118,118,293,293,316,316,341,341,341,415,415,415],"floor_reached":12,"playtime":933,"items_purged":[],"score":76,"play_id":"728e3b76-02d6-4b6a-a12b-71914d023452","local_time":"20190110142403","is_ascension_mode":false,"campfire_choices":[{"data":"Seeing Red","floor":6,"key":"SMITH"},{"data":"Pummel","floor":11,"key":"SMITH"}],"neow_cost":"NONE","seed_source_timestamp":77123877338745,"circlet_count":0,"master_deck":["Strike_R","Strike_R","Strike_R","Strike_R","Defend_R","Defend_R","Defend_R","Defend_R","Bash","Seeing Red+1","Pummel+1"],"relics":["Burning Blood","Omamori","Golden Idol","Oddly Smooth Stone","Prayer Wheel","Tiny Chest"],"potions_floor_usage":[12,12],"damage_taken":[{"damage":0,"enemies":"Small Slimes","floor":1,"turns":3},{"damage":3,"enemies":"Cultist","floor":5,"turns":5},{"damage":2,"enemies":"Jaw Worm","floor":7,"turns":3},{"damage":33,"enemies":"Gremlin Nob","floor":10,"turns":5},{"damage":39,"enemies":"3 Sentries","floor":12,"turns":7}],"seed_played":"-597388547542390088","potions_obtained":[{"floor":1,"key":"Dexterity Potion"},{"floor":10,"key":"SkillPotion"}],"is_trial":false,"path_per_floor":["M","?","?","?","M","R","M","?","T","E","R","E"],"character_chosen":"IRONCLAD","items_purchased":[],"campfire_rested":0,"item_purchase_floors":[],"current_hp_per_floor":[80,60,60,60,63,63,67,60,60,33,33,0],"gold":415,"neow_bonus":"RANDOM_COMMON_RELIC","is_prod":false,"is_daily":false,"chose_seed":false,"campfire_upgraded":2,"win_rate":0,"timestamp":1547092443,"path_taken":["M","?","?","?","?","R","M","?","T","E","R","E"],"build_version":"2019-01-03v4","purchased_purges":0,"victory":false,"max_hp_per_floor":[80,80,80,80,80,80,80,80,80,80,80,80],"card_choices":[{"not_picked":["Anger","Flex"],"picked":"Seeing Red","floor":1},{"not_picked":["Entrench","Clothesline","Havoc"],"picked":"SKIP","floor":5},{"not_picked":["Shrug It Off","Flex"],"picked":"Pummel","floor":7},{"not_picked":["Clothesline","Pommel Strike","Warcry"],"picked":"SKIP","floor":10}],"player_experience":392876,"relics_obtained":[{"floor":9,"key":"Prayer Wheel"},{"floor":10,"key":"Tiny Chest"}],"event_choices":[{"damage_healed":0,"gold_gain":0,"player_choice":"Take Damage","damage_taken":20,"relics_obtained":["Golden Idol"],"max_hp_gain":0,"max_hp_loss":0,"event_name":"Golden Idol","floor":2,"gold_loss":0},{"damage_healed":0,"gold_gain":175,"player_choice":"AGREE","damage_taken":0,"max_hp_gain":0,"max_hp_loss":0,"event_name":"Liars Game","floor":3,"gold_loss":0,"cards_obtained":["Doubt"]},{"cards_removed":["Strike_R"],"damage_healed":0,"gold_gain":0,"player_choice":"Card Removal","damage_taken":0,"max_hp_gain":0,"max_hp_loss":0,"event_name":"Wheel of Change","floor":4,"gold_loss":0},{"damage_healed":0,"gold_gain":0,"player_choice":"Success","damage_taken":7,"relics_obtained":["Oddly Smooth Stone"],"max_hp_gain":0,"max_hp_loss":0,"event_name":"Scrap Ooze","floor":8,"gold_loss":0}],"is_beta":false,"boss_relics":[],"items_purged_floors":[],"is_endless":false,"potions_floor_spawned":[1,10],"killed_by":"3 Sentries","ascension_level":0}