{"path_per_floor":["M","?","?","$","M","R","M","M","T","R","M","?","?","$","R","B",null,"M","?","?"],"character_chosen":"DEFECT","items_purchased":["Sweeping Beam"],"gold_per_floor":[110,110,110,11,34,34,59,78,78,78,92,92,92,92,92,216,216,234,234,234,234],"floor_reached":21,"campfire_rested":2,"playtime":673,"item_purchase_floors":[4],"current_hp_per_floor":[73,73,55,55,53,53,43,43,43,65,57,57,57,57,75,37,66,37,21,21,0],"items_purged":["Strike_B"],"gold":234,"score":209,"play_id":"2185ec9c-cd63-49da-acaa-8c78fd6421d3","local_time":"20180616151609","is_prod":false,"is_daily":false,"chose_seed":false,"is_ascension_mode":true,"campfire_upgraded":1,"win_rate":0,"timestamp":1529176569,"campfire_choices":[{"data":"Barrage","floor":6,"key":"SMITH"},{"floor":10,"key":"REST"},{"floor":15,"key":"REST"}],"path_taken":["M","?","?","$","M","R","M","M","T","R","?","?","?","$","R","BOSS","M","?","?","M"],"build_version":"2018-06-14v2","seed_source_timestamp":215233727897701,"purchased_purges":1,"victory":false,"master_deck":["Defend_B","Defend_B","Defend_B","Defend_B","Zap","Dualcast","Go for the Eyes","Sweeping Beam","Barrage+1","Gash","Barrage","Scrape","Core Surge","Steam Power+1","Loop+1","Scrape"],"max_hp_per_floor":[75,75,75,75,75,75,75,75,75,75,75,75,75,75,75,75,75,75,75,75,75],"relics":["Cracked Core","Golden Idol","Bottled Lightning","Astrolabe","Enchiridion"],"card_choices":[{"not_picked":["Stack","Barrage"],"picked":"Go for the Eyes","floor":1},{"not_picked":["Steam Power","Stack"],"picked":"Barrage","floor":5},{"not_picked":["Reprogram","Tempest"],"picked":"Gash","floor":7},{"not_picked":["Redo","Double Energy"],"picked":"Barrage","floor":8},{"not_picked":["Steam","Rebound"],"picked":"Scrape","floor":11},{"not_picked":["Meteor Strike","Rainbow"],"picked":"Core Surge","floor":16},{"not_picked":["Leap+1","Consume+1","Defragment"],"picked":"SKIP","floor":18}],"player_experience":604682,"potions_floor_usage":[16,18],"damage_taken":[{"damage":2,"enemies":"Jaw Worm","floor":1,"turns":3},{"damage":2,"enemies":"2 Louse","floor":5,"turns":2},{"damage":10,"enemies":"Small Slimes","floor":7,"turns":2},{"damage":0,"enemies":"2 Fungi Beasts","floor":8,"turns":3},{"damage":8,"enemies":"Looter","floor":11,"turns":2},{"damage":38,"enemies":"Slime Boss","floor":16,"turns":7},{"damage":29,"enemies":"2 Thieves","floor":18,"turns":4},{"damage":25,"enemies":"Shell Parasite","floor":21,"turns":3}],"relics_obtained":[{"floor":9,"key":"Bottled Lightning"},{"floor":19,"key":"Enchiridion"}],"event_choices":[{"event_name":"Shining Light","player_choice":"Ignored","floor":2,"damage_taken":0},{"event_name":"Golden Idol","player_choice":"Take Damage","floor":3,"damage_taken":0},{"event_name":"The Woman in Blue","player_choice":"Bought 0 Potions","floor":12,"damage_taken":0},{"event_name":"Liars Game","player_choice":"disagreed","floor":13,"damage_taken":0},{"event_name":"Cursed Tome","player_choice":"Obtained Book","floor":19,"damage_taken":0},{"event_name":"Transmorgrifier","player_choice":"Transform","floor":20,"damage_taken":0}],"boss_relics":[{"not_picked":["Busted Crown","Fusion Hammer"],"picked":"Astrolabe"}],"items_purged_floors":[4],"is_endless":false,"potions_floor_spawned":[5,7],"seed_played":"6348045186582616531","killed_by":"Shell Parasite","ascension_level":5,"potions_obtained":[{"floor":5,"key":"SteroidPotion"},{"floor":7,"key":"FocusPotion"}],"is_trial":false}