{"path_per_floor":["M","?","?","$","?","E","?","E","T","R","$","R","E","M","R"],"character_chosen":"DEFECT","items_purchased":["Doom and Gloom","Defragment","Fission","Echo Form"],"gold_per_floor":[216,391,391,90,90,123,123,456,526,526,346,346,374,388,388,388],"floor_reached":16,"campfire_rested":3,"playtime":1096,"item_purchase_floors":[4,4,4,11],"current_hp_per_floor":[75,75,75,75,60,42,60,22,22,44,44,66,42,38,60,0],"items_purged":["Strike_B","Strike_B"],"gold":388,"score":120,"play_id":"27747713-5e19-4426-8d89-0dbf9727ae20","local_time":"20180603222934","is_prod":false,"is_daily":false,"chose_seed":false,"is_ascension_mode":true,"campfire_upgraded":0,"win_rate":0,"timestamp":1528079374,"campfire_choices":[{"floor":10,"key":"REST"},{"floor":12,"key":"REST"},{"floor":15,"key":"REST"}],"path_taken":["M","?","?","?","?","E","?","E","T","R","$","R","E","M","R","BOSS"],"build_version":"2018-05-31","seed_source_timestamp":274383434078396,"purchased_purges":2,"victory":false,"master_deck":["Strike_B","Strike_B","Defend_B","Defend_B+1","Defend_B","Defend_B","Zap","Dualcast","Coolheaded","Doom and Gloom","Defragment+1","Fission","Chaos","Parasite","Streamline","Echo Form","Fission","Chill"],"max_hp_per_floor":[75,75,75,75,75,75,75,75,75,75,75,75,75,75,75,75],"relics":["Cracked Core","Oddly Smooth Stone","Old Coin","Bottled Lightning","Shuriken"],"card_choices":[{"not_picked":["Ball Lightning","BootSequence"],"picked":"Coolheaded","floor":1},{"not_picked":["Barrage","Beam Cell"],"picked":"Chaos","floor":6},{"not_picked":["Skim","Aggregate"],"picked":"Streamline","floor":8},{"not_picked":["Gash","Double Energy"],"picked":"Fission","floor":13},{"not_picked":["Gash","Stack"],"picked":"Chill","floor":14}],"player_experience":309525,"potions_floor_usage":[16],"damage_taken":[{"damage":0,"enemies":"Small Slimes","floor":1,"turns":3},{"damage":18,"enemies":"3 Sentries","floor":6,"turns":7},{"damage":38,"enemies":"Lagavulin","floor":8,"turns":8},{"damage":24,"enemies":"3 Sentries","floor":13,"turns":4},{"damage":4,"enemies":"2 Louse","floor":14,"turns":2},{"damage":60,"enemies":"Hexaghost","floor":16,"turns":9}],"relics_obtained":[{"floor":6,"key":"Oddly Smooth Stone"},{"floor":8,"key":"Old Coin"},{"floor":9,"key":"Bottled Lightning"},{"floor":13,"key":"Shuriken"}],"event_choices":[{"event_name":"Liars Game","player_choice":"agreed","floor":2,"damage_taken":0},{"event_name":"Fountain of Cleansing","player_choice":"Removed Curse","floor":3,"damage_taken":0},{"event_name":"Shining Light","player_choice":"Entered Light","floor":5,"damage_taken":0},{"event_name":"Mushrooms","player_choice":"Healed and dodged fight","floor":7,"damage_taken":0}],"boss_relics":[],"items_purged_floors":[4,11],"potions_floor_spawned":[8,14],"seed_played":"7995471811895122269","killed_by":"Hexaghost","ascension_level":1,"potions_obtained":[{"floor":8,"key":"Energy Potion"},{"floor":14,"key":"Fire Potion"}],"is_trial":false}