{"gold_per_floor":[361,381,394,48,66,66,92,92,92,106,106,106,106,106],"floor_reached":14,"playtime":370,"items_purged":[],"score":171,"play_id":"af4fb306-7224-496d-b26b-855da5089f73","local_time":"20190129171611","is_ascension_mode":true,"campfire_choices":[{"floor":6,"key":"REST"},{"data":"Defragment","floor":8,"key":"SMITH"},{"floor":12,"key":"REST"}],"neow_cost":"TEN_PERCENT_HP_LOSS","seed_source_timestamp":449689467373045,"circlet_count":0,"master_deck":["AscendersBane","Strike_B","Strike_B","Strike_B","Strike_B","Defend_B","Defend_B","Defend_B","Defend_B","Zap","Dualcast","Doom and Gloom","Leap","Self Repair","Defragment+1","Leap","Loop","Glacier","Injury"],"relics":["Cracked Core","Mercury Hourglass","Symbiotic Virus","Ornamental Fan","Golden Idol","Molten Egg 2"],"potions_floor_usage":[7],"damage_taken":[{"damage":4,"enemies":"2 Louse","floor":1,"turns":2},{"damage":7,"enemies":"Jaw Worm","floor":2,"turns":3},{"damage":4,"enemies":"Small Slimes","floor":3,"turns":3},{"damage":12,"enemies":"Blue Slaver","floor":5,"turns":3},{"damage":24,"enemies":"Lagavulin","floor":7,"turns":7},{"damage":14,"enemies":"Red Slaver","floor":10,"turns":4},{"damage":54,"enemies":"Gremlin Nob","floor":14,"turns":4}],"seed_played":"-2070455337609126980","potions_obtained":[{"floor":5,"key":"FearPotion"},{"floor":10,"key":"SkillPotion"}],"is_trial":false,"path_per_floor":["M","M","M","$","M","R","E","R","T","M","?","R","T","E"],"character_chosen":"DEFECT","items_purchased":["Defragment","Mercury Hourglass"],"campfire_rested":2,"item_purchase_floors":[4,4],"current_hp_per_floor":[60,53,49,49,44,63,46,46,46,32,32,51,51,0],"gold":106,"neow_bonus":"TWO_FIFTY_GOLD","is_prod":false,"is_daily":false,"chose_seed":false,"campfire_upgraded":1,"win_rate":0,"timestamp":1548800171,"path_taken":["M","M","M","$","M","R","E","R","T","M","?","R","?","E"],"build_version":"2019-01-23","purchased_purges":0,"victory":false,"max_hp_per_floor":[64,64,64,64,64,64,64,64,64,64,64,64,64,64],"card_choices":[{"not_picked":["Go for the Eyes","Compile Driver"],"picked":"Doom and Gloom","floor":1},{"not_picked":["Compile Driver","Gash"],"picked":"Leap","floor":2},{"not_picked":["Stack","Leap"],"picked":"Self Repair","floor":3},{"not_picked":["Streamline","Hologram"],"picked":"Leap","floor":5},{"not_picked":["Recycle","FTL"],"picked":"Loop","floor":7},{"not_picked":["Ball Lightning","Barrage"],"picked":"Glacier","floor":10}],"player_experience":2207267,"relics_obtained":[{"floor":7,"key":"Symbiotic Virus"},{"floor":9,"key":"Ornamental Fan"},{"floor":13,"key":"Molten Egg 2"}],"event_choices":[{"damage_healed":0,"gold_gain":0,"player_choice":"Take Wound","damage_taken":0,"relics_obtained":["Golden Idol"],"max_hp_gain":0,"max_hp_loss":0,"event_name":"Golden Idol","floor":11,"gold_loss":0,"cards_obtained":["Injury"]}],"is_beta":false,"boss_relics":[],"items_purged_floors":[],"is_endless":false,"potions_floor_spawned":[5,10],"killed_by":"Gremlin Nob","ascension_level":18}