{"gold_per_floor":[211,229,83,99,114,114,143,143,143,143,143,243,28,41,41,142,142,155,254,269,269,269,269,284,296,296,314,339,339,353,367,367,367],"floor_reached":33,"playtime":2239,"items_purged":["Strike_G"],"score":269,"play_id":"8f2059e0-cec8-4e1e-9f51-c21732ab9b33","local_time":"20180702203444","is_ascension_mode":false,"campfire_choices":[{"floor":6,"key":"REST"},{"data":"Survivor","floor":10,"key":"SMITH"},{"floor":15,"key":"REST"},{"data":"Panache","floor":23,"key":"SMITH"},{"floor":29,"key":"REST"},{"floor":32,"key":"REST"}],"neow_cost":"NONE","seed_source_timestamp":692841471640090,"circlet_count":0,"master_deck":["Defend_G","Defend_G","Defend_G+1","Defend_G","Defend_G","Strike_G","Strike_G","Survivor+1","Neutralize+1","Calculated Gamble","Quick Slash","All Out Attack+1","Unload+1","Dagger Throw","Panache+1","Infinite Blades","Tactician","Reflex","Caltrops+1","Dodge and Roll","Reflex","Cloak And Dagger+1","Blur","Prepared"],"relics":["Ring of the Snake","Whetstone","Oddly Smooth Stone","Empty Cage","Darkstone Periapt","Molten Egg 2","Ninja Scroll"],"potions_floor_usage":[5,16,24,27,28,28,30,33],"damage_taken":[{"damage":9,"enemies":"Jaw Worm","floor":1,"turns":4},{"damage":6,"enemies":"Cultist","floor":2,"turns":3},{"damage":0,"enemies":"2 Louse","floor":4,"turns":2},{"damage":2,"enemies":"Large Slime","floor":5,"turns":5},{"damage":24,"enemies":"Gremlin Nob","floor":7,"turns":4},{"damage":7,"enemies":"Looter","floor":14,"turns":2},{"damage":36,"enemies":"Hexaghost","floor":16,"turns":10},{"damage":6,"enemies":"Spheric Guardian","floor":18,"turns":4},{"damage":0,"enemies":"Chosen","floor":20,"turns":5},{"damage":10,"enemies":"Centurion and Healer","floor":24,"turns":7},{"damage":6,"enemies":"3 Cultists","floor":25,"turns":4},{"damage":5,"enemies":"Snake Plant","floor":27,"turns":5},{"damage":36,"enemies":"Slavers","floor":28,"turns":5},{"damage":20,"enemies":"Cultist and Chosen","floor":30,"turns":8},{"damage":2,"enemies":"Centurion and Healer","floor":31,"turns":8},{"damage":28,"enemies":"Collector","floor":33,"turns":7}],"seed_played":"-228279005425015491","potions_obtained":[{"floor":1,"key":"Strength Potion"},{"floor":4,"key":"Explosive Potion"},{"floor":18,"key":"EssenceOfSteel"},{"floor":22,"key":"Strength Potion"},{"floor":22,"key":"Block Potion"},{"floor":25,"key":"Weak Potion"},{"floor":28,"key":"EssenceOfSteel"},{"floor":31,"key":"GhostInAJar"}],"is_trial":false,"path_per_floor":["M","M","$","M","M","R","E","?","T","R","?","?","$","M","R","B",null,"M","?","M","T","?","R","M","M","T","M","E","R","M","M","R"],"character_chosen":"THE_SILENT","items_purchased":["All Out Attack","Panache","Infinite Blades"],"campfire_rested":4,"item_purchase_floors":[3,13,13],"current_hp_per_floor":[61,55,55,55,53,70,46,46,46,46,32,32,32,25,46,10,70,64,64,64,64,64,64,54,48,48,43,7,28,8,6,27,0],"gold":367,"neow_bonus":"HUNDRED_GOLD","is_prod":false,"is_daily":false,"chose_seed":false,"campfire_upgraded":2,"win_rate":0,"timestamp":1530578084,"path_taken":["M","M","$","M","M","R","E","?","T","R","?","?","$","M","R","BOSS","M","?","M","?","?","R","M","M","T","M","E","R","M","M","R","BOSS"],"build_version":"2018-06-28","purchased_purges":1,"victory":false,"max_hp_per_floor":[70,70,70,70,70,70,70,70,70,70,70,70,70,70,70,70,70,70,70,70,70,70,70,70,70,70,70,70,70,70,70,70,70],"card_choices":[{"not_picked":["Predator","Well Laid Plans"],"picked":"Calculated Gamble","floor":1},{"not_picked":["Underhanded Strike","Skewer"],"picked":"Quick Slash","floor":2},{"not_picked":["Slice","Bane","Outmaneuver"],"picked":"SKIP","floor":4},{"not_picked":["Heel Hook","Flechettes"],"picked":"Unload","floor":5},{"not_picked":["Escape Plan","Underhanded Strike"],"picked":"Dagger Throw","floor":7},{"not_picked":["Catalyst","Dagger Spray","Heel Hook"],"picked":"SKIP","floor":14},{"not_picked":["Phantasmal Killer","Corpse Explosion"],"picked":"Tactician","floor":16},{"not_picked":["Bane","Quick Slash","Concentrate"],"picked":"SKIP","floor":18},{"not_picked":["Prepared","Deflect+1"],"picked":"Reflex","floor":20},{"not_picked":["Escape Plan","Outmaneuver"],"picked":"Caltrops+1","floor":24},{"not_picked":["Flying Knee","Skewer"],"picked":"Dodge and Roll","floor":25},{"not_picked":["Finisher+1","Skewer+1"],"picked":"Reflex","floor":27},{"not_picked":["Reflex","Tactician"],"picked":"Cloak And Dagger+1","floor":28},{"not_picked":["Underhanded Strike+1","Eviscerate+1"],"picked":"Blur","floor":30},{"not_picked":["Bane+1","Riddle With Holes+1"],"picked":"Prepared","floor":31}],"player_experience":929524,"relics_obtained":[{"floor":7,"key":"Whetstone"},{"floor":9,"key":"Oddly Smooth Stone"},{"floor":21,"key":"Darkstone Periapt"},{"floor":26,"key":"Molten Egg 2"},{"floor":28,"key":"Ninja Scroll"}],"event_choices":[{"event_name":"Liars Game","player_choice":"disagreed","floor":8,"damage_taken":0},{"event_name":"Shining Light","player_choice":"Entered Light","floor":11,"damage_taken":0},{"event_name":"Golden Shrine","player_choice":"Pray","floor":12,"damage_taken":0},{"event_name":"Nest","player_choice":"Stole From Cult","floor":19,"damage_taken":0},{"event_name":"The Lab","player_choice":"Got Potions","floor":22,"damage_taken":0}],"boss_relics":[{"not_picked":["Runic Pyramid","Philosopher\u0027s Stone"],"picked":"Empty Cage"}],"items_purged_floors":[3],"is_endless":false,"potions_floor_spawned":[1,4,18,25,28,31],"killed_by":"Collector","ascension_level":0}