{"gold_per_floor":[110,40,51,63,82,82,108,108,108,133,196,213,233,243,243,346,376,394,122,140,140,140,140,190,190,217,231,245,264,264,280,280,280],"floor_reached":33,"playtime":1846,"items_purged":["Normality"],"score":351,"play_id":"6dd58be9-fb61-4ceb-aa8e-98aaca376895","local_time":"20180709152220","is_ascension_mode":true,"campfire_choices":[{"floor":6,"key":"REST"},{"data":"Catalyst","floor":8,"key":"SMITH"},{"floor":15,"key":"REST"},{"data":"Bouncing Flask","floor":23,"key":"SMITH"},{"data":"Adrenaline","floor":25,"key":"SMITH"},{"floor":32,"key":"REST"}],"neow_cost":"NONE","seed_source_timestamp":496866627497602,"circlet_count":0,"master_deck":["Defend_G+1","Defend_G+1","Defend_G+1","Defend_G+1","Defend_G+1","Strike_G+1","Strike_G+1","Strike_G+1","Strike_G+1","Strike_G+1","Survivor","Neutralize","Bouncing Flask+1","Deadly Poison","Deadly Poison","Quick Slash","Deadly Poison","Backflip","Blur","Footwork","Backstab","Catalyst+1","Adrenaline+1","Outmaneuver","Dagger Spray","PiercingWail","Poisoned Stab","Dodge and Roll","Tools of the Trade","Expertise","Backflip","Leg Sweep","Backstab","Sucker Punch","Escape Plan","Envenom","Leg Sweep+1"],"relics":["Orrery","Anchor","Meat on the Bone","Ginger","Omamori","Calling Bell","Tiny Chest","Letter Opener","Incense Burner","Bag of Marbles"],"potions_floor_usage":[5,7,10,16,16,18,28,33,33,33],"damage_taken":[{"damage":0,"enemies":"Small Slimes","floor":1,"turns":3},{"damage":6,"enemies":"Cultist","floor":3,"turns":3},{"damage":8,"enemies":"Jaw Worm","floor":4,"turns":5},{"damage":9,"enemies":"Red Slaver","floor":5,"turns":3},{"damage":14,"enemies":"Lagavulin","floor":7,"turns":5},{"damage":16,"enemies":"3 Sentries","floor":10,"turns":8},{"damage":20,"enemies":"Lagavulin Event","floor":11,"turns":3},{"damage":0,"enemies":"Lots of Slimes","floor":12,"turns":4},{"damage":0,"enemies":"3 Louse","floor":13,"turns":3},{"damage":4,"enemies":"Gremlin Gang","floor":14,"turns":4},{"damage":15,"enemies":"The Guardian","floor":16,"turns":7},{"damage":22,"enemies":"Shell Parasite","floor":18,"turns":4},{"damage":0,"enemies":"Chosen","floor":20,"turns":4},{"damage":2,"enemies":"Centurion and Healer","floor":27,"turns":7},{"damage":36,"enemies":"3 Cultists","floor":28,"turns":8},{"damage":1,"enemies":"Snake Plant","floor":29,"turns":3},{"damage":0,"enemies":"Centurion and Healer","floor":31,"turns":7},{"damage":66,"enemies":"Collector","floor":33,"turns":6}],"seed_played":"-3987590799213206242","potions_obtained":[{"floor":4,"key":"EntropicBrew"},{"floor":5,"key":"Poison Potion"},{"floor":13,"key":"Ancient Potion"},{"floor":14,"key":"Ancient Potion"},{"floor":16,"key":"Regen Potion"},{"floor":20,"key":"AttackPotion"},{"floor":28,"key":"Block Potion"},{"floor":31,"key":"AttackPotion"}],"is_trial":false,"path_per_floor":["M","$","M","M","M","R","E","R","T","E","?","M","M","M","R","B",null,"M","$","M","?","?","R","?","R","T","M","M","M","?","M","R"],"character_chosen":"THE_SILENT","items_purchased":["Blur","Backflip","Leg Sweep","Backstab"],"campfire_rested":3,"item_purchase_floors":[2,19,19,19],"current_hp_per_floor":[70,70,64,56,47,68,54,54,54,38,30,42,42,38,59,44,64,54,54,54,54,54,54,54,54,54,52,28,39,39,39,60,0],"gold":280,"neow_bonus":"BOSS_RELIC","is_prod":false,"is_daily":false,"chose_seed":false,"campfire_upgraded":3,"win_rate":0,"timestamp":1531164140,"path_taken":["M","$","M","M","M","R","E","R","T","E","?","M","M","?","R","BOSS","M","$","?","?","?","R","?","R","T","M","M","M","?","?","R","BOSS"],"build_version":"2018-07-05","purchased_purges":1,"victory":false,"max_hp_per_floor":[70,70,70,70,70,70,70,70,70,70,70,70,70,70,70,70,70,70,70,70,70,70,70,70,70,70,70,70,70,70,70,70,70],"card_choices":[{"not_picked":["Backflip","Acrobatics"],"picked":"Bouncing Flask","floor":0},{"not_picked":["Dodge and Roll","Prepared"],"picked":"Deadly Poison","floor":0},{"not_picked":["Dagger Spray","Backflip"],"picked":"Deadly Poison","floor":0},{"not_picked":["Underhanded Strike","Dagger Spray"],"picked":"Quick Slash","floor":0},{"not_picked":["Deflect","Bane"],"picked":"Deadly Poison","floor":0},{"not_picked":["Bane","Dagger Throw"],"picked":"Backflip","floor":1},{"not_picked":["Quick Slash","Venomology"],"picked":"Footwork","floor":3},{"not_picked":["Bane","Underhanded Strike"],"picked":"Backstab","floor":4},{"not_picked":["Flechettes","Blade Dance"],"picked":"Catalyst","floor":5},{"not_picked":["Prepared","Finisher"],"picked":"Adrenaline","floor":7},{"not_picked":["Sucker Punch","Endless Agony"],"picked":"Outmaneuver","floor":10},{"not_picked":["Choke","Dagger Throw"],"picked":"Dagger Spray","floor":11},{"not_picked":["Masterful Stab","Deflect"],"picked":"PiercingWail","floor":12},{"not_picked":["Deflect","Cloak And Dagger"],"picked":"Poisoned Stab","floor":13},{"not_picked":["Slice","Cloak And Dagger"],"picked":"Dodge and Roll","floor":14},{"not_picked":["Bullet Time","Adrenaline"],"picked":"Tools of the Trade","floor":16},{"not_picked":["Dodge and Roll","Underhanded Strike"],"picked":"Expertise","floor":18},{"not_picked":["Accuracy","Quick Slash"],"picked":"Sucker Punch","floor":20},{"not_picked":["Slice","Prepared+1"],"picked":"Escape Plan","floor":27},{"not_picked":["Catalyst+1","Backflip"],"picked":"Envenom","floor":28},{"not_picked":["Slice","Eviscerate","Prepared"],"picked":"SKIP","floor":29},{"not_picked":["Blade Dance","Distraction"],"picked":"Leg Sweep+1","floor":31}],"player_experience":1008507,"relics_obtained":[{"floor":7,"key":"Anchor"},{"floor":9,"key":"Meat on the Bone"},{"floor":10,"key":"Ginger"},{"floor":11,"key":"Omamori"},{"floor":17,"key":"Tiny Chest"},{"floor":17,"key":"Letter Opener"},{"floor":17,"key":"Incense Burner"},{"floor":26,"key":"Bag of Marbles"}],"event_choices":[{"event_name":"Dead Adventurer","player_choice":"Searched \u00272\u0027 times","floor":11,"damage_taken":0},{"event_name":"The Woman in Blue","player_choice":"Bought 0 Potions","floor":21,"damage_taken":0},{"event_name":"Back to Basics","player_choice":"Simplicity","floor":22,"damage_taken":0},{"event_name":"The Joust","player_choice":"Bet on Murderer","floor":24,"damage_taken":0},{"event_name":"Cursed Tome","player_choice":"Ignored","floor":30,"damage_taken":0}],"boss_relics":[{"not_picked":["Black Star","White Beast Statue"],"picked":"Calling Bell"}],"items_purged_floors":[19],"is_endless":false,"potions_floor_spawned":[4,5,13,14,16,20,28,31],"killed_by":"Collector","ascension_level":5}