{"gold_per_floor":[117,117,128,23,36,63,63,63,63,88,88,103,127,152,152,256,256,266,266,266,278,254,254,254,266,266,266],"floor_reached":27,"playtime":3168,"items_purged":[],"score":329,"play_id":"c46d1fd8-c748-498c-b053-fb078716029c","local_time":"20180827185500","is_ascension_mode":true,"campfire_choices":[{"data":"Perfected Strike","floor":8,"key":"SMITH"},{"floor":11,"key":"REST"},{"floor":15,"key":"REST"},{"data":"Shrug It Off","floor":23,"key":"SMITH"}],"neow_cost":"NONE","seed_source_timestamp":583662587342906,"circlet_count":0,"master_deck":["Strike_R","Strike_R","Strike_R","Strike_R","Strike_R","Defend_R","Defend_R","Defend_R","Defend_R","Bash","AscendersBane","Shrug It Off","Cleave","Discovery","Perfected Strike+1","Metallicize","Pummel","Shrug It Off+1","Inflame","Barricade+1","Evolve+1","Perfected Strike+1","Pommel Strike","Headbutt","Intimidate+1"],"relics":["Burning Blood","Dream Catcher","Omamori","Mummified Hand","Shuriken","Odd Mushroom","Blood Vial","Art of War","Velvet Choker","Potion Belt"],"potions_floor_usage":[6,16,27],"damage_taken":[{"damage":6,"enemies":"Cultist","floor":1,"turns":3},{"damage":12,"enemies":"Jaw Worm","floor":3,"turns":3},{"damage":4,"enemies":"Small Slimes","floor":5,"turns":5},{"damage":24,"enemies":"Gremlin Nob","floor":6,"turns":4},{"damage":16,"enemies":"The Mushroom Lair","floor":10,"turns":3},{"damage":29,"enemies":"Exordium Thugs","floor":12,"turns":5},{"damage":21,"enemies":"3 Sentries","floor":14,"turns":8},{"damage":55,"enemies":"Slime Boss","floor":16,"turns":12},{"damage":9,"enemies":"Chosen","floor":18,"turns":5},{"damage":28,"enemies":"Shell Parasite","floor":21,"turns":5},{"damage":31,"enemies":"Chosen and Byrds","floor":25,"turns":5},{"damage":42,"enemies":"Snake Plant","floor":27,"turns":3}],"seed_played":"6950752361427900101","potions_obtained":[{"floor":3,"key":"Weak Potion"},{"floor":6,"key":"PowerPotion"},{"floor":14,"key":"Fire Potion"},{"floor":16,"key":"Dexterity Potion"},{"floor":18,"key":"SkillPotion"},{"floor":21,"key":"Regen Potion"},{"floor":25,"key":"Strength Potion"}],"is_trial":false,"path_per_floor":["M","T","M","$","M","E","?","R","T","?","R","M","T","E","R","B",null,"M","?","?","M","$","R","$","M","T"],"character_chosen":"IRONCLAD","items_purchased":["Discovery","Headbutt"],"campfire_rested":2,"item_purchase_floors":[4,22],"current_hp_per_floor":[80,80,74,74,76,58,58,58,58,48,74,51,51,38,64,17,70,69,69,69,49,49,49,49,26,26,0],"gold":266,"neow_bonus":"TEN_PERCENT_HP_BONUS","is_prod":false,"is_daily":false,"chose_seed":false,"campfire_upgraded":2,"win_rate":0,"timestamp":1535410500,"path_taken":["M","?","M","$","?","E","?","R","T","?","R","M","?","E","R","BOSS","M","?","?","M","$","R","?","M","T","M"],"build_version":"2018-08-23v2","purchased_purges":0,"victory":false,"max_hp_per_floor":[88,88,88,88,88,88,88,88,88,88,88,88,88,88,88,88,88,88,88,88,88,88,88,88,88,88,88],"card_choices":[{"not_picked":["Thunderclap","Entrench"],"picked":"Shrug It Off","floor":1},{"not_picked":["Iron Wave","Corruption"],"picked":"Cleave","floor":3},{"not_picked":["Searing Blow","Twin Strike"],"picked":"Perfected Strike","floor":5},{"not_picked":["Anger","Dark Embrace"],"picked":"Metallicize","floor":6},{"not_picked":["Body Slam","Shockwave"],"picked":"Pummel","floor":11},{"not_picked":["Intimidate","Double Tap"],"picked":"Shrug It Off","floor":12},{"not_picked":["Clothesline","Metallicize"],"picked":"Inflame","floor":14},{"not_picked":["Exhume","Double Tap"],"picked":"Barricade","floor":16},{"not_picked":["Clash","Cleave"],"picked":"Evolve+1","floor":18},{"not_picked":["Warcry","True Grit"],"picked":"Pommel Strike","floor":21},{"not_picked":["Armaments","Spot Weakness"],"picked":"Intimidate+1","floor":25}],"player_experience":1498178,"relics_obtained":[{"floor":2,"key":"Dream Catcher"},{"floor":6,"key":"Omamori"},{"floor":9,"key":"Shuriken"},{"floor":10,"key":"Odd Mushroom"},{"floor":13,"key":"Blood Vial"},{"floor":14,"key":"Art of War"},{"floor":26,"key":"Potion Belt"}],"event_choices":[{"event_name":"WeMeetAgain","player_choice":"Potion","floor":7,"damage_taken":0},{"event_name":"Mushrooms","player_choice":"Fought Mushrooms","floor":10,"damage_taken":0},{"event_name":"Duplicator","player_choice":"One dupe","floor":19,"damage_taken":0},{"event_name":"Accursed Blacksmith","player_choice":"Forge","floor":20,"damage_taken":0}],"is_beta":false,"boss_relics":[{"not_picked":["Orrery","Busted Crown"],"picked":"Velvet Choker"}],"items_purged_floors":[],"is_endless":false,"potions_floor_spawned":[3,6,14,16,18,21,25],"killed_by":"Snake Plant","ascension_level":10}