{"gold_per_floor":[110,122,133,34,46,46,62,62,89,107,132,31,31,59,59,155,155,175,192,15,15,26,26,37,37,91,91,106,106,106,125,125,222,222,237,237,255,26,26,26,40,40,40,72,72,72,72,82,82,82],"floor_reached":50,"playtime":2238,"items_purged":["Strike_R"],"score":665,"play_id":"39c51701-6443-43f9-8099-6940e7821894","local_time":"20181011013056","is_ascension_mode":true,"campfire_choices":[{"data":"Armaments","floor":6,"key":"SMITH"},{"data":"Battle Trance","floor":8,"key":"SMITH"},{"data":"Offering","floor":15,"key":"SMITH"},{"data":"Second Wind","floor":23,"key":"SMITH"},{"data":"Warcry","floor":25,"key":"SMITH"},{"floor":29,"key":"REST"},{"data":"Bloodletting","floor":32,"key":"SMITH"},{"floor":40,"key":"REST"},{"floor":45,"key":"REST"},{"floor":47,"key":"REST"},{"data":"Havoc","floor":49,"key":"SMITH"}],"neow_cost":"NONE","seed_source_timestamp":88914942248628,"circlet_count":0,"master_deck":["Strike_R","Strike_R","Strike_R","Strike_R","Defend_R","Defend_R","Defend_R","Defend_R","Bash","Battle Trance+1","Whirlwind","Uppercut+1","Armaments+1","Offering+1","Carnage","Intimidate","Warcry+1","Bloodletting+1","Spot Weakness","Feed","Pommel Strike","Armaments+1","Bandage Up","Carnage","Second Wind+1","Reckless Charge","Shrug It Off","Offering","Pommel Strike+1","Havoc+1","Bludgeon","Flame Barrier","Shockwave+1","Havoc+1"],"relics":["Burning Blood","Juzu Bracelet","Omamori","Odd Mushroom","Mark of Pain","Happy Flower","Boot","White Beast Statue","Champion Belt","Torii","Dodecahedron"],"potions_floor_usage":[11,18,19,22,24,39,41,42,44,44,50,50],"damage_taken":[{"damage":6,"enemies":"Cultist","floor":1,"turns":4},{"damage":4,"enemies":"Jaw Worm","floor":2,"turns":6},{"damage":11,"enemies":"Small Slimes","floor":3,"turns":3},{"damage":0,"enemies":"3 Louse","floor":5,"turns":1},{"damage":6,"enemies":"Red Slaver","floor":7,"turns":3},{"damage":6,"enemies":"Looter","floor":10,"turns":3},{"damage":9,"enemies":"3 Sentries","floor":11,"turns":4},{"damage":9,"enemies":"The Mushroom Lair","floor":14,"turns":1},{"damage":28,"enemies":"Hexaghost","floor":16,"turns":9},{"damage":16,"enemies":"2 Thieves","floor":18,"turns":3},{"damage":6,"enemies":"Spheric Guardian","floor":19,"turns":3},{"damage":11,"enemies":"Snecko","floor":22,"turns":4},{"damage":33,"enemies":"Snake Plant","floor":24,"turns":3},{"damage":33,"enemies":"Shelled Parasite and Fungi","floor":28,"turns":5},{"damage":18,"enemies":"Centurion and Healer","floor":31,"turns":8},{"damage":58,"enemies":"Champ","floor":33,"turns":11},{"damage":27,"enemies":"3 Darklings","floor":35,"turns":4},{"damage":26,"enemies":"3 Shapes","floor":37,"turns":6},{"damage":6,"enemies":"Transient","floor":39,"turns":3},{"damage":22,"enemies":"4 Shapes","floor":41,"turns":5},{"damage":20,"enemies":"Mind Bloom Boss Battle","floor":42,"turns":9},{"damage":27,"enemies":"2 Orb Walkers","floor":44,"turns":4},{"damage":12,"enemies":"3 Darklings","floor":48,"turns":2},{"damage":102,"enemies":"Donu and Deca","floor":50,"turns":8}],"seed_played":"3749492402729606522","potions_obtained":[{"floor":3,"key":"Ancient Potion"},{"floor":5,"key":"Dexterity Potion"},{"floor":14,"key":"Swift Potion"},{"floor":18,"key":"PowerPotion"},{"floor":22,"key":"Energy Potion"},{"floor":28,"key":"Ancient Potion"},{"floor":35,"key":"SpeedPotion"},{"floor":37,"key":"SmokeBomb"},{"floor":41,"key":"SteroidPotion"},{"floor":42,"key":"EssenceOfSteel"},{"floor":44,"key":"SpeedPotion"},{"floor":48,"key":"EssenceOfSteel"}],"is_trial":false,"path_per_floor":["M","M","M","$","M","R","M","R","T","M","E","$","?","?","R","B",null,"M","M","$","?","M","R","M","R","T","?","M","R","?","M","R","B",null,"M","?","M","$","M","R","M","?","T","E","R","?","R","M","R"],"character_chosen":"IRONCLAD","items_purchased":["Armaments","Warcry","Bloodletting","SkillPotion","Bandage Up","Carnage","Bludgeon","Flame Barrier"],"campfire_rested":4,"item_purchase_floors":[4,12,12,20,20,20,38,38],"current_hp_per_floor":[80,82,77,77,83,83,83,83,83,83,80,80,80,77,77,55,80,73,73,73,73,72,72,49,49,49,49,30,58,89,83,83,35,80,63,63,47,47,53,81,71,61,61,40,68,68,95,89,89,0],"gold":82,"neow_bonus":"TEN_PERCENT_HP_BONUS","is_prod":false,"is_daily":false,"chose_seed":false,"campfire_upgraded":7,"win_rate":0,"timestamp":1539239456,"path_taken":["M","?","M","$","M","R","M","R","T","M","E","?","?","?","R","BOSS","M","M","$","?","M","R","M","R","T","?","M","R","?","M","R","BOSS","M","?","M","$","M","R","M","?","T","E","R","?","R","M","R","BOSS"],"build_version":"2018-10-04v2","purchased_purges":1,"victory":false,"max_hp_per_floor":[88,88,88,88,88,88,88,88,88,88,88,88,88,88,88,88,88,91,91,91,91,91,91,91,91,91,91,95,95,95,95,95,95,95,95,95,95,95,95,95,95,95,95,95,95,95,95,95,95,95],"card_choices":[{"not_picked":["Warcry","Havoc"],"picked":"Battle Trance","floor":1},{"not_picked":["Seeing Red","Pummel"],"picked":"Whirlwind","floor":2},{"not_picked":["Clash","Disarm"],"picked":"Uppercut","floor":3},{"not_picked":["True Grit","Cleave"],"picked":"Offering","floor":5},{"not_picked":["Twin Strike","Pummel","Heavy Blade"],"picked":"SKIP","floor":7},{"not_picked":["Havoc","Second Wind"],"picked":"Carnage","floor":10},{"not_picked":["Clothesline","Bloodletting"],"picked":"Intimidate","floor":11},{"not_picked":["Dark Embrace","Havoc"],"picked":"Spot Weakness","floor":14},{"not_picked":["Brutality","Impervious"],"picked":"Feed","floor":16},{"not_picked":["Bloodletting","Shockwave"],"picked":"Pommel Strike","floor":18},{"not_picked":["Sentinel","Corruption"],"picked":"Armaments+1","floor":19},{"not_picked":["Wild Strike","Anger","Second Wind"],"picked":"SKIP","floor":22},{"not_picked":["Wild Strike","Anger"],"picked":"Second Wind","floor":22},{"not_picked":["Infernal Blade","Rage"],"picked":"Reckless Charge","floor":24},{"not_picked":["Havoc","Clash","Iron Wave"],"picked":"SKIP","floor":28},{"not_picked":["Headbutt","Clash"],"picked":"Shrug It Off","floor":31},{"not_picked":["Reaper","Exhume"],"picked":"Offering","floor":33},{"not_picked":["Armaments+1","Shockwave+1"],"picked":"Pommel Strike+1","floor":35},{"not_picked":["Body Slam+1","Dropkick"],"picked":"Havoc+1","floor":37},{"not_picked":["Carnage","Iron Wave+1","Twin Strike+1"],"picked":"SKIP","floor":41},{"not_picked":["Entrench","Warcry"],"picked":"Shockwave+1","floor":42},{"not_picked":["Clash+1","Heavy Blade"],"picked":"Havoc","floor":44},{"not_picked":["Uppercut+1","Second Wind+1","Dark Embrace"],"picked":"SKIP","floor":48}],"player_experience":732017,"relics_obtained":[{"floor":9,"key":"Juzu Bracelet"},{"floor":11,"key":"Omamori"},{"floor":14,"key":"Odd Mushroom"},{"floor":26,"key":"Happy Flower"},{"floor":42,"key":"Champion Belt"},{"floor":43,"key":"Torii"},{"floor":44,"key":"Dodecahedron"}],"event_choices":[{"event_name":"Accursed Blacksmith","player_choice":"Forge","floor":13,"damage_taken":0},{"event_name":"Mushrooms","player_choice":"Fought Mushrooms","floor":14,"damage_taken":0},{"event_name":"Ghosts","player_choice":"Ignored","floor":21,"damage_taken":0},{"event_name":"The Mausoleum","player_choice":"Yes","floor":27,"damage_taken":0},{"event_name":"The Library","player_choice":"Heal","floor":30,"damage_taken":0},{"event_name":"Tomb of Lord Red Mask","player_choice":"Ignored","floor":36,"damage_taken":0},{"event_name":"MindBloom","player_choice":"Fight","floor":42,"damage_taken":0},{"event_name":"SensoryStone","player_choice":"Memory 1","floor":46,"damage_taken":0}],"is_beta":false,"boss_relics":[{"not_picked":["Pandora\u0027s Box","Eternal Feather"],"picked":"Mark of Pain"},{"not_picked":["Empty Cage","Coffee Dripper"],"picked":"White Beast Statue"}],"items_purged_floors":[4],"is_endless":false,"potions_floor_spawned":[3,5,14,18,22,28,35,37,39,41,42,44,48],"killed_by":"Donu and Deca","ascension_level":7}