{"gold_per_floor":[115,128,142,142,142,175,198,198,198,222,222,222,7,22,22,22],"floor_reached":16,"playtime":635,"items_purged":[],"score":194,"play_id":"425dbbe0-d5ad-4417-b7f1-9b8c444d9536","local_time":"20181221144006","is_ascension_mode":true,"campfire_choices":[{"floor":8,"key":"REST"},{"floor":11,"key":"REST"},{"floor":15,"key":"REST"}],"neow_cost":"NONE","seed_source_timestamp":126788324578732,"circlet_count":0,"master_deck":["AscendersBane","Strike_B","Strike_B","Strike_B","Defend_B","Defend_B","Defend_B","Defend_B","Zap","Dualcast","Seek","Ball Lightning","Loop","Conserve Battery","Hologram","Storm","Sunder","Coolheaded"],"relics":["Cracked Core","Golden Idol","Singing Bowl","Matryoshka","HandDrill"],"potions_floor_usage":[5,6,7,16,16],"damage_taken":[{"damage":1,"enemies":"Cultist","floor":1,"turns":3},{"damage":0,"enemies":"2 Louse","floor":2,"turns":2},{"damage":2,"enemies":"Jaw Worm","floor":3,"turns":3},{"damage":57,"enemies":"3 Sentries","floor":6,"turns":9},{"damage":4,"enemies":"Looter","floor":7,"turns":3},{"damage":0,"enemies":"Large Slime","floor":10,"turns":5},{"damage":13,"enemies":"3 Louse","floor":14,"turns":3},{"damage":64,"enemies":"Hexaghost","floor":16,"turns":9}],"seed_played":"155339246333874390","potions_obtained":[{"floor":1,"key":"Weak Potion"},{"floor":5,"key":"Fruit Juice"},{"floor":5,"key":"EssenceOfSteel"},{"floor":7,"key":"Energy Potion"},{"floor":10,"key":"EssenceOfSteel"},{"floor":14,"key":"Regen Potion"}],"is_trial":false,"path_per_floor":["M","M","M","?","?","E","M","R","T","M","R","?","$","M","R","B"],"character_chosen":"DEFECT","items_purchased":["HandDrill"],"campfire_rested":3,"item_purchase_floors":[13],"current_hp_per_floor":[63,63,61,61,66,9,5,25,25,25,45,38,38,25,45,0],"gold":22,"neow_bonus":"ONE_RANDOM_RARE_CARD","is_prod":false,"is_daily":false,"chose_seed":false,"campfire_upgraded":0,"win_rate":0,"timestamp":1545421206,"path_taken":["M","M","M","?","?","E","M","R","T","?","R","?","$","M","R","BOSS"],"build_version":"2018-12-20","purchased_purges":0,"victory":false,"max_hp_per_floor":[71,71,71,64,69,69,69,69,69,69,69,69,69,69,69,69],"card_choices":[{"not_picked":["Leap","FTL"],"picked":"Ball Lightning","floor":1},{"not_picked":["Rip and Tear","Doom and Gloom"],"picked":"Loop","floor":2},{"not_picked":["Genetic Algorithm","Tempest"],"picked":"Conserve Battery","floor":3},{"not_picked":["Gash","Steam Power"],"picked":"Hologram","floor":6},{"not_picked":["Hello World","Hologram"],"picked":"Storm","floor":7},{"not_picked":["Go for the Eyes","Force Field"],"picked":"Sunder","floor":10},{"not_picked":["Gash","Cold Snap"],"picked":"Coolheaded","floor":14}],"player_experience":1927293,"relics_obtained":[{"floor":6,"key":"Singing Bowl"},{"floor":9,"key":"Matryoshka"}],"event_choices":[{"damage_healed":0,"gold_gain":0,"player_choice":"Lose Max HP","damage_taken":0,"relics_obtained":["Golden Idol"],"max_hp_gain":0,"max_hp_loss":7,"event_name":"Golden Idol","floor":4,"gold_loss":0},{"damage_healed":0,"gold_gain":0,"player_choice":"Got Potions","damage_taken":0,"max_hp_gain":0,"max_hp_loss":0,"event_name":"Lab","floor":5,"gold_loss":0},{"cards_removed":["Strike_B"],"damage_healed":0,"gold_gain":0,"player_choice":"Card Removal","damage_taken":7,"max_hp_gain":0,"max_hp_loss":0,"event_name":"Golden Wing","floor":12,"gold_loss":0}],"is_beta":false,"boss_relics":[],"items_purged_floors":[],"is_endless":false,"potions_floor_spawned":[1,7,10,14],"killed_by":"Hexaghost","ascension_level":18}