{"gold_per_floor":[116,126,126,126,139,170,186,196,196,196,196,41,41,72,72,151,151,161,60,74,85,35,35,54,81,81,98,98],"floor_reached":28,"playtime":1015,"items_purged":["Strike_R"],"score":523,"play_id":"9e560439-06bc-42d0-a0c7-166494ff3543","local_time":"20190215160031","is_ascension_mode":true,"campfire_choices":[{"data":"Uppercut","floor":11,"key":"SMITH"},{"floor":15,"key":"REST"},{"floor":23,"key":"REST"}],"neow_cost":"NONE","seed_source_timestamp":131012893689609,"circlet_count":0,"master_deck":["AscendersBane","Strike_R","Strike_R","Strike_R","Strike_R","Defend_R","Defend_R","Defend_R","Defend_R","Bash","Heavy Blade","Uppercut+1","Pommel Strike+1","Cleave+1","Uppercut+1","Cleave+1","Bash+1","Uppercut+1","Impervious","Sword Boomerang+1","Bludgeon+1","Armaments+1","Cleave+1","Pummel+1","Feel No Pain","Shrug It Off","Thunderclap+1"],"relics":["Burning Blood","Pen Nib","Molten Egg 2","Darkstone Periapt","Unceasing Top","Ice Cream","Mark of Pain","Dream Catcher","Ornamental Fan"],"potions_floor_usage":[8,20,25,25],"damage_taken":[{"damage":7,"enemies":"2 Louse","floor":1,"turns":3},{"damage":14,"enemies":"Small Slimes","floor":2,"turns":4},{"damage":0,"enemies":"Cultist","floor":5,"turns":2},{"damage":32,"enemies":"Gremlin Nob","floor":6,"turns":4},{"damage":0,"enemies":"2 Fungi Beasts","floor":7,"turns":2},{"damage":17,"enemies":"Exordium Thugs","floor":8,"turns":3},{"damage":15,"enemies":"3 Sentries","floor":14,"turns":5},{"damage":35,"enemies":"Slime Boss","floor":16,"turns":9},{"damage":30,"enemies":"2 Thieves","floor":18,"turns":3},{"damage":24,"enemies":"Spheric Guardian","floor":20,"turns":4},{"damage":14,"enemies":"Snake Plant","floor":21,"turns":3},{"damage":34,"enemies":"3 Cultists","floor":24,"turns":6},{"damage":0,"enemies":"Gremlin Leader","floor":25,"turns":7},{"damage":3,"enemies":"Snecko","floor":27,"turns":4},{"damage":16,"enemies":"Sentry and Sphere","floor":28,"turns":5}],"seed_played":"-4011582623607409371","potions_obtained":[{"floor":1,"key":"Regen Potion"},{"floor":8,"key":"Dexterity Potion"},{"floor":14,"key":"Swift Potion"},{"floor":21,"key":"SkillPotion"},{"floor":27,"key":"LiquidBronze"}],"is_trial":false,"path_per_floor":["M","M","?","?","M","E","M","M","T","?","R","$","$","E","R","B",null,"M","$","M","M","?","R","M","E","T","M","M"],"character_chosen":"IRONCLAD","items_purchased":["Impervious","Cleave+1"],"campfire_rested":2,"item_purchase_floors":[12,19],"current_hp_per_floor":[67,59,59,59,65,39,45,43,43,43,43,43,43,34,56,27,63,39,39,21,13,13,35,7,13,13,16,0],"gold":98,"neow_bonus":"RANDOM_COMMON_RELIC","is_prod":false,"is_daily":false,"chose_seed":false,"campfire_upgraded":1,"win_rate":0,"timestamp":1550264431,"path_taken":["M","M","?","?","M","E","M","?","T","?","R","?","$","E","R","BOSS","M","$","M","?","?","R","M","E","T","M","M"],"build_version":"2019-01-23","purchased_purges":1,"victory":false,"max_hp_per_floor":[75,75,75,75,75,75,75,75,75,75,75,75,75,75,75,75,75,75,75,75,75,75,75,75,75,75,75,75],"card_choices":[{"not_picked":["Fire Breathing","Warcry"],"picked":"Heavy Blade","floor":1},{"not_picked":["Flex","Fire Breathing"],"picked":"Uppercut","floor":2},{"not_picked":["Wild Strike+1","Flex"],"picked":"Pommel Strike+1","floor":5},{"not_picked":["Iron Wave+1","Shockwave"],"picked":"Cleave+1","floor":6},{"not_picked":["Anger+1","Cleave+1"],"picked":"Uppercut+1","floor":7},{"not_picked":["Intimidate","Heavy Blade+1"],"picked":"Cleave+1","floor":8},{"not_picked":["Rampage+1","Cleave+1"],"picked":"Sword Boomerang+1","floor":14},{"not_picked":["Berserk","Limit Break"],"picked":"Bludgeon+1","floor":16},{"not_picked":["Heavy Blade+1","Headbutt+1"],"picked":"Armaments","floor":18},{"not_picked":["Second Wind","Headbutt+1"],"picked":"Pummel+1","floor":20},{"not_picked":["Wild Strike+1","Searing Blow+1"],"picked":"Feel No Pain","floor":21},{"not_picked":["Perfected Strike+1","Havoc"],"picked":"Shrug It Off","floor":24},{"not_picked":["Anger+1","Warcry","Twin Strike+1"],"picked":"SKIP","floor":25},{"not_picked":["Perfected Strike+1","Wild Strike+1"],"picked":"Thunderclap+1","floor":27}],"player_experience":2448267,"relics_obtained":[{"floor":4,"key":"Molten Egg 2"},{"floor":6,"key":"Darkstone Periapt"},{"floor":9,"key":"Unceasing Top"},{"floor":14,"key":"Ice Cream"},{"floor":25,"key":"Dream Catcher"},{"floor":26,"key":"Ornamental Fan"}],"event_choices":[{"damage_healed":0,"gold_gain":0,"player_choice":"Ignored","damage_taken":0,"max_hp_gain":0,"max_hp_loss":0,"event_name":"Shining Light","floor":3,"gold_loss":0},{"damage_healed":0,"gold_gain":0,"player_choice":"Relic","damage_taken":0,"max_hp_gain":0,"max_hp_loss":0,"event_name":"Wheel of Change","floor":4,"gold_loss":0},{"damage_healed":0,"gold_gain":0,"player_choice":"2 cards matched","damage_taken":0,"max_hp_gain":0,"max_hp_loss":0,"event_name":"Match and Keep!","floor":10,"gold_loss":0,"cards_obtained":["Bash","Uppercut"]},{"damage_healed":0,"gold_gain":0,"player_choice":"Upgrade","damage_taken":0,"max_hp_gain":0,"max_hp_loss":0,"event_name":"Designer","floor":22,"gold_loss":50,"cards_upgraded":["Armaments"]}],"is_beta":false,"boss_relics":[{"not_picked":["Coffee Dripper","Tiny House"],"picked":"Mark of Pain"}],"items_purged_floors":[19],"is_endless":false,"potions_floor_spawned":[1,8,14,21,27],"killed_by":"Sentry and Sphere","ascension_level":18}