{"gold_per_floor":[118,137,68,85,85,118,118,129,129,129,149,149,165,165,165,267,267,283,5,17,35,55,55,55,154,224,235,235,254,44,62,62,160,160,180,190,190,202,202,202,202,8,8,8,108,108,0,0,0,0],"floor_reached":51,"playtime":2283,"items_purged":["Strike_R","Strike_R"],"score":821,"play_id":"94bda0fb-424b-4f41-8634-b9eb46c042dd","local_time":"20181105003045","is_ascension_mode":true,"campfire_choices":[{"floor":7,"key":"REST"},{"data":"Uppercut","floor":15,"key":"SMITH"},{"floor":23,"key":"REST"},{"floor":32,"key":"REST"},{"floor":40,"key":"REST"},{"floor":44,"key":"RECALL"},{"data":"Mind Blast","floor":46,"key":"SMITH"},{"data":"Iron Wave","floor":49,"key":"SMITH"}],"neow_cost":"NONE","seed_source_timestamp":2495633370884,"circlet_count":0,"master_deck":["Strike_R","Strike_R","Strike_R","Defend_R","Defend_R","Defend_R","Defend_R","Clothesline","Flex","Spot Weakness","Armaments+1","Uppercut+1","Shrug It Off+1","Havoc+1","Feed","Iron Wave+1","Double Tap+1","Shrug It Off+1","Limit Break+1","Pommel Strike","Disarm+1","Wild Strike+1","Disarm+1","Battle Trance+1","Immolate","Disarm+1","Deep Breath+1","Inflame","Madness+1","Madness+1","Mind Blast+1"],"relics":["Burning Blood","Vajra","Toxic Egg 2","Pocketwatch","Gremlin Horn","Sozu","Singing Bowl","CultistMask","Toolbox","White Beast Statue","Incense Burner","Red Mask"],"potions_floor_usage":[2,13,29],"damage_taken":[{"damage":1,"enemies":"Cultist","floor":1,"turns":3},{"damage":7,"enemies":"Jaw Worm","floor":2,"turns":4},{"damage":0,"enemies":"2 Louse","floor":4,"turns":3},{"damage":46,"enemies":"Gremlin Nob","floor":6,"turns":5},{"damage":12,"enemies":"Blue Slaver","floor":8,"turns":3},{"damage":0,"enemies":"3 Louse","floor":11,"turns":2},{"damage":6,"enemies":"Exordium Thugs","floor":13,"turns":5},{"damage":12,"enemies":"The Guardian","floor":16,"turns":11},{"damage":17,"enemies":"Spheric Guardian","floor":18,"turns":4},{"damage":18,"enemies":"2 Thieves","floor":20,"turns":3},{"damage":13,"enemies":"Shelled Parasite and Fungi","floor":21,"turns":4},{"damage":19,"enemies":"Sentry and Sphere","floor":22,"turns":5},{"damage":13,"enemies":"Centurion and Healer","floor":27,"turns":6},{"damage":8,"enemies":"Chosen and Byrds","floor":29,"turns":5},{"damage":21,"enemies":"3 Cultists","floor":31,"turns":6},{"damage":52,"enemies":"Champ","floor":33,"turns":11},{"damage":12,"enemies":"3 Shapes","floor":35,"turns":4},{"damage":4,"enemies":"Orb Walker","floor":36,"turns":4},{"damage":21,"enemies":"3 Darklings","floor":38,"turns":3},{"damage":0,"enemies":"Mind Bloom Boss Battle","floor":45,"turns":7},{"damage":38,"enemies":"Awakened One","floor":50,"turns":9}],"seed_played":"-8493813288588088733","potions_obtained":[{"floor":1,"key":"Weak Potion"},{"floor":6,"key":"Dexterity Potion"},{"floor":11,"key":"Ancient Potion"}],"is_trial":false,"path_per_floor":["M","M","$","M","?","E","R","M","T","T","M","?","M","?","R","B",null,"M","$","M","M","M","R","?","?","T","M","?","M","$","M","R","B",null,"M","M","?","M","?","R","?","$","T","R","?","R","?","$","R","B",null],"character_chosen":"IRONCLAD","items_purchased":["Clothesline","Flex","Limit Break+1","Pommel Strike","Toolbox","Mind Blast"],"campfire_rested":4,"item_purchase_floors":[3,3,19,19,30,42],"current_hp_per_floor":[80,79,79,80,80,40,64,58,58,58,64,64,64,64,64,58,80,72,72,60,53,43,68,68,68,68,66,66,64,64,53,81,35,95,89,93,93,81,68,98,98,98,98,98,102,102,102,102,102,70],"gold":0,"neow_bonus":"RANDOM_COMMON_RELIC","is_prod":false,"is_daily":false,"chose_seed":false,"campfire_upgraded":3,"win_rate":0,"timestamp":1541399445,"path_taken":["M","M","$","?","?","E","R","M","T","?","M","?","?","?","R","BOSS","M","$","M","M","M","R","?","?","T","M","?","M","$","M","R","BOSS","M","M","?","M","?","R","?","$","T","R","?","R","?","$","R","BOSS"],"build_version":"2018-11-02","purchased_purges":2,"victory":true,"max_hp_per_floor":[80,80,80,80,80,80,80,80,80,80,80,80,80,80,80,80,80,83,83,83,83,86,86,86,86,86,91,91,91,91,95,95,95,95,95,97,97,100,100,100,100,100,100,100,102,102,102,102,102,102],"card_choices":[{"not_picked":["Rage","True Grit"],"picked":"Havoc","floor":1},{"not_picked":["Heavy Blade","Rupture","Flex"],"picked":"SKIP","floor":2},{"not_picked":["Body Slam","Power Through"],"picked":"Spot Weakness","floor":4},{"not_picked":["Pommel Strike","Reaper"],"picked":"Armaments","floor":6},{"not_picked":["Cleave","Carnage"],"picked":"Uppercut","floor":8},{"not_picked":["Pommel Strike","Power Through+1"],"picked":"Shrug It Off+1","floor":11},{"not_picked":["Pommel Strike","Body Slam"],"picked":"Havoc+1","floor":13},{"not_picked":["Exhume+1","Juggernaut"],"picked":"Double Tap+1","floor":16},{"not_picked":["Armaments+1","Body Slam"],"picked":"Shrug It Off+1","floor":18},{"not_picked":["Armaments+1","Carnage"],"picked":"Disarm+1","floor":20},{"not_picked":["Spot Weakness+1","Shrug It Off+1"],"picked":"Wild Strike+1","floor":21},{"not_picked":["Twin Strike","Body Slam","Armaments+1"],"picked":"SKIP","floor":22},{"not_picked":["Flex+1","Pommel Strike","Hemokinesis+1"],"picked":"Singing Bowl","floor":27},{"not_picked":["Thunderclap+1","Metallicize"],"picked":"Disarm+1","floor":29},{"not_picked":["Twin Strike","True Grit+1"],"picked":"Battle Trance+1","floor":31},{"not_picked":["Dark Embrace","Feed"],"picked":"Immolate","floor":33},{"not_picked":["Iron Wave+1","Havoc+1"],"picked":"Disarm+1","floor":35},{"not_picked":["Clothesline","Shockwave+1","Hemokinesis+1"],"picked":"Singing Bowl","floor":36},{"not_picked":["Panache","Bandage Up+1"],"picked":"Deep Breath+1","floor":37},{"not_picked":["Wild Strike","Carnage"],"picked":"Inflame","floor":38},{"not_picked":["Pommel Strike","Hemokinesis+1","Perfected Strike"],"picked":"Singing Bowl","floor":45}],"player_experience":510063,"relics_obtained":[{"floor":6,"key":"Toxic Egg 2"},{"floor":9,"key":"Pocketwatch"},{"floor":10,"key":"Gremlin Horn"},{"floor":26,"key":"Singing Bowl"},{"floor":45,"key":"Incense Burner"}],"event_choices":[{"cards_removed":["Havoc"],"damage_healed":0,"gold_gain":0,"player_choice":"Forget","damage_taken":0,"max_hp_gain":0,"max_hp_loss":0,"event_name":"Living Wall","floor":5,"gold_loss":0},{"damage_healed":0,"gold_gain":0,"player_choice":"Ignored","damage_taken":0,"max_hp_gain":0,"max_hp_loss":0,"event_name":"Liars Game","floor":12,"gold_loss":0},{"damage_healed":0,"gold_gain":0,"player_choice":"2 cards matched","damage_taken":0,"max_hp_gain":0,"max_hp_loss":0,"event_name":"Match and Keep!","floor":14,"gold_loss":0,"cards_obtained":["Feed","Iron Wave"]},{"damage_healed":0,"gold_gain":0,"player_choice":"Ignored","damage_taken":0,"max_hp_gain":0,"max_hp_loss":0,"event_name":"Beggar","floor":24,"gold_loss":0},{"damage_healed":0,"gold_gain":99,"player_choice":"Stole From Cult","damage_taken":0,"max_hp_gain":0,"max_hp_loss":0,"event_name":"Nest","floor":25,"gold_loss":0},{"damage_healed":0,"gold_gain":0,"player_choice":"Trade","damage_taken":0,"relics_obtained":["CultistMask"],"max_hp_gain":0,"max_hp_loss":0,"event_name":"FaceTrader","floor":28,"gold_loss":0},{"damage_healed":0,"gold_gain":0,"player_choice":"Memory 1","damage_taken":0,"max_hp_gain":0,"max_hp_loss":0,"event_name":"SensoryStone","floor":37,"gold_loss":0},{"damage_healed":0,"gold_gain":0,"player_choice":"Embrace Madness","damage_taken":13,"max_hp_gain":0,"max_hp_loss":0,"event_name":"Winding Halls","floor":39,"gold_loss":0,"cards_obtained":["Madness","Madness"]},{"cards_removed":["Bash"],"damage_healed":0,"gold_gain":0,"player_choice":"Removed Attack","damage_taken":0,"max_hp_gain":0,"max_hp_loss":0,"event_name":"Falling","floor":41,"gold_loss":0},{"damage_healed":0,"gold_gain":0,"player_choice":"Fight","damage_taken":0,"max_hp_gain":0,"max_hp_loss":0,"event_name":"MindBloom","floor":45,"gold_loss":0},{"damage_healed":0,"gold_gain":0,"player_choice":"Paid","damage_taken":0,"relics_obtained":["Red Mask"],"max_hp_gain":0,"max_hp_loss":0,"event_name":"Tomb of Lord Red Mask","floor":47,"gold_loss":108}],"is_beta":true,"boss_relics":[{"not_picked":["Empty Cage","Ectoplasm"],"picked":"Sozu"},{"not_picked":["Runic Pyramid","Mark of Pain"],"picked":"White Beast Statue"}],"items_purged_floors":[19,42],"is_endless":false,"potions_floor_spawned":[1,6,11,18,20,33,35,36,38,45],"ascension_level":4}