{"gold_per_floor":[110,125,136,153,163,163,193,212,212,242,261,261,4,14,14,118,118,132,142,142,73,73,73,73,73,73,73,88,104,203,222,222,326,326,340,354,354,365,384,384,384,402,450,3,22,22,36,52,52,52],"floor_reached":51,"playtime":2336,"items_purged":["Parasite"],"score":896,"play_id":"b41e513a-69b6-4233-9e29-9bee0d58f4f5","local_time":"20181031205905","is_ascension_mode":true,"campfire_choices":[{"data":"Zap","floor":6,"key":"SMITH"},{"floor":12,"key":"REST"},{"data":"Defragment","floor":15,"key":"SMITH"},{"data":"Glacier","floor":23,"key":"SMITH"},{"data":"Defragment","floor":25,"key":"SMITH"},{"data":"Seek","floor":27,"key":"SMITH"},{"data":"Chaos","floor":32,"key":"SMITH"},{"floor":40,"key":"REST"},{"floor":46,"key":"REST"},{"floor":49,"key":"REST"}],"neow_cost":"NONE","seed_source_timestamp":969482161312505,"circlet_count":0,"master_deck":["Strike_B+1","Strike_B+1","Strike_B+1","Strike_B+1","Defend_B+1","Defend_B+1","Defend_B+1","Defend_B+1","Zap+1","Dualcast","Gash+1","Beam Cell","Steam","Gash","Sweeping Beam","Streamline","Gash+1","Biased Cognition","Defragment+1","Buffer","Capacitor","Seek+1","Defragment+1","Glacier+1","Reboot","BootSequence+1","Chaos+1","Seek","Glacier+1","Gash+1","Gash+1","Gash+1","Fission","Ball Lightning","Gash+1"],"relics":["FrozenCore","Bronze Scales","Anchor","Matryoshka","Blue Candle","Question Card","Vajra","Prayer Wheel","Fusion Hammer","Happy Flower","Orichalcum","Whetstone"],"potions_floor_usage":[5,7,11,31,31,39,39,47,47,48],"damage_taken":[{"damage":0,"enemies":"Small Slimes","floor":1,"turns":2},{"damage":2,"enemies":"2 Louse","floor":2,"turns":3},{"damage":0,"enemies":"Jaw Worm","floor":3,"turns":3},{"damage":15,"enemies":"Gremlin Gang","floor":4,"turns":3},{"damage":13,"enemies":"Exordium Wildlife","floor":5,"turns":3},{"damage":23,"enemies":"Gremlin Nob","floor":7,"turns":4},{"damage":0,"enemies":"3 Louse","floor":8,"turns":2},{"damage":0,"enemies":"3 Sentries","floor":10,"turns":4},{"damage":0,"enemies":"Red Slaver","floor":11,"turns":2},{"damage":0,"enemies":"2 Fungi Beasts","floor":14,"turns":2},{"damage":38,"enemies":"The Guardian","floor":16,"turns":11},{"damage":0,"enemies":"3 Byrds","floor":18,"turns":3},{"damage":0,"enemies":"Chosen","floor":19,"turns":6},{"damage":0,"enemies":"Snecko","floor":28,"turns":5},{"damage":0,"enemies":"Cultist and Chosen","floor":29,"turns":6},{"damage":8,"enemies":"Snake Plant","floor":31,"turns":4},{"damage":0,"enemies":"Champ","floor":33,"turns":15},{"damage":2,"enemies":"3 Shapes","floor":35,"turns":8},{"damage":4,"enemies":"Orb Walker","floor":36,"turns":5},{"damage":4,"enemies":"4 Shapes","floor":38,"turns":6},{"damage":6,"enemies":"3 Darklings","floor":39,"turns":9},{"damage":0,"enemies":"Writhing Mass","floor":42,"turns":8},{"damage":0,"enemies":"Sphere and 2 Shapes","floor":45,"turns":6},{"damage":11,"enemies":"4 Shapes","floor":47,"turns":4},{"damage":13,"enemies":"Spire Growth","floor":48,"turns":6},{"damage":25,"enemies":"Awakened One","floor":50,"turns":12}],"seed_played":"-8992167592739715799","potions_obtained":[{"floor":2,"key":"Ancient Potion"},{"floor":4,"key":"Regen Potion"},{"floor":5,"key":"Ancient Potion"},{"floor":7,"key":"GamblersBrew"},{"floor":16,"key":"EssenceOfSteel"},{"floor":18,"key":"Strength Potion"},{"floor":28,"key":"Energy Potion"},{"floor":35,"key":"GamblersBrew"},{"floor":45,"key":"FearPotion"},{"floor":47,"key":"EssenceOfSteel"},{"floor":48,"key":"SteroidPotion"}],"is_trial":false,"path_per_floor":["M","M","M","M","M","R","E","M","T","E","M","R","$","M","R","B",null,"M","M","?","$","?","R","?","R","T","R","M","M","?","M","R","B",null,"M","M","?","M","M","R","?","M","T","$","M","R","M","M","R","B",null],"character_chosen":"DEFECT","items_purchased":["Question Card","Defragment","Whetstone","Fission","FairyPotion","SteroidPotion"],"campfire_rested":4,"item_purchase_floors":[13,21,44,44,44,44],"current_hp_per_floor":[75,73,73,58,54,54,31,31,31,31,31,53,53,53,53,15,75,75,75,75,75,75,75,75,75,75,75,75,75,75,67,67,67,75,73,69,69,65,59,75,75,75,75,72,72,72,61,48,69,44],"gold":52,"neow_bonus":"RANDOM_COMMON_RELIC","is_prod":false,"is_daily":false,"chose_seed":false,"campfire_upgraded":6,"win_rate":0,"timestamp":1541037545,"path_taken":["M","M","M","M","M","R","E","M","T","E","M","R","$","M","R","BOSS","M","M","?","$","?","R","?","R","T","R","M","M","?","M","R","BOSS","M","M","?","M","M","R","?","M","T","$","M","R","M","M","R","BOSS"],"build_version":"2018-10-30","purchased_purges":1,"victory":true,"max_hp_per_floor":[75,75,75,75,75,75,75,75,75,75,75,75,75,75,75,75,75,75,75,75,75,75,75,75,75,75,75,75,75,75,75,75,75,75,75,75,75,75,75,75,75,75,75,72,72,72,72,72,72,72],"card_choices":[{"not_picked":["Leap","Barrage"],"picked":"Gash","floor":1},{"not_picked":["Leap","Coolheaded"],"picked":"Beam Cell","floor":2},{"not_picked":["Beam Cell","Conserve Battery"],"picked":"Steam","floor":3},{"not_picked":["Barrage","Rebound"],"picked":"Gash","floor":4},{"not_picked":["Hologram","Static Discharge"],"picked":"Sweeping Beam","floor":5},{"not_picked":["Meteor Strike","Leap"],"picked":"Streamline","floor":7},{"not_picked":["Go for the Eyes","Sweeping Beam"],"picked":"Gash","floor":8},{"not_picked":["Static Discharge","Conserve Battery"],"picked":"Biased Cognition","floor":10},{"not_picked":["Stack","Barrage","Hologram"],"picked":"SKIP","floor":11},{"not_picked":["Cold Snap","Barrage","Sunder"],"picked":"Defragment","floor":14},{"not_picked":["Amplify","Meteor Strike","Multi-Cast"],"picked":"Buffer","floor":16},{"not_picked":["Stack+1","Cold Snap","Sweeping Beam+1"],"picked":"Capacitor","floor":18},{"not_picked":["Ball Lightning","Compile Driver+1","Beam Cell+1"],"picked":"Seek","floor":19},{"not_picked":["Doom and Gloom","Redo","Streamline","Machine Learning"],"picked":"SKIP","floor":28},{"not_picked":["Compile Driver","Undo","Sweeping Beam","Recycle"],"picked":"SKIP","floor":28},{"not_picked":["Recycle","Chaos","Redo"],"picked":"Reboot","floor":29},{"not_picked":["Turbo","Cold Snap","Beam Cell","Redo"],"picked":"SKIP","floor":29},{"not_picked":["Streamline","Ball Lightning","Stack+1"],"picked":"BootSequence+1","floor":31},{"not_picked":["Auto Shields+1","Storm+1","Turbo+1"],"picked":"Chaos","floor":31},{"not_picked":["Rainbow","Biased Cognition","Buffer"],"picked":"Seek","floor":33},{"not_picked":["Redo","Conserve Battery+1","Steam Power+1"],"picked":"Glacier+1","floor":35},{"not_picked":["Loop+1","Redo+1","Double Energy+1","Hologram+1"],"picked":"SKIP","floor":35},{"not_picked":["Consume","Defragment+1","Redo+1"],"picked":"Gash+1","floor":36},{"not_picked":["Conserve Battery","Go for the Eyes","Sweeping Beam+1","Turbo"],"picked":"SKIP","floor":36},{"not_picked":["Conserve Battery","Stack+1","BootSequence"],"picked":"Gash+1","floor":38},{"not_picked":["Turbo","Rebound+1","Chaos"],"picked":"Gash+1","floor":38},{"not_picked":["Auto Shields","Fusion+1","Streamline+1","Go for the Eyes"],"picked":"SKIP","floor":39},{"not_picked":["Defragment","Loop+1","Reinforced Body+1","Scrape+1"],"picked":"SKIP","floor":39},{"not_picked":["Doom and Gloom+1","Redo+1","Tempest","Capacitor"],"picked":"SKIP","floor":42},{"not_picked":["Streamline","Redo+1","Rebound+1","Genetic Algorithm+1"],"picked":"SKIP","floor":42},{"not_picked":["Leap","Sweeping Beam+1","Cold Snap","Gash"],"picked":"SKIP","floor":45},{"not_picked":["Genetic Algorithm","Capacitor","Steam","Creative AI"],"picked":"SKIP","floor":45},{"not_picked":["Hologram+1","Coolheaded","Conserve Battery+1","Redo"],"picked":"SKIP","floor":47},{"not_picked":["Go for the Eyes","Sweeping Beam","Barrage","Streamline"],"picked":"SKIP","floor":47},{"not_picked":["Turbo","Self Repair","Rainbow"],"picked":"Ball Lightning","floor":48},{"not_picked":["FTL","Rip and Tear","Stack+1"],"picked":"Gash+1","floor":48}],"player_experience":499144,"relics_obtained":[{"floor":7,"key":"Anchor"},{"floor":9,"key":"Matryoshka"},{"floor":10,"key":"Blue Candle"},{"floor":26,"key":"Vajra"},{"floor":26,"key":"Prayer Wheel"},{"floor":43,"key":"Happy Flower"},{"floor":43,"key":"Orichalcum"}],"event_choices":[{"damage_healed":0,"gold_gain":0,"player_choice":"Simplicity","damage_taken":0,"max_hp_gain":0,"max_hp_loss":0,"event_name":"Back to Basics","floor":20,"gold_loss":0,"cards_upgraded":["Strike_B","Strike_B","Strike_B","Strike_B","Defend_B","Defend_B","Defend_B","Defend_B"]},{"damage_healed":0,"gold_gain":0,"player_choice":"Read","damage_taken":0,"max_hp_gain":0,"max_hp_loss":0,"event_name":"The Library","floor":22,"gold_loss":0,"cards_obtained":["Glacier"]},{"damage_healed":0,"gold_gain":99,"player_choice":"Stole From Cult","damage_taken":0,"max_hp_gain":0,"max_hp_loss":0,"event_name":"Nest","floor":30,"gold_loss":0},{"damage_healed":0,"gold_gain":0,"player_choice":"Memory 1","damage_taken":0,"max_hp_gain":0,"max_hp_loss":0,"event_name":"SensoryStone","floor":37,"gold_loss":0},{"damage_healed":0,"gold_gain":0,"player_choice":"Ignored","damage_taken":0,"max_hp_gain":0,"max_hp_loss":0,"event_name":"Mysterious Sphere","floor":41,"gold_loss":0}],"is_beta":true,"boss_relics":[{"not_picked":["Eternal Feather","Runic Pyramid"],"picked":"FrozenCore"},{"not_picked":["Snecko Eye","Astrolabe"],"picked":"Fusion Hammer"}],"items_purged_floors":[44],"is_endless":false,"potions_floor_spawned":[2,4,5,7,16,18,28,35,45,47,48],"ascension_level":3}