{"gold_per_floor":[213,38,58,58,77,77,97,123,178,178,278,292,42,58,58,160,160,175,274,288,71,71,71],"floor_reached":23,"playtime":817,"items_purged":["Zap"],"score":301,"play_id":"cd57e710-af6e-466c-b0a9-fb2c27e79a28","local_time":"20181111232904","is_ascension_mode":true,"campfire_choices":[{"data":"Chaos","floor":6,"key":"SMITH"},{"data":"Streamline","floor":10,"key":"SMITH"},{"floor":15,"key":"REST"}],"neow_cost":"NONE","seed_source_timestamp":344490428982212,"circlet_count":0,"master_deck":["Strike_B","Strike_B","Strike_B","Defend_B","Defend_B","Defend_B","Defend_B","Dualcast","Ball Lightning","Streamline+1","Leap","Chaos+1","Core Surge","Stack","Coolheaded","Conserve Battery","Seek","Stack+1","Glacier","Steam","Good Instincts"],"relics":["Cracked Core","Pen Nib","Letter Opener","Cables","Cursed Key"],"potions_floor_usage":[7,8,14,16,20],"damage_taken":[{"damage":0,"enemies":"2 Louse","floor":1,"turns":2},{"damage":0,"enemies":"Cultist","floor":3,"turns":3},{"damage":0,"enemies":"Small Slimes","floor":5,"turns":3},{"damage":0,"enemies":"Gremlin Gang","floor":7,"turns":4},{"damage":16,"enemies":"Lagavulin","floor":8,"turns":5},{"damage":16,"enemies":"Exordium Thugs","floor":12,"turns":5},{"damage":0,"enemies":"3 Louse","floor":14,"turns":1},{"damage":0,"enemies":"Slime Boss","floor":16,"turns":8},{"damage":14,"enemies":"3 Byrds","floor":18,"turns":4},{"damage":12,"enemies":"2 Thieves","floor":20,"turns":4},{"damage":9,"enemies":"Colosseum Slavers","floor":22,"turns":5},{"damage":55,"enemies":"Gremlin Leader","floor":23,"turns":11}],"seed_played":"-4606792305817690440","potions_obtained":[{"floor":3,"key":"PowerPotion"},{"floor":5,"key":"Block Potion"},{"floor":7,"key":"FocusPotion"},{"floor":12,"key":"Explosive Potion"},{"floor":16,"key":"EssenceOfSteel"}],"is_trial":false,"path_per_floor":["M","$","M","?","M","R","M","E","T","R","?","M","$","M","R","B",null,"M","?","M","$","?","E"],"character_chosen":"DEFECT","items_purchased":["Streamline","Pen Nib","Cables","Steam","Good Instincts"],"campfire_rested":1,"item_purchase_floors":[2,2,13,21,21],"current_hp_per_floor":[75,75,75,75,75,75,75,59,59,59,59,43,43,43,65,65,73,59,59,47,47,38,0],"gold":71,"neow_bonus":"HUNDRED_GOLD","is_prod":false,"is_daily":false,"chose_seed":false,"campfire_upgraded":2,"win_rate":0,"timestamp":1542000544,"path_taken":["M","$","M","?","M","R","?","E","T","R","?","M","$","?","R","BOSS","M","?","M","$","?","E"],"build_version":"2018-11-08","purchased_purges":1,"victory":false,"max_hp_per_floor":[75,75,75,75,75,75,75,75,75,75,75,75,75,75,75,75,75,75,75,75,75,75,75],"card_choices":[{"not_picked":["Redo","Stack"],"picked":"Ball Lightning","floor":1},{"not_picked":["Sweeping Beam","Genetic Algorithm"],"picked":"Leap","floor":3},{"not_picked":["Reprogram","Blizzard"],"picked":"Chaos","floor":5},{"not_picked":["Rebound","Conserve Battery"],"picked":"Core Surge","floor":7},{"not_picked":["Gash","Redo"],"picked":"Stack","floor":8},{"not_picked":["Go for the Eyes","Barrage"],"picked":"Coolheaded","floor":12},{"not_picked":["Stack","Hologram"],"picked":"Conserve Battery","floor":14},{"not_picked":["Reboot","Multi-Cast"],"picked":"Seek","floor":16},{"not_picked":["Barrage","Blizzard+1"],"picked":"Stack+1","floor":18},{"not_picked":["Defragment","Static Discharge"],"picked":"Glacier","floor":20}],"player_experience":527866,"relics_obtained":[{"floor":8,"key":"Letter Opener"}],"event_choices":[{"cards_removed":["Strike_B"],"damage_healed":0,"gold_gain":0,"player_choice":"Offered Basic","damage_taken":0,"max_hp_gain":0,"max_hp_loss":0,"event_name":"Bonfire Elementals","floor":4,"gold_loss":0},{"damage_healed":0,"gold_gain":100,"player_choice":"Pray","damage_taken":0,"max_hp_gain":0,"max_hp_loss":0,"event_name":"Golden Shrine","floor":11,"gold_loss":0},{"damage_healed":0,"gold_gain":99,"player_choice":"Stole From Cult","damage_taken":0,"max_hp_gain":0,"max_hp_loss":0,"event_name":"Nest","floor":19,"gold_loss":0},{"damage_healed":0,"gold_gain":0,"player_choice":"Fight","damage_taken":0,"max_hp_gain":0,"max_hp_loss":0,"event_name":"Colosseum","floor":22,"gold_loss":0},{"damage_healed":0,"gold_gain":0,"player_choice":"Fled From Nobs","damage_taken":0,"max_hp_gain":0,"max_hp_loss":0,"event_name":"Colosseum","floor":22,"gold_loss":0}],"is_beta":true,"boss_relics":[{"not_picked":["Orrery","Calling Bell"],"picked":"Cursed Key"}],"items_purged_floors":[21],"is_endless":false,"potions_floor_spawned":[3,5,7,12,16],"killed_by":"Gremlin Leader","ascension_level":5}