{"gold_per_floor":[116,129,143,143,159,159,177,210,236,249,271,42,42,42,42,143,143,163,88,101,114,127,127,140,151,176,203,203,203,221,36,36,135,135,153,172,196,208,239,251,278,302,368,380,406,432,444,24,24,24],"floor_reached":51,"playtime":3211,"items_purged":["Strike_G"],"score":1145,"play_id":"fd2cf816-34d5-4e14-8538-a6a81a586ebb","local_time":"20180805040803","is_ascension_mode":true,"campfire_choices":[{"data":"Bouncing Flask","floor":6.0,"key":"SMITH"},{"floor":13.0,"key":"REST"},{"data":"Survivor","floor":15.0,"key":"SMITH"},{"data":"Crippling Poison","floor":23.0,"key":"SMITH"},{"floor":28.0,"key":"REST"},{"floor":32.0,"key":"REST"},{"data":"Noxious Fumes","floor":40.0,"key":"SMITH"},{"data":"Noxious Fumes","floor":44,"key":"SMITH"},{"data":"Deadly Poison","floor":49,"key":"SMITH"}],"neow_cost":"NONE","seed_source_timestamp":391128003839626,"circlet_count":0,"master_deck":["Defend_G+1","Defend_G+1","Defend_G+1","Defend_G+1","Defend_G+1","Strike_G+1","Strike_G+1","Survivor+1","Neutralize+1","AscendersBane","Backflip","Bouncing Flask+1","Dodge and Roll+1","Crippling Poison+1","Backflip","Backflip","Adrenaline","Poisoned Stab","Deadly Poison","PiercingWail","Poisoned Stab","Tools of the Trade","Blur","Noxious Fumes+1","Malaise","Dodge and Roll","Deadly Poison+1","Backstab+1","Noxious Fumes+1","Deadly Poison+1","Adrenaline"],"special_seed":0,"relics":["Ring of the Snake","Bronze Scales","Happy Flower","Whetstone","Odd Mushroom","Lantern","Runic Dome","Centennial Puzzle","Oddly Smooth Stone","Ancient Tea Set","Coffee Dripper","MawBank","Dream Catcher","Darkstone Periapt","Snake Skull","Chemical X"],"potions_floor_usage":[50,50],"damage_taken":[{"damage":6.0,"enemies":"Jaw Worm","floor":1.0,"turns":5.0},{"damage":0.0,"enemies":"Cultist","floor":2.0,"turns":4.0},{"damage":0.0,"enemies":"2 Louse","floor":3.0,"turns":4.0},{"damage":2.0,"enemies":"2 Fungi Beasts","floor":5.0,"turns":5.0},{"damage":1.0,"enemies":"Looter","floor":7.0,"turns":4.0},{"damage":35.0,"enemies":"Gremlin Nob","floor":8.0,"turns":5.0},{"damage":2.0,"enemies":"3 Louse","floor":10.0,"turns":3.0},{"damage":8.0,"floor":11.0,"turns":5.0},{"damage":0.0,"enemies":"The Guardian","floor":16.0,"turns":10.0},{"damage":0.0,"enemies":"Shell Parasite","floor":18.0,"turns":4.0},{"damage":0.0,"enemies":"3 Byrds","floor":20.0,"turns":3.0},{"damage":8.0,"enemies":"Centurion and Healer","floor":21.0,"turns":7.0},{"damage":6.0,"enemies":"Chosen and Byrds","floor":22.0,"turns":4.0},{"damage":8.0,"enemies":"Cultist and Chosen","floor":24.0,"turns":5.0},{"damage":9.0,"enemies":"Sentry and Sphere","floor":25.0,"turns":3.0},{"damage":34.0,"enemies":"Gremlin Leader","floor":27.0,"turns":7.0},{"damage":0.0,"enemies":"Centurion and Healer","floor":30.0,"turns":6.0},{"damage":19.0,"enemies":"Champ","floor":33.0,"turns":11.0},{"damage":0.0,"enemies":"3 Darklings","floor":35.0,"turns":4.0},{"damage":0.0,"enemies":"3 Shapes","floor":36.0,"turns":5.0},{"damage":6.0,"enemies":"Spire Growth","floor":39.0,"turns":6.0},{"damage":0,"enemies":"Transient","floor":41,"turns":5},{"damage":15,"enemies":"Flame Bruiser 2 Orb","floor":42,"turns":6},{"damage":3,"enemies":"4 Shapes","floor":45,"turns":4},{"damage":9,"enemies":"Maw","floor":46,"turns":6},{"damage":16,"enemies":"Awakened One","floor":50,"turns":13}],"seed_played":"-1057238727260496871","potions_obtained":[{"floor":1.0,"key":"Strength Potion"},{"floor":3.0,"key":"Block Potion"},{"floor":7.0,"key":"Ancient Potion"},{"floor":20.0,"key":"Regen Potion"},{"floor":22.0,"key":"Explosive Potion"},{"floor":33.0,"key":"Strength Potion"},{"floor":36.0,"key":"Strength Potion"}],"is_trial":false,"path_per_floor":["M","M","M","?","M","R","M","E","T","M","?","$","R","?","R","B",null,"M","?","M","M","M","R","M","M","T","E","R","?","M","$","R","B",null,"M","M","T","?","M","R","M","M","T","R","M","M","T","$","R","B"],"character_chosen":"THE_SILENT","items_purchased":["Lantern","Noxious Fumes","Ancient Tea Set","Snake Skull","Chemical X","Adrenaline"],"campfire_rested":3,"item_purchase_floors":[12,31,31,48,48,48],"current_hp_per_floor":[57,57,57,57,55,55,54,19,19,17,9,9,30,30,30,30,60,60,60,60,52,46,46,38,41,41,7,28,28,28,28,49,30,60,60,60,60,60,54,54,54,39,39,39,36,27,27,27,27,11],"gold":24,"neow_bonus":"RANDOM_COMMON_RELIC","is_prod":false,"is_daily":false,"chose_seed":false,"campfire_upgraded":6,"win_rate":0,"timestamp":1533434883,"path_taken":["M","M","M","?","M","R","M","E","T","M","?","$","R","?","R","BOSS","M","?","M","M","M","R","M","M","T","E","R","?","M","?","R","BOSS","M","M","?","?","M","R","M","M","T","R","M","?","?","?","R","BOSS"],"build_version":"2018-08-01","purchased_purges":1,"victory":true,"max_hp_per_floor":[70,70,70,70,70,70,70,70,70,70,70,70,70,70,70,70,70,70,70,70,70,70,70,70,70,70,70,70,70,70,70,70,70,70,70,70,70,70,70,70,70,70,70,70,70,70,70,70,70,70],"card_choices":[{"not_picked":["Tactician","Underhanded Strike","Quick Slash"],"picked":"SKIP","floor":1.0},{"not_picked":["Underhanded Strike","Dagger Spray"],"picked":"Backflip","floor":2.0},{"not_picked":["Prepared","Distraction","Bane"],"picked":"SKIP","floor":3.0},{"not_picked":["Dagger Spray","Flechettes"],"picked":"Bouncing Flask","floor":5.0},{"not_picked":["Masterful Stab","Sucker Punch"],"picked":"Dodge and Roll","floor":7.0},{"not_picked":["Dodge and Roll","Riddle With Holes"],"picked":"Crippling Poison","floor":8.0},{"not_picked":["Dagger Throw","Deadly Poison"],"picked":"Backflip","floor":10.0},{"not_picked":["Night Terror","Slice"],"picked":"Backflip","floor":11.0},{"not_picked":["Bullet Time","Wraith Form v2"],"picked":"Adrenaline","floor":16.0},{"not_picked":["All Out Attack","Calculated Gamble"],"picked":"Poisoned Stab","floor":18.0},{"not_picked":["Flechettes+1","Sucker Punch"],"picked":"Deadly Poison","floor":20.0},{"not_picked":["Deflect","Flying Knee+1"],"picked":"PiercingWail","floor":21.0},{"not_picked":["Prepared","Skewer"],"picked":"Poisoned Stab","floor":22.0},{"not_picked":["Flying Knee","Endless Agony","Slice+1"],"picked":"SKIP","floor":24.0},{"not_picked":["Outmaneuver","Backflip"],"picked":"Tools of the Trade","floor":25.0},{"not_picked":["Slice+1","Deflect"],"picked":"Blur","floor":27.0},{"not_picked":["Dagger Spray","Underhanded Strike","Acrobatics"],"picked":"SKIP","floor":30.0},{"not_picked":["Glass Knife","Venomology"],"picked":"Malaise","floor":33.0},{"not_picked":["Dagger Throw","Choke+1"],"picked":"Dodge and Roll","floor":35.0},{"not_picked":["Acrobatics","Outmaneuver+1"],"picked":"Deadly Poison+1","floor":36.0},{"not_picked":["Blade Dance","Dagger Spray+1"],"picked":"Backstab+1","floor":39.0},{"not_picked":["Calculated Gamble+1","Footwork"],"picked":"Noxious Fumes","floor":41},{"not_picked":["Sucker Punch","Cloak And Dagger"],"picked":"Deadly Poison","floor":42},{"not_picked":["Distraction","Cloak And Dagger","Reflex+1"],"picked":"SKIP","floor":45},{"not_picked":["Accuracy","Blade Dance","Masterful Stab"],"picked":"SKIP","floor":46}],"player_experience":391225,"relics_obtained":[{"floor":8.0,"key":"Happy Flower"},{"floor":9.0,"key":"Whetstone"},{"floor":11.0,"key":"Odd Mushroom"},{"floor":26.0,"key":"Centennial Puzzle"},{"floor":27.0,"key":"Oddly Smooth Stone"},{"floor":37.0,"key":"MawBank"},{"floor":43,"key":"Dream Catcher"},{"floor":47,"key":"Darkstone Periapt"}],"event_choices":[{"event_name":"Accursed Blacksmith","player_choice":"Forge","floor":4.0,"damage_taken":0.0},{"event_name":"Mushrooms","player_choice":"Fought Mushrooms","floor":11.0,"damage_taken":0.0},{"event_name":"Living Wall","player_choice":"Grow","floor":14.0,"damage_taken":0.0},{"event_name":"Beggar","player_choice":"Gave Gold","floor":19.0,"damage_taken":0.0},{"event_name":"Back to Basics","player_choice":"Simplicity","floor":29.0,"damage_taken":0.0},{"event_name":"Falling","player_choice":"Removed Attack","floor":38.0,"damage_taken":0.0}],"is_beta":true,"boss_relics":[{"not_picked":["WristBlade","Empty Cage"],"picked":"Runic Dome"},{"not_picked":["Velvet Choker","Pandora\u0027s Box"],"picked":"Coffee Dripper"}],"items_purged_floors":[12],"is_endless":false,"potions_floor_spawned":[1,3,7,10,20,22,24,33,36,42],"ascension_level":12}