{"path_per_floor":["M","M","?","?","?","M","R","$","T","M","R","M","R","$","R","B",null,"M","?","T","$","M","R"],"character_chosen":"IRONCLAD","items_purchased":["Headbutt","Mind Blast","Inflame"],"gold_per_floor":[117,128,203,203,203,223,223,73,73,85,85,96,96,21,21,117,117,134,134,159,87,107,107,107],"floor_reached":24,"campfire_rested":3,"playtime":916,"current_hp_per_floor":[80,73,62,37,37,42,66,66,66,69,80,80,80,80,80,64,80,72,72,72,72,46,70,0],"items_purged":["Defend_R"],"gold":107,"score":184,"play_id":"64d9b04e-c192-4ca5-8e76-e0734ca674d0","local_time":"20180518183932","is_prod":false,"is_daily":false,"chose_seed":false,"is_ascension_mode":false,"campfire_upgraded":0,"timestamp":1526686772,"campfire_choices":[{"floor":7,"key":"REST"},{"floor":11,"key":"REST"},{"data":"1","floor":13,"key":"LIFT"},{"data":"2","floor":15,"key":"LIFT"},{"floor":23,"key":"REST"}],"path_taken":["M","M","?","?","?","M","R","?","T","?","R","?","R","$","R","BOSS","M","?","?","$","M","R","E"],"build_version":"2018-05-17","seed_source_timestamp":174926430291801,"purchased_purges":1,"victory":false,"master_deck":["Strike_R","Strike_R","Strike_R","Strike_R","Strike_R","Defend_R","Defend_R","Defend_R","Bash","Flex","Headbutt","Mind Blast","Carnage","Offering","Doubt","Parasite","Pain","Anger","Inflame","Clash"],"max_hp_per_floor":[80,80,80,80,80,80,80,80,80,80,80,80,80,80,80,80,80,80,80,80,80,80,80,80],"relics":["Burning Blood","Ancient Tea Set","Girya","Calling Bell","Potion Belt","Turnip","Mummified Hand","Boot"],"card_choices":[{"not_picked":["Power Through","Disarm","Clothesline"],"picked":"SKIP","floor":1},{"not_picked":["Rupture","Dual Wield","Sever Soul"],"picked":"SKIP","floor":2},{"not_picked":["Headbutt","Sword Boomerang"],"picked":"Flex","floor":6},{"not_picked":["Combust","Pummel","True Grit"],"picked":"SKIP","floor":10},{"not_picked":["Armaments","Clothesline"],"picked":"Carnage","floor":12},{"not_picked":["Reaper","Impervious"],"picked":"Offering","floor":16},{"not_picked":["Entrench","Iron Wave"],"picked":"Anger","floor":18},{"not_picked":["Anger","Reckless Charge"],"picked":"Clash","floor":22}],"player_experience":89439,"potions_floor_usage":[2,18,18,22],"damage_taken":[{"damage":3,"enemies":"Small Slimes","floor":1,"turns":4},{"damage":13,"enemies":"2 Louse","floor":2,"turns":2},{"damage":1,"enemies":"Cultist","floor":6,"turns":3},{"damage":3,"enemies":"3 Louse","floor":10,"turns":3},{"damage":5,"enemies":"Looter","floor":12,"turns":3},{"damage":22,"enemies":"Slime Boss","floor":16,"turns":7},{"damage":14,"enemies":"2 Thieves","floor":18,"turns":3},{"damage":32,"enemies":"Shell Parasite","floor":22,"turns":5},{"damage":70,"enemies":"Slavers","floor":24,"turns":5}],"relics_obtained":[{"floor":9,"key":"Girya"},{"floor":17,"key":"Potion Belt"},{"floor":17,"key":"Turnip"},{"floor":17,"key":"Mummified Hand"},{"floor":20,"key":"Boot"}],"event_choices":[{"event_name":"World of Goop","player_choice":"Gather Gold","floor":3,"damage_taken":0},{"event_name":"Scrap Ooze","player_choice":"success","floor":4,"damage_taken":25},{"event_name":"Shining Light","player_choice":"Ignored","floor":5,"damage_taken":0},{"event_name":"Drug Dealer","player_choice":"Ignored","floor":19,"damage_taken":0}],"boss_relics":[{"not_picked":["Tiny House","Runic Dome"],"picked":"Calling Bell"}],"potions_floor_spawned":[1,12,16,18],"seed_played":"-949786156035352971","killed_by":"Slavers","ascension_level":0,"potions_obtained":[{"floor":1,"key":"FearPotion"},{"floor":12,"key":"GamblersBrew"},{"floor":16,"key":"LiquidBronze"},{"floor":18,"key":"SteroidPotion"}],"is_trial":false}