{"path_per_floor":["M","?","?","?","M","R","E","R","T","T","M","$","$","E","R","B",null,"M","?","?","M","M","M","M","R","T","$","M","$","?","$","R"],"character_chosen":"THE_SILENT","items_purchased":["Noxious Fumes","Bag of Marbles","Noxious Fumes"],"gold_per_floor":[214,214,214,179,196,196,226,226,226,253,266,4,4,30,30,131,131,142,57,57,70,81,100,112,112,112,37,52,52,52,52,52,52],"floor_reached":33,"campfire_rested":4,"playtime":1718,"item_purchase_floors":[12,12,27],"current_hp_per_floor":[70,63,49,66,66,66,52,70,70,70,64,64,64,40,61,46,70,57,57,57,57,48,22,11,32,32,32,15,15,15,15,36,0],"items_purged":["Strike_G"],"gold":52,"score":266,"play_id":"7656d940-829c-47a3-bc59-2a0c48334d2f","local_time":"20180608160923","is_prod":false,"is_daily":false,"chose_seed":false,"is_ascension_mode":true,"campfire_upgraded":1,"win_rate":0,"timestamp":1528488563,"campfire_choices":[{"data":"Bouncing Flask","floor":6,"key":"SMITH"},{"floor":8,"key":"REST"},{"floor":15,"key":"REST"},{"floor":25,"key":"REST"},{"floor":32,"key":"REST"}],"path_taken":["M","?","?","?","M","R","E","R","T","?","M","?","$","E","R","BOSS","M","?","?","M","M","M","M","R","T","$","?","$","?","$","R","BOSS"],"build_version":"2018-06-07v3","seed_source_timestamp":161221015903154,"purchased_purges":1,"victory":false,"master_deck":["Defend_G+1","Defend_G","Defend_G","Defend_G","Defend_G","Strike_G","Strike_G+1","Strike_G+1","Survivor","Neutralize","Blur+1","Bouncing Flask+1","Dodge and Roll","Terror","Noxious Fumes","Backflip","After Image","Choke","Noxious Fumes","Distraction","Deadly Poison","Poisoned Stab","Regret","Noxious Fumes"],"max_hp_per_floor":[70,70,70,70,70,70,70,70,70,70,70,70,70,70,70,70,70,70,70,70,70,70,70,70,70,70,70,70,70,70,70,70,70],"relics":["Ring of the Snake","Bronze Scales","Paper Crane","Whetstone","Bag of Marbles","Anchor","Cursed Key","Oddly Smooth Stone","Blue Candle"],"card_choices":[{"not_picked":["Slice","Quick Slash"],"picked":"Blur","floor":1},{"not_picked":["Endless Agony","Dagger Throw"],"picked":"Bouncing Flask","floor":5},{"not_picked":["Dagger Spray","Venomology"],"picked":"Dodge and Roll","floor":7},{"not_picked":["Prepared","Well Laid Plans"],"picked":"Terror","floor":11},{"not_picked":["Deflect","Blade Dance"],"picked":"Backflip","floor":14},{"not_picked":["Bullet Time","Tactician"],"picked":"After Image","floor":16},{"not_picked":["Expertise","Prepared+1"],"picked":"Choke","floor":18},{"not_picked":["Dodge and Roll","Distraction"],"picked":"Noxious Fumes","floor":21},{"not_picked":["Poisoned Stab","Flechettes"],"picked":"Distraction","floor":22},{"not_picked":["Grand Finale","Poisoned Stab"],"picked":"Deadly Poison","floor":23},{"not_picked":["Slice","Sucker Punch"],"picked":"Poisoned Stab","floor":24},{"not_picked":["Setup","Prepared","Bane"],"picked":"SKIP","floor":28}],"player_experience":429753,"potions_floor_usage":[16,33],"damage_taken":[{"damage":0,"enemies":"2 Louse","floor":1,"turns":2},{"damage":0,"enemies":"Small Slimes","floor":5,"turns":5},{"damage":14,"enemies":"3 Sentries","floor":7,"turns":12},{"damage":6,"enemies":"Jaw Worm","floor":11,"turns":3},{"damage":24,"enemies":"Gremlin Nob","floor":14,"turns":3},{"damage":15,"enemies":"Hexaghost","floor":16,"turns":8},{"damage":13,"enemies":"2 Thieves","floor":18,"turns":5},{"damage":0,"enemies":"Shell Parasite","floor":21,"turns":4},{"damage":9,"enemies":"Sentry and Sphere","floor":22,"turns":5},{"damage":26,"enemies":"Slaver and Parasite","floor":23,"turns":6},{"damage":11,"enemies":"Snake Plant","floor":24,"turns":4},{"damage":17,"enemies":"Cultist and Chosen","floor":28,"turns":6},{"damage":42,"enemies":"Automaton","floor":33,"turns":6}],"relics_obtained":[{"floor":7,"key":"Bronze Scales"},{"floor":9,"key":"Paper Crane"},{"floor":10,"key":"Whetstone"},{"floor":14,"key":"Anchor"},{"floor":26,"key":"Blue Candle"}],"event_choices":[{"event_name":"Golden Wing","player_choice":"Card Removal","floor":2,"damage_taken":0},{"event_name":"Shining Light","player_choice":"Entered Light","floor":3,"damage_taken":0},{"event_name":"The Cleric","player_choice":"Healed","floor":4,"damage_taken":0},{"event_name":"Addict","player_choice":"Obtained Relic","floor":19,"damage_taken":0},{"event_name":"Ghosts","player_choice":"Ignored","floor":20,"damage_taken":0},{"event_name":"Vampires","player_choice":"Ignored","floor":30,"damage_taken":0}],"boss_relics":[{"not_picked":["Busted Crown","Runic Dome"],"picked":"Cursed Key"}],"items_purged_floors":[12],"potions_floor_spawned":[5,7,11,16,18,21,23],"seed_played":"7838765340132797278","killed_by":"Automaton","ascension_level":1,"potions_obtained":[{"floor":5,"key":"Fire Potion"},{"floor":7,"key":"SpeedPotion"},{"floor":11,"key":"SpeedPotion"},{"floor":18,"key":"Block Potion"},{"floor":21,"key":"Energy Potion"},{"floor":23,"key":"Ancient Potion"}],"is_trial":false}