{"gold_per_floor":[117,117,117,137,212,237,257,257,282,294,294,325,325,325,325,427,427,447,71,170,170,189,189,206,206,253,272,272,17,32,42,42,142,142,155,165,165,165,184,184,0,14,14,33,33,33],"floor_reached":46,"playtime":2149,"items_purged":["Strike_G"],"score":596,"play_id":"0a74886c-0471-49c5-982c-c30391dc3e75","local_time":"20181106003459","is_ascension_mode":true,"campfire_choices":[{"floor":11,"key":"REST"},{"floor":13,"key":"DIG"},{"data":"Sucker Punch","floor":15,"key":"SMITH"},{"floor":23,"key":"RECALL"},{"floor":25,"key":"REST"},{"floor":32,"key":"DIG"},{"floor":40,"key":"REST"}],"neow_cost":"NONE","seed_source_timestamp":4566391344992,"circlet_count":0,"master_deck":["Defend_G","Defend_G","Defend_G","Defend_G","Defend_G","Strike_G","Strike_G","Strike_G+1","Survivor","Neutralize+1","Flying Knee","Riddle With Holes+1","Skewer","Well Laid Plans+1","Leg Sweep","Sucker Punch+1","Adrenaline","Noxious Fumes","Backflip+1","Blade Dance+1","Malaise","Quick Slash+1","Dodge and Roll+1","Storm of Steel","Infinite Blades+1","Endless Agony+1","Bouncing Flask","Dash+1","Malaise"],"relics":["Ring of the Serpent","NeowsBlessing","Smiling Mask","Oddly Smooth Stone","Shovel","Bag of Marbles","Shuriken","Gremlin Horn","Mango","Sozu","Red Mask","Matryoshka"],"potions_floor_usage":[10,12,12,16,24,31,33],"damage_taken":[{"damage":0,"enemies":"Jaw Worm","floor":1,"turns":1},{"damage":0,"enemies":"2 Louse","floor":4,"turns":1},{"damage":0,"enemies":"Lagavulin","floor":6,"turns":1},{"damage":2,"enemies":"Small Slimes","floor":7,"turns":4},{"damage":0,"enemies":"3 Louse","floor":10,"turns":5},{"damage":2,"enemies":"3 Sentries","floor":12,"turns":7},{"damage":21,"enemies":"Hexaghost","floor":16,"turns":10},{"damage":3,"enemies":"3 Byrds","floor":18,"turns":6},{"damage":0,"enemies":"Chosen","floor":22,"turns":4},{"damage":3,"enemies":"Centurion and Healer","floor":24,"turns":6},{"damage":15,"enemies":"Snake Plant","floor":27,"turns":5},{"damage":3,"enemies":"Cultist and Chosen","floor":30,"turns":7},{"damage":1,"enemies":"Centurion and Healer","floor":31,"turns":8},{"damage":61,"enemies":"Automaton","floor":33,"turns":13},{"damage":0,"enemies":"Orb Walker","floor":35,"turns":3},{"damage":15,"enemies":"3 Darklings","floor":36,"turns":5},{"damage":57,"enemies":"4 Shapes","floor":39,"turns":5},{"damage":22,"enemies":"Writhing Mass","floor":42,"turns":8},{"damage":8,"enemies":"Transient","floor":44,"turns":5},{"damage":14,"enemies":"Spire Growth","floor":46,"turns":3}],"seed_played":"-8672304978137800309","potions_obtained":[{"floor":4,"key":"LiquidBronze"},{"floor":6,"key":"EssenceOfSteel"},{"floor":10,"key":"Energy Potion"},{"floor":12,"key":"Strength Potion"},{"floor":22,"key":"AttackPotion"},{"floor":27,"key":"SkillPotion"},{"floor":30,"key":"AttackPotion"}],"is_trial":false,"path_per_floor":["M","$","?","M","?","E","M","?","T","M","R","E","R","?","R","B",null,"M","$","?","?","M","R","M","R","T","M","?","$","M","M","R","B",null,"M","M","?","$","M","R","?","M","T","M","?","M"],"character_chosen":"THE_SILENT","items_purchased":["Shuriken","Noxious Fumes","Gremlin Horn"],"campfire_rested":3,"item_purchase_floors":[19,19,29],"current_hp_per_floor":[70,70,70,70,59,59,57,57,57,57,70,68,68,54,54,33,70,67,67,67,54,54,54,51,73,73,58,58,58,55,54,68,7,89,89,74,74,74,17,42,42,20,20,12,12,0],"gold":33,"neow_bonus":"THREE_ENEMY_KILL","is_prod":false,"is_daily":false,"chose_seed":false,"campfire_upgraded":1,"win_rate":0,"timestamp":1541486099,"path_taken":["M","$","?","M","?","E","?","?","T","?","R","E","R","?","R","BOSS","M","$","?","?","M","R","M","R","T","M","?","$","?","M","R","BOSS","M","M","?","$","M","R","?","?","T","M","?","?"],"build_version":"2018-11-02","purchased_purges":1,"victory":false,"max_hp_per_floor":[70,70,70,70,70,70,70,70,70,70,70,70,70,70,70,70,70,70,70,70,75,75,75,75,75,75,75,75,75,75,75,89,89,89,89,89,85,85,85,85,85,85,85,85,85,85],"card_choices":[{"not_picked":["Bane","Outmaneuver"],"picked":"Flying Knee","floor":1},{"not_picked":["Underhanded Strike","Acrobatics"],"picked":"Riddle With Holes","floor":4},{"not_picked":["Wraith Form v2","Blade Dance"],"picked":"Skewer","floor":6},{"not_picked":["Dagger Spray","Flying Knee"],"picked":"Well Laid Plans","floor":7},{"not_picked":["Bane","Masterful Stab"],"picked":"Leg Sweep","floor":10},{"not_picked":["Eviscerate","Flechettes"],"picked":"Sucker Punch","floor":12},{"not_picked":["Phantasmal Killer","Doppelganger"],"picked":"Adrenaline","floor":16},{"not_picked":["Dash","Slice","Setup+1"],"picked":"SKIP","floor":18},{"not_picked":["Catalyst","Masterful Stab+1"],"picked":"Backflip+1","floor":22},{"not_picked":["Deflect","Noxious Fumes","Predator"],"picked":"SKIP","floor":24},{"not_picked":["Bane","Deflect"],"picked":"Blade Dance+1","floor":27},{"not_picked":["Heel Hook","Dagger Throw"],"picked":"Quick Slash+1","floor":30},{"not_picked":["Accuracy","Dash"],"picked":"Dodge and Roll+1","floor":31},{"not_picked":["Unload","Corpse Explosion"],"picked":"Storm of Steel","floor":33},{"not_picked":["Underhanded Strike+1","Dodge and Roll"],"picked":"Infinite Blades+1","floor":35},{"not_picked":["Dagger Throw+1","Sucker Punch+1"],"picked":"Endless Agony+1","floor":36},{"not_picked":["Dagger Spray","Dagger Throw","Backflip"],"picked":"SKIP","floor":39},{"not_picked":["Leg Sweep+1","Deadly Poison"],"picked":"Bouncing Flask","floor":42},{"not_picked":["Heel Hook","Blade Dance+1"],"picked":"Dash+1","floor":44}],"player_experience":514348,"relics_obtained":[{"floor":6,"key":"Smiling Mask"},{"floor":9,"key":"Oddly Smooth Stone"},{"floor":12,"key":"Shovel"},{"floor":13,"key":"Bag of Marbles"},{"floor":32,"key":"Mango"},{"floor":43,"key":"Matryoshka"}],"event_choices":[{"damage_healed":0,"gold_gain":0,"player_choice":"Grow","damage_taken":0,"max_hp_gain":0,"max_hp_loss":0,"event_name":"Living Wall","floor":3,"gold_loss":0,"cards_upgraded":["Neutralize"]},{"damage_healed":0,"gold_gain":75,"player_choice":"Gather Gold","damage_taken":11,"max_hp_gain":0,"max_hp_loss":0,"event_name":"World of Goop","floor":5,"gold_loss":0},{"damage_healed":0,"gold_gain":0,"player_choice":"Upgraded","damage_taken":0,"max_hp_gain":0,"max_hp_loss":0,"event_name":"Upgrade Shrine","floor":8,"gold_loss":0,"cards_upgraded":["Riddle With Holes"]},{"damage_healed":0,"gold_gain":0,"player_choice":"Entered Light","damage_taken":14,"max_hp_gain":0,"max_hp_loss":0,"event_name":"Shining Light","floor":14,"gold_loss":0,"cards_upgraded":["Well Laid Plans","Strike_G"]},{"damage_healed":0,"gold_gain":99,"player_choice":"Stole From Cult","damage_taken":0,"max_hp_gain":0,"max_hp_loss":0,"event_name":"Nest","floor":20,"gold_loss":0},{"damage_healed":0,"gold_gain":0,"player_choice":"Shed Blood","damage_taken":18,"max_hp_gain":5,"max_hp_loss":0,"event_name":"Forgotten Altar","floor":21,"gold_loss":0},{"damage_healed":0,"gold_gain":0,"cards_transformed":["Strike_G"],"player_choice":"Transformed","damage_taken":0,"max_hp_gain":0,"max_hp_loss":0,"event_name":"Transmorgrifier","floor":28,"gold_loss":0,"cards_obtained":["Malaise"]},{"damage_healed":0,"gold_gain":0,"player_choice":"Max HP","damage_taken":0,"max_hp_gain":0,"max_hp_loss":4,"event_name":"Winding Halls","floor":37,"gold_loss":0},{"damage_healed":0,"gold_gain":0,"player_choice":"Paid","damage_taken":0,"relics_obtained":["Red Mask"],"max_hp_gain":0,"max_hp_loss":0,"event_name":"Tomb of Lord Red Mask","floor":41,"gold_loss":184},{"damage_healed":0,"gold_gain":0,"player_choice":"Copied","damage_taken":0,"max_hp_gain":0,"max_hp_loss":0,"event_name":"Duplicator","floor":45,"gold_loss":0,"cards_obtained":["Malaise"]}],"is_beta":true,"boss_relics":[{"not_picked":["Coffee Dripper","Pandora\u0027s Box"],"picked":"Ring of the Serpent"},{"not_picked":["Fusion Hammer","Runic Pyramid"],"picked":"Sozu"}],"items_purged_floors":[19],"is_endless":false,"potions_floor_spawned":[4,6,10,12,22,27,30,35,42],"killed_by":"Spire Growth","ascension_level":4}