{"gold_per_floor":[118,118,128,140,140,140,158,158,158,172,172,515,515,545,545,666,666,690,100,100,100,119,119,119,119,143,162,162,162,9,9,9,130,130,145,98,98],"floor_reached":37,"playtime":1629,"items_purged":["Strike_R"],"score":568,"play_id":"efa0a7cc-cf33-44c2-9235-0ebc604f5d84","local_time":"20180730152227","is_ascension_mode":true,"campfire_choices":[{"data":"Searing Blow","floor":6,"key":"SMITH"},{"data":"Searing Blow+1","floor":8,"key":"SMITH"},{"data":"Searing Blow+2","floor":11,"key":"SMITH"},{"data":"Searing Blow+3","floor":13,"key":"SMITH"},{"floor":15,"key":"REST"},{"floor":23,"key":"REST"},{"data":"Searing Blow+4","floor":28,"key":"SMITH"},{"data":"Searing Blow+5","floor":32,"key":"SMITH"}],"neow_cost":"NONE","seed_source_timestamp":423154113371647,"circlet_count":0,"master_deck":["Strike_R","Strike_R","Defend_R","Defend_R","Defend_R","Defend_R","Bash","True Grit+1","Anger","Searing Blow+6","Pummel","Headbutt","Rage","Barricade","Apotheosis","Flame Barrier","Impervious","Inflame","Battle Trance","Limit Break","Body Slam+1","Armaments"],"relics":["Burning Blood","Blood Vial","Golden Idol","Shovel","Old Coin","Odd Mushroom","Empty Cage","Bottled Lightning","Pen Nib","Bag of Preparation","Strawberry","White Beast Statue"],"potions_floor_usage":[7,10,10,14,16,16,18,21,22,25,37],"damage_taken":[{"damage":7,"enemies":"Jaw Worm","floor":1,"turns":3},{"damage":0,"enemies":"Small Slimes","floor":3,"turns":3},{"damage":0,"enemies":"Cultist","floor":4,"turns":4},{"damage":20,"enemies":"Lots of Slimes","floor":7,"turns":6},{"damage":6,"enemies":"2 Fungi Beasts","floor":10,"turns":3},{"damage":16,"enemies":"Gremlin Nob","floor":12,"turns":3},{"damage":21,"floor":14,"turns":4},{"damage":50,"enemies":"The Guardian","floor":16,"turns":13},{"damage":29,"enemies":"3 Byrds","floor":18,"turns":7},{"damage":0,"enemies":"2 Thieves","floor":21,"turns":1},{"damage":56,"enemies":"Cultist and Chosen","floor":22,"turns":6},{"damage":0,"enemies":"Snake Plant","floor":25,"turns":1},{"damage":0,"enemies":"Centurion and Healer","floor":27,"turns":5},{"damage":72,"enemies":"Champ","floor":33,"turns":11},{"damage":51,"enemies":"3 Darklings","floor":35,"turns":8},{"damage":31,"enemies":"Flame Bruiser 1 Orb","floor":37,"turns":4}],"seed_played":"-3472394746379652416","potions_obtained":[{"floor":4,"key":"Fruit Juice"},{"floor":7,"key":"EntropicBrew"},{"floor":12,"key":"Weak Potion"},{"floor":14,"key":"Weak Potion"},{"floor":18,"key":"SmokeBomb"},{"floor":20,"key":"SmokeBomb"},{"floor":20,"key":"Regen Potion"},{"floor":27,"key":"Ancient Potion"},{"floor":35,"key":"Swift Potion"}],"is_trial":false,"path_per_floor":["M","?","M","M","?","R","M","R","T","M","R","E","R","?","R","B",null,"M","$","?","M","M","R","T","M","T","M","R","T","$","?","R","B",null,"M","$"],"character_chosen":"IRONCLAD","items_purchased":["Apotheosis","Flame Barrier","Impervious","Inflame","Strawberry","Armaments"],"campfire_rested":2,"item_purchase_floors":[19,19,19,19,30,36],"current_hp_per_floor":[73,73,80,80,60,60,53,53,53,63,63,55,55,42,67,25,70,49,49,49,57,24,49,49,57,57,65,65,65,72,72,72,8,71,28,28,0],"gold":98,"neow_bonus":"RANDOM_COMMON_RELIC","is_prod":false,"is_daily":false,"chose_seed":false,"campfire_upgraded":6,"win_rate":0,"timestamp":1532978547,"path_taken":["M","?","M","M","?","R","M","R","T","M","R","E","R","?","R","BOSS","M","?","?","M","M","R","?","?","T","M","R","?","$","?","R","BOSS","M","?","M"],"build_version":"2018-07-26","purchased_purges":1,"victory":false,"max_hp_per_floor":[80,80,80,80,80,80,85,85,85,85,85,85,85,85,85,85,85,85,85,85,85,85,85,85,85,85,85,85,85,92,92,92,92,92,92,92,92],"card_choices":[{"not_picked":["Twin Strike","Heavy Blade"],"picked":"True Grit","floor":1},{"not_picked":["Second Wind","Blood for Blood"],"picked":"Anger","floor":3},{"not_picked":["Thunderclap","Shockwave"],"picked":"Searing Blow","floor":4},{"not_picked":["Blood for Blood","Flex"],"picked":"Pummel","floor":7},{"not_picked":["Twin Strike","Anger"],"picked":"Headbutt","floor":10},{"not_picked":["Exhume","Intimidate"],"picked":"Rage","floor":12},{"not_picked":["Brutality","Fiend Fire"],"picked":"Barricade","floor":16},{"not_picked":["Iron Wave+1","Spot Weakness+1","Armaments"],"picked":"SKIP","floor":18},{"not_picked":["Second Wind","Headbutt+1"],"picked":"Battle Trance","floor":22},{"not_picked":["Heavy Blade","Wild Strike","Corruption+1"],"picked":"SKIP","floor":27},{"not_picked":["Berserk","Bludgeon"],"picked":"Limit Break","floor":33},{"not_picked":["Anger","Hemokinesis+1"],"picked":"Body Slam+1","floor":35}],"player_experience":1369456,"relics_obtained":[{"floor":9,"key":"Shovel"},{"floor":12,"key":"Old Coin"},{"floor":14,"key":"Odd Mushroom"},{"floor":24,"key":"Bottled Lightning"},{"floor":26,"key":"Pen Nib"},{"floor":29,"key":"Bag of Preparation"}],"event_choices":[{"event_name":"Living Wall","player_choice":"Grow","floor":2,"damage_taken":0},{"event_name":"Golden Idol","player_choice":"Take Damage","floor":5,"damage_taken":0},{"event_name":"Mushrooms","player_choice":"Fought Mushrooms","floor":14,"damage_taken":0},{"event_name":"The Lab","player_choice":"Got Potions","floor":20,"damage_taken":0},{"event_name":"Beggar","player_choice":"Ignored","floor":31,"damage_taken":0}],"is_beta":false,"boss_relics":[{"not_picked":["Runic Cube","Black Blood"],"picked":"Empty Cage"},{"not_picked":["Pandora\u0027s Box","Orrery"],"picked":"White Beast Statue"}],"items_purged_floors":[19],"is_endless":false,"potions_floor_spawned":[4,7,12,14,18,21,27,35],"killed_by":"Flame Bruiser 1 Orb","ascension_level":9}