{"gold_per_floor":[117,135,152,169,181,214,214,234,234,234,254,270,270,287,287,365,365,378,394,63,113,113,113,113,113,187,199,199,217,230,230],"floor_reached":31,"playtime":1266,"items_purged":[],"score":450,"play_id":"dfdc2c10-b4a4-4c29-b98c-60754bf4829d","local_time":"20190211231007","is_ascension_mode":true,"campfire_choices":[{"floor":10.0,"key":"REST"},{"data":"True Grit","floor":13.0,"key":"SMITH"},{"data":"Bash","floor":15.0,"key":"SMITH"},{"floor":23.0,"key":"REST"},{"floor":25,"key":"REST"},{"floor":28,"key":"REST"}],"neow_cost":"NONE","seed_source_timestamp":722548019433356,"circlet_count":0,"master_deck":["AscendersBane","Strike_R","Strike_R","Strike_R","Defend_R","Defend_R","Defend_R","Defend_R","Bash+1","Clothesline","Dropkick","Shrug It Off","Clash","True Grit+1","Uppercut+1","Evolve","Clash","Cleave","Reaper","Whirlwind","Flame Barrier","Shrug It Off","Thunderclap","Uppercut","Dropkick","Sword Boomerang+1","Metallicize+1","Inflame"],"special_seed":0,"relics":["Burning Blood","NeowsBlessing","Bronze Scales","Ginger","Sozu","Shuriken","Molten Egg 2"],"potions_floor_usage":[29],"damage_taken":[{"damage":0.0,"enemies":"Cultist","floor":1.0,"turns":1.0},{"damage":0.0,"enemies":"2 Louse","floor":2.0,"turns":1.0},{"damage":0.0,"enemies":"Jaw Worm","floor":3.0,"turns":1.0},{"damage":5.0,"enemies":"2 Fungi Beasts","floor":4.0,"turns":5.0},{"damage":16.0,"enemies":"Looter","floor":5.0,"turns":3.0},{"damage":27.0,"enemies":"Lagavulin","floor":6.0,"turns":7.0},{"damage":9.0,"enemies":"Blue Slaver","floor":8.0,"turns":3.0},{"damage":2.0,"enemies":"2 Fungi Beasts","floor":11.0,"turns":3.0},{"damage":0.0,"enemies":"3 Louse","floor":12.0,"turns":3.0},{"damage":13.0,"enemies":"Blue Slaver","floor":14.0,"turns":2.0},{"damage":41.0,"enemies":"Slime Boss","floor":16.0,"turns":9.0},{"damage":19.0,"enemies":"Spheric Guardian","floor":18.0,"turns":4.0},{"damage":43.0,"enemies":"Shell Parasite","floor":19.0,"turns":5.0},{"damage":42,"enemies":"Shelled Parasite and Fungi","floor":27,"turns":4},{"damage":33,"enemies":"Centurion and Healer","floor":29,"turns":8},{"damage":15,"enemies":"Snecko","floor":30,"turns":6},{"damage":27,"enemies":"Shelled Parasite and Fungi","floor":31,"turns":2}],"seed_played":"7471893716512958157","potions_obtained":[{"floor":1.0,"key":"FearPotion"},{"floor":3.0,"key":"Ancient Potion"},{"floor":14.0,"key":"Weak Potion"},{"floor":16.0,"key":"SpeedPotion"}],"is_trial":false,"path_per_floor":["M","M","M","M","M","E","?","M","T","R","M","M","R","M","R","B",null,"M","M","$","?","?","R","?","R","T","M","R","M","M","M"],"character_chosen":"IRONCLAD","items_purchased":["Shuriken","Shrug It Off"],"campfire_rested":4,"item_purchase_floors":[20,20],"current_hp_per_floor":[74,75,75,75,65,44,44,41,41,63,67,73,73,66,66,31,64,51,14,14,14,14,36,36,58,58,22,44,27,24,0],"gold":230,"neow_bonus":"THREE_ENEMY_KILL","is_prod":false,"is_daily":false,"chose_seed":false,"campfire_upgraded":2,"win_rate":0,"timestamp":1549944607,"path_taken":["M","M","M","M","?","E","?","M","T","R","M","M","R","M","R","BOSS","M","M","$","?","?","R","?","R","T","M","R","?","?","M"],"build_version":"2019-01-23","purchased_purges":0,"victory":false,"max_hp_per_floor":[75,75,75,75,75,75,75,75,75,75,75,75,75,75,75,75,75,75,75,75,75,75,75,75,75,75,75,75,75,75,75],"card_choices":[{"not_picked":["Hemokinesis","Body Slam"],"picked":"Clothesline","floor":1.0},{"not_picked":["Heavy Blade","Flame Barrier"],"picked":"Dropkick","floor":2.0},{"not_picked":["Twin Strike","Blood for Blood"],"picked":"Shrug It Off","floor":3.0},{"not_picked":["Twin Strike","Anger"],"picked":"Clash","floor":4.0},{"not_picked":["Reckless Charge","Havoc"],"picked":"True Grit","floor":5.0},{"not_picked":["Flex","Offering"],"picked":"Uppercut","floor":6.0},{"not_picked":["Flex","Iron Wave"],"picked":"Evolve","floor":8.0},{"not_picked":["Heavy Blade","Evolve"],"picked":"Clash","floor":11.0},{"not_picked":["Wild Strike","Clothesline"],"picked":"Cleave","floor":12.0},{"not_picked":["Carnage","Evolve","Iron Wave"],"picked":"SKIP","floor":14.0},{"not_picked":["Fiend Fire","Offering"],"picked":"Reaper","floor":16.0},{"not_picked":["Combust","Feel No Pain"],"picked":"Whirlwind","floor":18.0},{"not_picked":["Wild Strike","Reckless Charge"],"picked":"Flame Barrier","floor":19.0},{"not_picked":["Flex","Anger+1"],"picked":"Sword Boomerang+1","floor":27},{"not_picked":["Wild Strike+1","Cleave+1"],"picked":"Metallicize+1","floor":29},{"not_picked":["Body Slam+1","Wild Strike+1"],"picked":"Inflame","floor":30}],"player_experience":2414214,"relics_obtained":[{"floor":6.0,"key":"Bronze Scales"},{"floor":9.0,"key":"Ginger"},{"floor":26,"key":"Molten Egg 2"}],"event_choices":[{"damage_healed":0.0,"max_hp_gain":0.0,"max_hp_loss":0.0,"gold_gain":0.0,"event_name":"Upgrade Shrine","player_choice":"Upgraded","floor":7.0,"gold_loss":0.0,"damage_taken":0.0,"cards_upgraded":["Uppercut"]},{"damage_healed":0.0,"max_hp_gain":0.0,"max_hp_loss":0.0,"gold_gain":50.0,"event_name":"Nest","player_choice":"Stole From Cult","floor":21.0,"gold_loss":0.0,"damage_taken":0.0},{"damage_healed":0.0,"max_hp_gain":0.0,"max_hp_loss":0.0,"gold_gain":0.0,"cards_transformed":["Strike_R","Strike_R"],"event_name":"Drug Dealer","player_choice":"Became Test Subject","floor":22.0,"gold_loss":0.0,"damage_taken":0.0,"cards_obtained":["Thunderclap","Uppercut"]},{"damage_healed":0,"gold_gain":0,"player_choice":"Copied","damage_taken":0,"max_hp_gain":0,"max_hp_loss":0,"event_name":"Duplicator","floor":24,"gold_loss":0,"cards_obtained":["Dropkick"]}],"is_beta":false,"boss_relics":[{"not_picked":["Cursed Key","Lizard Tail"],"picked":"Sozu"}],"items_purged_floors":[],"is_endless":false,"potions_floor_spawned":[1,3,4,14,16,19,27],"killed_by":"Shelled Parasite and Fungi","ascension_level":17}