{"gold_per_floor":[216,216,25,40,40,40,115,144,144,144,162,176,187,200,200,277,277,295,345,345,371,351,351,362,362],"floor_reached":25,"playtime":1078,"items_purged":[],"score":392,"play_id":"a95d8b48-706f-4def-9c71-2b5eb27b6537","local_time":"20190204224619","is_ascension_mode":true,"campfire_choices":[{"data":"Apotheosis","floor":6.0,"key":"SMITH"},{"floor":15.0,"key":"REST"},{"floor":23.0,"key":"REST"}],"neow_cost":"NONE","seed_source_timestamp":116620179656005,"circlet_count":0,"master_deck":["AscendersBane","Strike_B","Strike_B","Defend_B","Defend_B","Defend_B","Defend_B","Zap","Dualcast","Streamline","BootSequence","Apotheosis+1","Ball Lightning","Cold Snap","Coolheaded","Reinforced Body","Chill","Fusion","Echo Form","Hologram","White Noise"],"special_seed":0,"relics":["Cracked Core","Mango","Ancient Tea Set","Sozu","Red Mask"],"potions_floor_usage":[],"damage_taken":[{"damage":1.0,"enemies":"Cultist","floor":1.0,"turns":3.0},{"damage":6.0,"enemies":"Small Slimes","floor":4.0,"turns":4.0},{"damage":16.0,"enemies":"3 Sentries","floor":8.0,"turns":6.0},{"damage":4.0,"enemies":"Jaw Worm","floor":11.0,"turns":2.0},{"damage":0.0,"enemies":"2 Fungi Beasts","floor":12.0,"turns":3.0},{"damage":8.0,"enemies":"Exordium Wildlife","floor":13.0,"turns":5.0},{"damage":1.0,"enemies":"Blue Slaver","floor":14.0,"turns":4.0},{"damage":19.0,"enemies":"The Guardian","floor":16.0,"turns":10.0},{"damage":15.0,"enemies":"2 Thieves","floor":18.0,"turns":5.0},{"damage":34.0,"enemies":"Masked Bandits","floor":21.0,"turns":5.0},{"damage":34.0,"enemies":"Chosen","floor":24.0,"turns":7.0},{"damage":34,"enemies":"3 Cultists","floor":25,"turns":4}],"seed_played":"-5070157662733323098","potions_obtained":[{"floor":1.0,"key":"FearPotion"},{"floor":8.0,"key":"Block Potion"},{"floor":13.0,"key":"Strength Potion"}],"is_trial":false,"path_per_floor":["M","?","$","M","$","R","?","E","T","?","M","M","M","M","R","B",null,"M","?","?","?","?","R","M","M"],"character_chosen":"DEFECT","items_purchased":["Apotheosis"],"campfire_rested":2,"item_purchase_floors":[3],"current_hp_per_floor":[63,63,63,57,57,57,46,44,44,44,40,40,32,31,56,37,73,58,58,75,41,41,66,32,0],"gold":362,"neow_bonus":"HUNDRED_GOLD","is_prod":false,"is_daily":false,"chose_seed":false,"campfire_upgraded":1,"win_rate":0,"timestamp":1549338379,"path_taken":["M","?","?","M","$","R","?","E","T","?","?","M","M","M","R","BOSS","M","?","?","?","?","R","M","?"],"build_version":"2019-01-23","purchased_purges":0,"victory":false,"max_hp_per_floor":[71,71,71,71,71,71,71,85,85,85,85,85,85,85,85,85,85,85,85,85,85,85,85,85,85],"card_choices":[{"not_picked":["Skim","Barrage"],"picked":"Streamline","floor":1.0},{"not_picked":["Steam","Barrage"],"picked":"Ball Lightning","floor":4.0},{"not_picked":["Sunder","Gash"],"picked":"Cold Snap","floor":8.0},{"not_picked":["Sweeping Beam","Cold Snap"],"picked":"Coolheaded","floor":11.0},{"not_picked":["Beam Cell","Steam"],"picked":"Reinforced Body","floor":12.0},{"not_picked":["FTL","Beam Cell"],"picked":"Chill","floor":13.0},{"not_picked":["Doom and Gloom","All For One"],"picked":"Fusion","floor":14.0},{"not_picked":["All For One","Core Surge"],"picked":"Echo Form","floor":16.0},{"not_picked":["Gash","Redo"],"picked":"Hologram","floor":18.0},{"not_picked":["Ball Lightning","Gash"],"picked":"White Noise","floor":21.0},{"not_picked":["Go for the Eyes","Gash","Compile Driver"],"picked":"SKIP","floor":24.0}],"player_experience":2326197,"relics_obtained":[{"floor":8.0,"key":"Mango"},{"floor":9.0,"key":"Ancient Tea Set"},{"floor":21.0,"key":"Red Mask"}],"event_choices":[{"damage_healed":0.0,"max_hp_gain":0.0,"max_hp_loss":0.0,"gold_gain":0.0,"cards_transformed":["Strike_B"],"event_name":"Transmorgrifier","player_choice":"Transformed","floor":2.0,"gold_loss":0.0,"damage_taken":0.0,"cards_obtained":["BootSequence"]},{"damage_healed":0.0,"max_hp_gain":0.0,"max_hp_loss":0.0,"gold_gain":75.0,"event_name":"World of Goop","player_choice":"Gather Gold","floor":7.0,"gold_loss":0.0,"damage_taken":11.0},{"cards_removed":["Strike_B"],"damage_healed":0.0,"max_hp_gain":0.0,"max_hp_loss":0.0,"gold_gain":0.0,"event_name":"Living Wall","player_choice":"Forget","floor":10.0,"gold_loss":0.0,"damage_taken":0.0},{"damage_healed":0.0,"max_hp_gain":0.0,"max_hp_loss":0.0,"gold_gain":50.0,"event_name":"Nest","player_choice":"Stole From Cult","floor":19.0,"gold_loss":0.0,"damage_taken":0.0},{"damage_healed":17.0,"max_hp_gain":0.0,"max_hp_loss":0.0,"gold_gain":0.0,"event_name":"The Library","player_choice":"Heal","floor":20.0,"gold_loss":0.0,"damage_taken":0.0},{"damage_healed":0.0,"max_hp_gain":0.0,"max_hp_loss":0.0,"gold_gain":0.0,"event_name":"Masked Bandits","player_choice":"Fought Bandits","floor":21.0,"gold_loss":0.0,"damage_taken":0.0},{"damage_healed":0.0,"max_hp_gain":0.0,"max_hp_loss":0.0,"gold_gain":0.0,"event_name":"The Woman in Blue","player_choice":"Bought 1 Potion","floor":22.0,"gold_loss":0.0,"damage_taken":0.0}],"is_beta":false,"boss_relics":[{"not_picked":["Busted Crown","Coffee Dripper"],"picked":"Sozu"}],"items_purged_floors":[],"is_endless":false,"potions_floor_spawned":[1,8,11,13,21,24],"killed_by":"3 Cultists","ascension_level":19}