{"gold_per_floor":[112,112,37,57,67,67,85,35,35,35,62,27,42,67,67,169,169,186,199,43,62,62,90,101,101,124,24,44,70,90,110,110,110],"floor_reached":33,"playtime":1775,"items_purged":["Defend_B","Lockon"],"score":344,"play_id":"639878bd-a08e-46fa-84be-ef93efe152ce","local_time":"20190212213924","is_ascension_mode":true,"campfire_choices":[{"data":"Zap","floor":6,"key":"SMITH"},{"data":"Glacier","floor":10,"key":"SMITH"},{"floor":15,"key":"REST"},{"floor":25,"key":"REST"},{"floor":32,"key":"RECALL"}],"neow_cost":"NONE","seed_source_timestamp":29726543448263,"circlet_count":0,"master_deck":["Defend_B+1","Defend_B+1","Zap+1","Dualcast","Chill","Glacier+1","Rebound","Compile Driver","Capacitor","Defragment","Reprogram","Machine Learning","Tempest","Defragment","Glacier","FTL+1","Reboot","Tempest","White Noise","White Noise+1"],"relics":["Cracked Core","Calipers","Gambling Chip","Regal Pillow","Fusion Hammer","War Paint","Cables","Orichalcum","Bottled Flame"],"potions_floor_usage":[14,29],"damage_taken":[{"damage":0,"enemies":"2 Louse","floor":1,"turns":2},{"damage":5,"enemies":"Small Slimes","floor":4,"turns":3},{"damage":10,"enemies":"Jaw Worm","floor":5,"turns":3},{"damage":1,"enemies":"Gremlin Gang","floor":7,"turns":4},{"damage":17,"enemies":"3 Sentries","floor":11,"turns":12},{"damage":0,"enemies":"Looter","floor":13,"turns":3},{"damage":16,"enemies":"Gremlin Nob","floor":14,"turns":4},{"damage":17,"enemies":"The Guardian","floor":16,"turns":10},{"damage":0,"enemies":"Spheric Guardian","floor":18,"turns":4},{"damage":16,"enemies":"Shell Parasite","floor":19,"turns":5},{"damage":6,"enemies":"Snecko","floor":21,"turns":5},{"damage":26,"enemies":"Book of Stabbing","floor":23,"turns":6},{"damage":4,"enemies":"Snake Plant","floor":24,"turns":4},{"damage":2,"enemies":"Chosen and Byrds","floor":28,"turns":6},{"damage":4,"enemies":"Slavers","floor":29,"turns":6},{"damage":6,"enemies":"Snecko","floor":30,"turns":4},{"damage":10,"enemies":"Snake Plant","floor":31,"turns":4},{"damage":44,"enemies":"Collector","floor":33,"turns":7}],"seed_played":"2770839914429558257","potions_obtained":[{"floor":1,"key":"SpeedPotion"},{"floor":5,"key":"Explosive Potion"},{"floor":7,"key":"Weak Potion"},{"floor":18,"key":"Ancient Potion"},{"floor":28,"key":"PowerPotion"},{"floor":30,"key":"SpeedPotion"}],"is_trial":false,"path_per_floor":["M","?","$","M","M","R","M","?","T","R","E","$","M","E","R","B",null,"M","M","$","M","?","E","M","R","T","$","M","E","M","M","R","B"],"character_chosen":"DEFECT","items_purchased":["Capacitor","War Paint"],"campfire_rested":2,"item_purchase_floors":[12,20],"current_hp_per_floor":[75,68,68,63,53,53,52,52,52,52,35,35,35,19,56,39,75,75,59,59,53,53,27,23,60,60,60,58,54,48,38,38,0],"gold":110,"neow_bonus":"TRANSFORM_CARD","is_prod":false,"is_daily":false,"chose_seed":false,"campfire_upgraded":2,"win_rate":0,"timestamp":1550003964,"path_taken":["M","?","$","M","M","R","M","?","T","R","E","$","M","E","R","BOSS","M","M","$","M","?","E","M","R","T","$","M","E","M","M","R","BOSS"],"build_version":"2019-01-23","purchased_purges":2,"victory":false,"max_hp_per_floor":[75,75,75,75,75,75,75,75,75,75,75,75,75,75,75,75,75,75,75,75,75,75,75,75,75,75,75,75,75,75,75,75,75],"card_choices":[{"not_picked":["Self Repair","Sweeping Beam"],"picked":"Glacier","floor":1},{"not_picked":["Conserve Battery","Hologram"],"picked":"Rebound","floor":4},{"not_picked":["Steam","Steam Power"],"picked":"Compile Driver","floor":5},{"not_picked":["Steam Power","Stack","Beam Cell"],"picked":"SKIP","floor":7},{"not_picked":["Multi-Cast","Reinforced Body","Rebound"],"picked":"SKIP","floor":11},{"not_picked":["Lockon","Aggregate"],"picked":"Defragment","floor":13},{"not_picked":["Cold Snap","Skim"],"picked":"Reprogram","floor":14},{"not_picked":["Reboot","Amplify"],"picked":"Machine Learning","floor":16},{"not_picked":["Stack+1","Ball Lightning"],"picked":"Lockon","floor":18},{"not_picked":["Go for the Eyes","Lockon+1","Beam Cell"],"picked":"SKIP","floor":19},{"not_picked":["Ball Lightning","Consume"],"picked":"Tempest","floor":21},{"not_picked":["Redo","All For One","Steam"],"picked":"SKIP","floor":23},{"not_picked":["Steam Power+1","Conserve Battery"],"picked":"FTL+1","floor":24},{"not_picked":["Compile Driver","Self Repair"],"picked":"Reboot","floor":28},{"not_picked":["Machine Learning","Undo"],"picked":"Tempest","floor":29},{"not_picked":["Cold Snap","Rebound"],"picked":"White Noise","floor":30},{"not_picked":["Go for the Eyes+1","Rebound"],"picked":"White Noise+1","floor":31}],"player_experience":76083,"relics_obtained":[{"floor":9,"key":"Calipers"},{"floor":11,"key":"Gambling Chip"},{"floor":14,"key":"Regal Pillow"},{"floor":23,"key":"Cables"},{"floor":26,"key":"Orichalcum"},{"floor":29,"key":"Bottled Flame"}],"event_choices":[{"cards_removed":["Defend_B"],"damage_healed":0,"gold_gain":0,"player_choice":"Card Removal","damage_taken":7,"max_hp_gain":0,"max_hp_loss":0,"event_name":"Golden Wing","floor":2,"gold_loss":0},{"cards_removed":["Strike_B"],"damage_healed":0,"gold_gain":0,"player_choice":"Card Removal","damage_taken":0,"max_hp_gain":0,"max_hp_loss":0,"event_name":"The Cleric","floor":8,"gold_loss":50},{"damage_healed":0,"gold_gain":0,"cards_transformed":["Strike_B","Strike_B"],"player_choice":"Became Test Subject","damage_taken":0,"max_hp_gain":0,"max_hp_loss":0,"event_name":"Drug Dealer","floor":22,"gold_loss":0,"cards_obtained":["Defragment","Glacier"]}],"is_beta":false,"boss_relics":[{"not_picked":["Nuclear Battery","Runic Pyramid"],"picked":"Fusion Hammer"}],"items_purged_floors":[3,27],"is_endless":false,"potions_floor_spawned":[1,5,7,18,28,30,31],"killed_by":"Collector","ascension_level":3}