{"gold_per_floor":[117,128,141,158,173,173,204,204,204,222,222,236,236,24,24,121,121,132,12,12,0,0],"floor_reached":22,"playtime":2672,"items_purged":["Strike_G"],"score":233,"play_id":"1832a12a-8fb3-4029-a75a-eb23f5de8057","local_time":"20180709143846","is_ascension_mode":true,"campfire_choices":[{"floor":6.0,"key":"REST"},{"data":"Neutralize","floor":8.0,"key":"SMITH"},{"floor":15,"key":"REST"}],"neow_cost":"","seed_source_timestamp":493398010494652,"circlet_count":0,"master_deck":["Defend_G","Defend_G","Defend_G","Defend_G","Defend_G","Strike_G","Survivor","Neutralize+1","Dash","Blur","PiercingWail","Malaise","Footwork","Wraith Form v2","Flechettes","Apotheosis","Envenom","Caltrops+1","Backflip","Dash","Bouncing Flask"],"special_seed":0,"relics":["Ring of the Snake","Kunai","Turnip","Empty Cage"],"potions_floor_usage":[18],"damage_taken":[{"damage":6.0,"enemies":"Cultist","floor":1.0,"turns":4.0},{"damage":4.0,"enemies":"Small Slimes","floor":2.0,"turns":5.0},{"damage":0.0,"enemies":"2 Louse","floor":3.0,"turns":2.0},{"damage":1.0,"enemies":"Red Slaver","floor":4.0,"turns":6.0},{"damage":5.0,"enemies":"Large Slime","floor":5.0,"turns":8.0},{"damage":7.0,"enemies":"3 Sentries","floor":7.0,"turns":16.0},{"damage":29.0,"enemies":"Gremlin Gang","floor":10.0,"turns":11.0},{"damage":0.0,"enemies":"Blue Slaver","floor":12.0,"turns":6.0},{"damage":30,"enemies":"Slime Boss","floor":16,"turns":24},{"damage":0,"enemies":"3 Byrds","floor":18,"turns":8},{"damage":23,"enemies":"2 Thieves","floor":21,"turns":4},{"damage":54,"enemies":"Cultist and Chosen","floor":22,"turns":5}],"seed_played":"359570788843818337","potions_obtained":[{"floor":1.0,"key":"PowerPotion"},{"floor":10.0,"key":"FearPotion"},{"floor":16,"key":"Strength Potion"},{"floor":18,"key":"Strength Potion"}],"is_trial":false,"path_per_floor":["M","M","M","M","M","R","E","R","T","M","?","M","?","$","R","B",null,"M","$","?","M"],"character_chosen":"THE_SILENT","items_purchased":["Apotheosis","Backflip"],"campfire_rested":2,"item_purchase_floors":[14,19],"current_hp_per_floor":[64,60,60,59,54,70,63,63,63,34,34,34,57,57,70,40,63,63,63,63,40,0],"gold":0,"neow_bonus":"","is_prod":false,"is_daily":false,"chose_seed":false,"campfire_upgraded":1,"win_rate":0,"timestamp":1531161526,"path_taken":["M","M","M","M","M","R","E","R","T","M","?","?","?","$","R","BOSS","M","$","?","M","M"],"build_version":"2018-07-05","purchased_purges":1,"victory":false,"max_hp_per_floor":[70,70,70,70,70,70,70,70,70,70,70,70,70,70,70,70,70,70,70,70,70,70],"card_choices":[{"not_picked":["Well Laid Plans","PiercingWail"],"picked":"Dash","floor":1.0},{"not_picked":["Finisher","Flying Knee"],"picked":"Blur","floor":2.0},{"not_picked":["Dodge and Roll","Masterful Stab"],"picked":"PiercingWail","floor":3.0},{"not_picked":["Dagger Throw","Heel Hook","Acrobatics"],"picked":"SKIP","floor":4.0},{"not_picked":["Dagger Spray","Accuracy"],"picked":"Malaise","floor":5.0},{"not_picked":["Deadly Poison","Calculated Gamble"],"picked":"Footwork","floor":7.0},{"not_picked":["Cloak And Dagger","Riddle With Holes"],"picked":"Wraith Form v2","floor":10.0},{"not_picked":["Flying Knee","Dodge and Roll"],"picked":"Flechettes","floor":12.0},{"not_picked":["Grand Finale","Doppelganger"],"picked":"Envenom","floor":16},{"not_picked":["Dodge and Roll","Backflip"],"picked":"Caltrops+1","floor":18},{"not_picked":["Quick Slash","Flying Knee"],"picked":"Bouncing Flask","floor":21}],"player_experience":1005105,"relics_obtained":[{"floor":7.0,"key":"Kunai"},{"floor":9.0,"key":"Turnip"}],"event_choices":[{"event_name":"Purifier","player_choice":"One Purge","floor":11.0,"damage_taken":0.0},{"event_name":"Big Fish","player_choice":"Banana","floor":13.0,"damage_taken":0.0},{"event_name":"The Library","player_choice":"Read","floor":20,"damage_taken":0}],"boss_relics":[{"not_picked":["Tiny House","Velvet Choker"],"picked":"Empty Cage"}],"items_purged_floors":[19],"is_endless":false,"potions_floor_spawned":[1,10,16,18],"killed_by":"Cultist and Chosen","ascension_level":5}