{"gold_per_floor":[112,125,136,136,153,153,167,167,167,167],"floor_reached":10,"playtime":906,"items_purged":[],"score":60,"play_id":"ca4558dc-e0a6-4acd-b3fc-807514104681","local_time":"20190104155146","is_ascension_mode":false,"campfire_choices":[{"data":"Reprogram","floor":6,"key":"SMITH"},{"data":"Machine Learning","floor":8,"key":"SMITH"}],"neow_cost":"NONE","seed_source_timestamp":1226265530196478,"circlet_count":0,"master_deck":["Strike_B","Strike_B","Strike_B","Strike_B","Defend_B","Defend_B","Defend_B","Defend_B","Zap","Dualcast","Streamline","White Noise","Streamline","Reprogram+1","Machine Learning+1","BootSequence"],"relics":["Cracked Core","Bottled Lightning"],"potions_floor_usage":[7,10,10],"damage_taken":[{"damage":1,"enemies":"Cultist","floor":1,"turns":3},{"damage":19,"enemies":"Small Slimes","floor":2,"turns":3},{"damage":1,"enemies":"Jaw Worm","floor":3,"turns":3},{"damage":6,"enemies":"3 Louse","floor":5,"turns":2},{"damage":23,"enemies":"Exordium Wildlife","floor":7,"turns":4},{"damage":31,"enemies":"Gremlin Gang","floor":10,"turns":3}],"seed_played":"-1704803722550385831","potions_obtained":[{"floor":1,"key":"Weak Potion"},{"floor":3,"key":"Explosive Potion"},{"floor":4,"key":"Energy Potion"},{"floor":4,"key":"Weak Potion"},{"floor":7,"key":"Strength Potion"}],"is_trial":false,"path_per_floor":["M","M","M","?","M","R","M","R","T","M"],"character_chosen":"DEFECT","items_purchased":[],"campfire_rested":0,"item_purchase_floors":[],"current_hp_per_floor":[74,55,54,54,48,48,25,25,25,0],"gold":167,"neow_bonus":"THREE_CARDS","is_prod":false,"is_daily":false,"chose_seed":false,"campfire_upgraded":2,"win_rate":0,"timestamp":1546645906,"path_taken":["M","M","M","?","M","R","M","R","T","M"],"build_version":"2019-01-03v4","purchased_purges":0,"victory":false,"max_hp_per_floor":[75,75,75,75,75,75,75,75,75,75],"card_choices":[{"not_picked":["Stack","Hello World"],"picked":"Streamline","floor":0},{"not_picked":["Redo","Stack"],"picked":"White Noise","floor":1},{"not_picked":["Scrape","Ball Lightning"],"picked":"Streamline","floor":2},{"not_picked":["Glacier","Blizzard"],"picked":"Reprogram","floor":3},{"not_picked":["Steam","Leap"],"picked":"Machine Learning","floor":5},{"not_picked":["Gash","Coolheaded"],"picked":"BootSequence","floor":7}],"player_experience":33975,"relics_obtained":[{"floor":9,"key":"Bottled Lightning"}],"event_choices":[{"damage_healed":0,"gold_gain":0,"player_choice":"Got Potions","damage_taken":0,"max_hp_gain":0,"max_hp_loss":0,"event_name":"Lab","floor":4,"gold_loss":0}],"is_beta":false,"boss_relics":[],"items_purged_floors":[],"is_endless":false,"potions_floor_spawned":[1,3,7],"killed_by":"Gremlin Gang","ascension_level":0}