{"gold_per_floor":[118,138,138,154,179,179,192,232,232,232,532,556,556,580,580,673,673,691,691,711,332,382,382,417,417,442,452,480,480,480,490,490,490],"floor_reached":33,"playtime":5310,"items_purged":["Strike_R"],"score":506,"play_id":"ab902415-af2d-4958-aef5-12df09eb543b","local_time":"20190104001619","is_ascension_mode":true,"campfire_choices":[{"floor":6.0,"key":"REST"},{"data":"Havoc","floor":10.0,"key":"SMITH"},{"data":"Armaments","floor":13.0,"key":"SMITH"},{"data":"Havoc","floor":15.0,"key":"SMITH"},{"data":"Feel No Pain","floor":23.0,"key":"SMITH"},{"data":"Shockwave","floor":25.0,"key":"SMITH"},{"data":"Whirlwind","floor":32,"key":"SMITH"}],"neow_cost":"NONE","seed_source_timestamp":0,"circlet_count":0,"master_deck":["AscendersBane","Strike_R","Strike_R","Strike_R","Defend_R+1","Defend_R","Defend_R","Defend_R","Bash","Shockwave+1","Feel No Pain+1","Havoc+1","Pommel Strike","Double Tap+1","Armaments+1","Havoc+1","Impervious","Clothesline","Seeing Red","Whirlwind+1","Barricade","Injury","Bludgeon"],"special_seed":0,"relics":["Burning Blood","Bloody Idol","StoneCalendar","Ice Cream","Old Coin","Cursed Key","Bronze Scales","Mango","War Paint","Ornamental Fan"],"potions_floor_usage":[],"damage_taken":[{"damage":7.0,"enemies":"2 Louse","floor":1.0,"turns":3.0},{"damage":7.0,"enemies":"Jaw Worm","floor":2.0,"turns":4.0},{"damage":8.0,"enemies":"Small Slimes","floor":4.0,"turns":4.0},{"damage":19.0,"enemies":"Looter","floor":5.0,"turns":4.0},{"damage":4.0,"enemies":"3 Louse","floor":7.0,"turns":3.0},{"damage":32.0,"enemies":"Gremlin Nob","floor":8.0,"turns":5.0},{"damage":1.0,"enemies":"Large Slime","floor":12.0,"turns":6.0},{"damage":4.0,"enemies":"Exordium Thugs","floor":14.0,"turns":4.0},{"damage":21.0,"enemies":"Slime Boss","floor":16.0,"turns":13.0},{"damage":2.0,"enemies":"Shell Parasite","floor":18.0,"turns":6.0},{"damage":14.0,"enemies":"Chosen","floor":20.0,"turns":6.0},{"damage":39.0,"enemies":"Book of Stabbing","floor":24.0,"turns":6.0},{"damage":6.0,"enemies":"Shelled Parasite and Fungi","floor":27.0,"turns":6.0},{"damage":21.0,"enemies":"Gremlin Leader","floor":28.0,"turns":5.0},{"damage":0.0,"enemies":"Snake Plant","floor":30.0,"turns":1.0},{"damage":15,"enemies":"3 Cultists","floor":31,"turns":6},{"damage":75,"enemies":"Collector","floor":33,"turns":9}],"seed_played":"6218497858227212273","potions_obtained":[{"floor":1.0,"key":"BloodPotion"},{"floor":4.0,"key":"Dexterity Potion"},{"floor":12.0,"key":"Dexterity Potion"},{"floor":18.0,"key":"Explosive Potion"},{"floor":27.0,"key":"SmokeBomb"},{"floor":28.0,"key":"SpeedPotion"}],"is_trial":false,"path_per_floor":["M","M","?","M","M","R","M","E","T","R","?","M","R","M","R","B",null,"M","?","M","$","?","R","E","R","T","M","E","?","M","M","R","B"],"character_chosen":"IRONCLAD","items_purchased":["Bronze Scales","Seeing Red","Whirlwind"],"campfire_rested":1,"item_purchase_floors":[21,21,21],"current_hp_per_floor":[67,66,40,38,25,47,49,30,30,30,30,35,35,37,37,22,62,66,66,63,63,68,68,54,54,59,64,54,72,78,74,74,0],"gold":490,"neow_bonus":"REMOVE_CARD","is_prod":false,"is_daily":false,"chose_seed":false,"campfire_upgraded":6,"win_rate":0,"timestamp":1546557379,"path_taken":["M","M","?","M","M","R","M","E","T","R","?","M","R","M","R","BOSS","M","?","M","$","?","R","E","R","T","M","E","?","M","M","R","BOSS"],"build_version":"2019-01-02","purchased_purges":1,"victory":false,"max_hp_per_floor":[75,75,75,75,75,75,75,75,75,75,75,75,75,75,75,75,75,75,75,75,75,75,75,89,89,89,89,89,89,89,89,89,89],"card_choices":[{"not_picked":["Searing Blow","Wild Strike"],"picked":"Shockwave","floor":1.0},{"not_picked":["Second Wind","Perfected Strike"],"picked":"Feel No Pain","floor":2.0},{"not_picked":["Anger","Dual Wield"],"picked":"Havoc","floor":4.0},{"not_picked":["Reckless Charge","Headbutt"],"picked":"Pommel Strike","floor":5.0},{"not_picked":["Thunderclap","Sentinel","Anger"],"picked":"SKIP","floor":7.0},{"not_picked":["Berserk","Twin Strike"],"picked":"Double Tap","floor":8.0},{"not_picked":["Anger","Entrench"],"picked":"Armaments","floor":12.0},{"not_picked":["Iron Wave","Flex"],"picked":"Havoc","floor":14.0},{"not_picked":["Dark Embrace","Limit Break"],"picked":"Impervious","floor":16.0},{"not_picked":["Searing Blow","Havoc","Clash"],"picked":"SKIP","floor":18.0},{"not_picked":["Wild Strike","Heavy Blade"],"picked":"Clothesline","floor":20.0},{"not_picked":["Pommel Strike","Hemokinesis"],"picked":"Barricade","floor":24.0},{"not_picked":["Warcry","Cleave"],"picked":"Bludgeon","floor":27.0},{"not_picked":["True Grit","Clothesline","Pommel Strike"],"picked":"SKIP","floor":28.0},{"not_picked":["Heavy Blade","Iron Wave","Anger+1"],"picked":"SKIP","floor":31}],"player_experience":411996,"relics_obtained":[{"floor":8.0,"key":"StoneCalendar"},{"floor":9.0,"key":"Ice Cream"},{"floor":24.0,"key":"Mango"},{"floor":26.0,"key":"War Paint"},{"floor":28.0,"key":"Ornamental Fan"}],"event_choices":[{"damage_healed":0.0,"max_hp_gain":0.0,"max_hp_loss":0.0,"gold_gain":0.0,"event_name":"Golden Idol","player_choice":"Take Damage","floor":3.0,"gold_loss":0.0,"damage_taken":26.0,"relics_obtained":["Golden Idol"]},{"damage_healed":0.0,"max_hp_gain":0.0,"max_hp_loss":0.0,"gold_gain":0.0,"event_name":"Dead Adventurer","player_choice":"Searched \u00272\u0027 times","floor":11.0,"gold_loss":0.0,"damage_taken":0.0,"relics_obtained":["Old Coin"]},{"damage_healed":0.0,"max_hp_gain":0.0,"max_hp_loss":0.0,"gold_gain":0.0,"event_name":"Forgotten Altar","player_choice":"Gave Idol","floor":19.0,"relics_lost":["Golden Idol"],"gold_loss":0.0,"damage_taken":0.0,"relics_obtained":["Bloody Idol"]},{"damage_healed":0.0,"max_hp_gain":0.0,"max_hp_loss":0.0,"gold_gain":50.0,"event_name":"Nest","player_choice":"Stole From Cult","floor":22.0,"gold_loss":0.0,"damage_taken":0.0},{"damage_healed":18.0,"max_hp_gain":0.0,"max_hp_loss":0.0,"gold_gain":0.0,"event_name":"The Library","player_choice":"Heal","floor":29.0,"gold_loss":0.0,"damage_taken":0.0}],"is_beta":true,"boss_relics":[{"not_picked":["Pandora\u0027s Box","Black Star"],"picked":"Cursed Key"}],"items_purged_floors":[21],"is_endless":false,"potions_floor_spawned":[1,4,5,7,12,18,27,28],"killed_by":"Collector","ascension_level":15}