{"path_per_floor":["M","?","?","?","?","E","M","M","T","?","R","M","R","M","R","B",null,"M","M"],"character_chosen":"IRONCLAD","items_purchased":[],"gold_per_floor":[112,112,62,62,62,103,123,141,141,210,210,226,226,249,249,375,375,390,415,415],"floor_reached":20,"campfire_rested":1,"playtime":762,"current_hp_per_floor":[79,79,79,79,59,44,50,56,56,55,79,80,80,77,77,27,80,58,28,0],"items_purged":[],"gold":415,"score":191,"play_id":"352b0850-aceb-4c31-b553-834458d208bf","local_time":"20180423192926","is_prod":false,"is_daily":false,"chose_seed":false,"is_ascension_mode":true,"campfire_upgraded":2,"timestamp":1524500966,"path_taken":["M","?","?","?","?","E","?","M","T","?","R","M","R","M","R","BOSS","M","?","M"],"build_version":"2018-04-19","seed_source_timestamp":670101252352851,"purchased_purges":0,"victory":false,"master_deck":["Strike_R","Strike_R","Strike_R","Strike_R","Strike_R","Defend_R","Defend_R","Bash","Clash","Inflame+1","Warcry","Rampage+1","Shrug It Off","Flex","Hemokinesis+1","Hemokinesis","Feed","Fire Breathing","Clash"],"max_hp_per_floor":[80,80,80,80,80,80,80,80,80,80,80,80,80,80,80,80,80,83,86,86],"relics":["Burning Blood","Golden Idol","Darkstone Periapt","Art of War","Gambling Chip","White Beast Statue"],"card_choices":[{"not_picked":["Dual Wield","Sword Boomerang"],"picked":"Clash","floor":0},{"not_picked":["Warcry","Clothesline"],"picked":"Inflame","floor":1},{"not_picked":["Sword Boomerang","Uppercut"],"picked":"Rampage","floor":6},{"not_picked":["True Grit","Fire Breathing"],"picked":"Shrug It Off","floor":8},{"not_picked":["Iron Wave","Combust"],"picked":"Flex","floor":10},{"not_picked":["Twin Strike","Perfected Strike"],"picked":"Hemokinesis","floor":12},{"not_picked":["Uppercut","Dual Wield"],"picked":"Hemokinesis","floor":14},{"not_picked":["Double Tap","Berserk"],"picked":"Feed","floor":16},{"not_picked":["Body Slam","Sword Boomerang"],"picked":"Fire Breathing","floor":18},{"not_picked":["Clothesline","Sever Soul"],"picked":"Clash","floor":19}],"player_experience":237881,"potions_floor_usage":[10,10,16,19,20],"damage_taken":[{"damage":7,"enemies":"Jaw Worm","floor":1,"turns":3},{"damage":21,"enemies":"Lagavulin","floor":6,"turns":4},{"damage":0,"enemies":"Small Slimes","floor":7,"turns":2},{"damage":0,"enemies":"2 Louse","floor":8,"turns":1},{"damage":22,"enemies":"3 Sentries","floor":10,"turns":7},{"damage":3,"enemies":"Looter","floor":12,"turns":2},{"damage":9,"enemies":"2 Fungi Beasts","floor":14,"turns":2},{"damage":56,"enemies":"Hexaghost","floor":16,"turns":8},{"damage":31,"enemies":"3 Byrds","floor":18,"turns":5},{"damage":39,"enemies":"2 Thieves","floor":19,"turns":4},{"damage":28,"enemies":"3 Cultists","floor":20,"turns":4}],"event_choices":[{"event_name":"Living Wall","player_choice":"Grow","floor":2,"damage_taken":0},{"event_name":"The Cleric","player_choice":"Card Removal","floor":3,"damage_taken":0},{"event_name":"Transmorgrifier","player_choice":"Transform","floor":4,"damage_taken":0},{"event_name":"Golden Idol","player_choice":"Take Damage","floor":5,"damage_taken":0},{"event_name":"Dead Adventurer","player_choice":"Searched \u00272\u0027 times","floor":10,"damage_taken":0}],"boss_relics":[{"not_picked":["Snecko Eye","Runic Pyramid"],"picked":"White Beast Statue"}],"potions_floor_spawned":[6,8,12,16,18,19],"seed_played":"249555144402975542","killed_by":"3 Cultists","ascension_level":2,"is_trial":false}