{"gold_per_floor":[118,138,138,63,63,94,105,75,75,107,122,122,140,175,175,252,252,269,26,40,40,40,40,96,106,106,106,106,106,140,150,150,150],"floor_reached":33,"playtime":1837,"items_purged":[],"score":574,"play_id":"0ddc7561-7ca6-4c38-adb3-f050d3a55435","local_time":"20180703150033","is_ascension_mode":true,"campfire_choices":[{"data":"Skewer","floor":12,"key":"SMITH"},{"floor":15,"key":"REST"},{"floor":23,"key":"REST"},{"floor":27,"key":"REST"},{"data":"Blade Dance","floor":29,"key":"SMITH"},{"floor":32,"key":"REST"}],"neow_cost":"NONE","seed_source_timestamp":609753892967280,"circlet_count":0,"master_deck":["Defend_G","Defend_G","Defend_G","Defend_G","Defend_G","Strike_G","Strike_G","Strike_G","Strike_G","Strike_G","Survivor","Neutralize+1","AscendersBane","Skewer+1","Prepared","Prepared+1","Predator","Endless Agony","Concentrate","Unload","Blade Dance+1","Burst+1","Well Laid Plans","Prepared+1","Underhanded Strike","Backflip+1","Blur+1","Sucker Punch+1"],"relics":["Ring of the Snake","NeowsBlessing","Tough Bandages","Mercury Hourglass","Shuriken","Smiling Mask","Lizard Tail","Toxic Egg 2","Tiny Chest","Ornamental Fan","War Paint","Boot"],"potions_floor_usage":[16,24,24,33],"damage_taken":[{"damage":0,"enemies":"Jaw Worm","floor":1,"turns":1},{"damage":0,"enemies":"Cultist","floor":2,"turns":1},{"damage":0,"enemies":"3 Sentries","floor":6,"turns":1},{"damage":0,"enemies":"Small Slimes","floor":7,"turns":4},{"damage":0,"enemies":"Looter","floor":8,"turns":4},{"damage":15,"enemies":"Gremlin Nob","floor":10,"turns":4},{"damage":0,"enemies":"Blue Slaver","floor":11,"turns":4},{"damage":9,"enemies":"Exordium Thugs","floor":13,"turns":4},{"damage":4,"enemies":"Lagavulin","floor":14,"turns":5},{"damage":21,"enemies":"Hexaghost","floor":16,"turns":9},{"damage":27,"enemies":"2 Thieves","floor":18,"turns":4},{"damage":13,"enemies":"Chosen","floor":20,"turns":5},{"damage":34,"enemies":"Slavers","floor":24,"turns":7},{"damage":5,"enemies":"Centurion and Healer","floor":25,"turns":7},{"damage":34,"enemies":"Gremlin Leader","floor":30,"turns":8},{"damage":8,"enemies":"Slaver and Parasite","floor":31,"turns":5},{"damage":32,"enemies":"Collector","floor":33,"turns":9}],"seed_played":"6716440252342605650","potions_obtained":[{"floor":2,"key":"PowerPotion"},{"floor":6,"key":"GamblersBrew"},{"floor":16,"key":"GhostInAJar"},{"floor":31,"key":"Fire Potion"}],"is_trial":false,"path_per_floor":["M","M","?","?","?","E","M","M","T","E","M","R","M","E","R","B",null,"M","$","M","$","?","R","E","M","T","R","T","R","E","M","R"],"character_chosen":"THE_SILENT","items_purchased":["Toxic Egg 2"],"campfire_rested":4,"item_purchase_floors":[19],"current_hp_per_floor":[59,59,59,59,59,59,59,59,59,44,44,44,35,31,50,29,57,30,30,17,17,17,36,2,33,33,52,52,52,18,10,29,0],"gold":150,"neow_bonus":"THREE_ENEMY_KILL","is_prod":false,"is_daily":false,"chose_seed":false,"campfire_upgraded":2,"win_rate":0,"timestamp":1530622833,"path_taken":["M","M","?","?","?","E","M","M","T","E","M","R","?","E","R","BOSS","M","$","M","$","?","R","E","M","T","R","?","R","E","M","R","BOSS"],"build_version":"2018-06-28","purchased_purges":0,"victory":false,"max_hp_per_floor":[66,66,66,66,66,66,66,66,66,66,66,66,66,66,66,66,66,66,66,66,66,66,66,66,66,66,66,66,66,66,66,66,66],"card_choices":[{"not_picked":["Deadly Poison","Calculated Gamble"],"picked":"Skewer","floor":1},{"not_picked":["Heel Hook","Dagger Throw","Underhanded Strike"],"picked":"SKIP","floor":2},{"not_picked":["Deadly Poison","Underhanded Strike"],"picked":"Prepared","floor":6},{"not_picked":["Night Terror","Bane"],"picked":"Prepared","floor":7},{"not_picked":["Riddle With Holes","Sucker Punch"],"picked":"Predator","floor":8},{"not_picked":["Bane","Sucker Punch"],"picked":"Endless Agony","floor":10},{"not_picked":["Poisoned Stab","Deflect"],"picked":"Concentrate","floor":11},{"not_picked":["Heel Hook","Outmaneuver"],"picked":"Unload","floor":13},{"not_picked":["Flechettes","Deflect"],"picked":"Blade Dance","floor":14},{"not_picked":["Die Die Die","A Thousand Cuts"],"picked":"Burst","floor":16},{"not_picked":["Dodge and Roll","Dagger Throw+1"],"picked":"Well Laid Plans","floor":18},{"not_picked":["Acrobatics+1","Sucker Punch"],"picked":"Prepared+1","floor":20},{"not_picked":["Flying Knee","Concentrate+1"],"picked":"Underhanded Strike","floor":24},{"not_picked":["Finisher","Flechettes"],"picked":"Backflip+1","floor":25},{"not_picked":["Setup+1","Underhanded Strike+1"],"picked":"Blur+1","floor":30},{"not_picked":["Concentrate+1","Quick Slash"],"picked":"Sucker Punch+1","floor":31}],"player_experience":973680,"relics_obtained":[{"floor":6,"key":"Tough Bandages"},{"floor":9,"key":"Mercury Hourglass"},{"floor":10,"key":"Shuriken"},{"floor":14,"key":"Smiling Mask"},{"floor":24,"key":"Tiny Chest"},{"floor":26,"key":"Ornamental Fan"},{"floor":28,"key":"War Paint"},{"floor":30,"key":"Boot"}],"event_choices":[{"event_name":"Wheel of Change","player_choice":"Curse","floor":3,"damage_taken":0},{"event_name":"The Cleric","player_choice":"Card Removal","floor":4,"damage_taken":0},{"event_name":"Accursed Blacksmith","player_choice":"Forge","floor":5,"damage_taken":0},{"event_name":"Wheel of Change","player_choice":"Card Removal","floor":22,"damage_taken":0}],"boss_relics":[{"not_picked":["Velvet Choker","White Beast Statue"],"picked":"Lizard Tail"}],"items_purged_floors":[],"is_endless":false,"potions_floor_spawned":[2,6,11,16,20,31],"killed_by":"Collector","ascension_level":15}