{"gold_per_floor":[99,99,99,99,99,99,99,99,99,99,99,99,99,30,30,30,30,0,0,0,0,0,0,0,0,0,0,0,0,0,0,0,0,0,0,0,0,0,0,0,0,0,0,0,0,0,0,0,0,0],"floor_reached":50,"playtime":4195,"items_purged":[],"score":493,"play_id":"74eded06-0b0d-4d48-8cac-c408c89689da","local_time":"20181207141708","is_ascension_mode":false,"campfire_choices":[{"floor":10.0,"key":"REST"},{"floor":13.0,"key":"RECALL"},{"floor":15.0,"key":"REST"},{"floor":27.0,"key":"REST"},{"data":"Machine Learning","floor":30.0,"key":"SMITH"},{"data":"Buffer","floor":32.0,"key":"SMITH"},{"floor":42.0,"key":"REST"},{"data":"Echo Form","floor":45,"key":"SMITH"},{"data":"Streamline","floor":49,"key":"SMITH"}],"neow_cost":"NONE","seed_source_timestamp":0,"circlet_count":0,"master_deck":["Strike_B","Strike_B","Defend_B","Defend_B","Defend_B","Defend_B","Zap","Dualcast","Consume","Leap","Hologram","Glacier","Compile Driver","Chill","Coolheaded","Core Surge","Self Repair","Buffer+1","Static Discharge","Cold Snap","Force Field","FTL","Stack","Leap","Reboot","Leap","Gash","Machine Learning+1","Storm+1","Streamline+1","Core Surge","Conserve Battery","Echo Form+1","Gash+1","Ball Lightning+1","Coolheaded","Mayhem","FTL+1","Parasite","Redo+1"],"special_seed":0,"relics":["Ectoplasm","Dodecahedron","Blood Vial","Orrery","Lantern","Eternal Feather","Turnip","Potion Belt","Red Mask"],"potions_floor_usage":[48,50],"damage_taken":[{"damage":1.0,"enemies":"Cultist","floor":1.0,"turns":4.0},{"damage":10.0,"enemies":"Jaw Worm","floor":4.0,"turns":4.0},{"damage":0.0,"enemies":"2 Louse","floor":5.0,"turns":4.0},{"damage":41.0,"enemies":"Gremlin Nob","floor":6.0,"turns":5.0},{"damage":0.0,"enemies":"Exordium Wildlife","floor":7.0,"turns":5.0},{"damage":8.0,"enemies":"Red Slaver","floor":8.0,"turns":4.0},{"damage":0.0,"enemies":"2 Fungi Beasts","floor":11.0,"turns":5.0},{"damage":0.0,"enemies":"Lots of Slimes","floor":12.0,"turns":8.0},{"damage":25.0,"enemies":"The Guardian","floor":16.0,"turns":21.0},{"damage":21.0,"enemies":"2 Thieves","floor":18.0,"turns":5.0},{"damage":0.0,"enemies":"Chosen","floor":19.0,"turns":11.0},{"damage":2.0,"enemies":"Snecko","floor":20.0,"turns":11.0},{"damage":8.0,"enemies":"Snake Plant","floor":21.0,"turns":7.0},{"damage":44.0,"enemies":"Slavers","floor":23.0,"turns":9.0},{"damage":3.0,"enemies":"Centurion and Healer","floor":24.0,"turns":17.0},{"damage":7.0,"enemies":"3 Cultists","floor":25.0,"turns":7.0},{"damage":2.0,"enemies":"Shelled Parasite and Fungi","floor":28.0,"turns":8.0},{"damage":45.0,"enemies":"Automaton","floor":33.0,"turns":22.0},{"damage":19.0,"enemies":"Orb Walker","floor":35.0,"turns":5.0},{"damage":3.0,"enemies":"3 Shapes","floor":36.0,"turns":5.0},{"damage":55.0,"enemies":"2 Orb Walkers","floor":37.0,"turns":7.0},{"damage":44.0,"enemies":"Transient","floor":41.0,"turns":5.0},{"damage":2,"enemies":"4 Shapes","floor":46,"turns":7},{"damage":18,"enemies":"Writhing Mass","floor":48,"turns":7},{"damage":78,"enemies":"Time Eater","floor":50,"turns":12}],"seed_played":"-6401259264373464714","potions_obtained":[{"floor":6.0,"key":"Dexterity Potion"},{"floor":7.0,"key":"Swift Potion"},{"floor":8.0,"key":"SteroidPotion"},{"floor":18.0,"key":"PowerPotion"},{"floor":21.0,"key":"FairyPotion"},{"floor":23.0,"key":"FearPotion"},{"floor":25.0,"key":"Poison Potion"},{"floor":28.0,"key":"SkillPotion"},{"floor":33.0,"key":"FearPotion"},{"floor":46,"key":"Poison Potion"},{"floor":48,"key":"Dexterity Potion"}],"is_trial":false,"path_per_floor":["M","?","?","M","M","E","M","M","T","R","M","M","R","$","R","B",null,"M","M","M","M","?","E","M","M","T","R","M","$","R","?","R","B",null,"M","M","?","$","?","$","M","R","T","?","R","M","?","M","R","B"],"character_chosen":"DEFECT","items_purchased":["Self Repair"],"campfire_rested":4,"item_purchase_floors":[14],"current_hp_per_floor":[74,74,67,57,57,16,16,8,8,30,32,34,34,34,56,40,75,61,70,75,74,74,38,44,46,46,68,75,75,75,75,75,37,75,63,75,27,27,27,27,14,57,57,57,75,75,75,64,75,0],"gold":0,"neow_bonus":"BOSS_RELIC","is_prod":false,"is_daily":false,"chose_seed":false,"campfire_upgraded":4,"win_rate":0,"timestamp":1544210228,"path_taken":["M","?","?","M","M","E","M","M","T","R","M","M","R","$","R","BOSS","M","M","M","M","?","E","M","M","T","R","M","$","R","?","R","BOSS","M","M","?","$","?","$","?","R","T","?","R","M","?","?","R","BOSS"],"build_version":"2018-12-06","purchased_purges":0,"victory":false,"max_hp_per_floor":[75,75,75,75,75,75,75,75,75,75,75,75,75,75,75,75,75,75,75,75,75,75,75,75,75,75,75,75,75,75,75,75,75,75,75,75,75,75,75,75,75,75,75,75,75,75,75,75,75,75],"card_choices":[{"not_picked":["Beam Cell","Coolheaded"],"picked":"Consume","floor":1.0},{"not_picked":["Conserve Battery","Redo"],"picked":"Leap","floor":4.0},{"not_picked":["Blizzard","Turbo"],"picked":"Hologram","floor":5.0},{"not_picked":["BootSequence","Aggregate"],"picked":"Glacier","floor":6.0},{"not_picked":["Scrape","Force Field"],"picked":"Compile Driver","floor":7.0},{"not_picked":["Go for the Eyes","Turbo"],"picked":"Chill","floor":8.0},{"not_picked":["Rip and Tear","Turbo"],"picked":"Coolheaded","floor":11.0},{"not_picked":["Turbo","Self Repair"],"picked":"Core Surge","floor":12.0},{"not_picked":["Amplify","Fission"],"picked":"Buffer","floor":16.0},{"not_picked":["FTL","White Noise"],"picked":"Static Discharge","floor":17.0},{"not_picked":["Beam Cell","Loop"],"picked":"Cold Snap","floor":17.0},{"not_picked":["Rip and Tear","Auto Shields"],"picked":"Force Field","floor":17.0},{"not_picked":["Compile Driver","Genetic Algorithm"],"picked":"FTL","floor":17.0},{"not_picked":["Steam","Auto Shields"],"picked":"Stack","floor":17.0},{"not_picked":["Hologram","Beam Cell"],"picked":"Leap","floor":18.0},{"not_picked":["Aggregate","Hologram"],"picked":"Reboot","floor":19.0},{"not_picked":["Rebound","Consume"],"picked":"Leap","floor":20.0},{"not_picked":["Conserve Battery","Rebound"],"picked":"Gash","floor":21.0},{"not_picked":["Fusion","Hello World","Aggregate"],"picked":"SKIP","floor":23.0},{"not_picked":["Consume+1","Glacier"],"picked":"Storm+1","floor":24.0},{"not_picked":["Hologram","Turbo"],"picked":"Streamline","floor":25.0},{"not_picked":["Rebound+1","Stack+1"],"picked":"Core Surge","floor":28.0},{"not_picked":["Fission","Rainbow"],"picked":"Echo Form","floor":33.0},{"not_picked":["Barrage","Compile Driver"],"picked":"Gash+1","floor":35.0},{"not_picked":["Force Field","Sweeping Beam+1"],"picked":"Melter+1","floor":36.0},{"not_picked":["Redo+1","Recycle"],"picked":"Ball Lightning+1","floor":37.0},{"not_picked":["Lockon+1","Undo+1","Turbo+1"],"picked":"SKIP","floor":41.0},{"not_picked":["Dark Shackles","Secret Weapon"],"picked":"Mayhem","floor":44.0},{"not_picked":["Rip and Tear+1","Stack"],"picked":"FTL+1","floor":46},{"not_picked":["Lockon","Hologram+1"],"picked":"Redo+1","floor":48}],"player_experience":1797624,"relics_obtained":[{"floor":6.0,"key":"Dodecahedron"},{"floor":9.0,"key":"Blood Vial"},{"floor":23.0,"key":"Lantern"},{"floor":37.0,"key":"Turnip"},{"floor":43.0,"key":"Potion Belt"}],"event_choices":[{"damage_healed":0.0,"max_hp_gain":0.0,"max_hp_loss":0.0,"gold_gain":0.0,"event_name":"Liars Game","player_choice":"Ignored","floor":2.0,"gold_loss":0.0,"damage_taken":0.0},{"cards_removed":["Strike_B"],"damage_healed":0.0,"max_hp_gain":0.0,"max_hp_loss":0.0,"gold_gain":0.0,"event_name":"Golden Wing","player_choice":"Card Removal","floor":3.0,"gold_loss":0.0,"damage_taken":7.0},{"damage_healed":0.0,"max_hp_gain":0.0,"max_hp_loss":0.0,"gold_gain":0.0,"event_name":"The Library","player_choice":"Read","floor":22.0,"gold_loss":0.0,"damage_taken":0.0,"cards_obtained":["Machine Learning"]},{"damage_healed":0.0,"max_hp_gain":0.0,"max_hp_loss":0.0,"gold_gain":0.0,"cards_transformed":["Strike_B"],"event_name":"Transmorgrifier","player_choice":"Transformed","floor":31.0,"gold_loss":0.0,"damage_taken":0.0,"cards_obtained":["Conserve Battery"]},{"damage_healed":0.0,"max_hp_gain":0.0,"max_hp_loss":0.0,"gold_gain":0.0,"event_name":"Mysterious Sphere","player_choice":"Fight","floor":37.0,"gold_loss":0.0,"damage_taken":0.0},{"cards_removed":["Melter"],"damage_healed":0.0,"max_hp_gain":0.0,"max_hp_loss":0.0,"gold_gain":0.0,"event_name":"NoteForYourself","player_choice":"Took Card","floor":39.0,"gold_loss":0.0,"damage_taken":0.0,"cards_obtained":["Coolheaded"]},{"damage_healed":0.0,"max_hp_gain":0.0,"max_hp_loss":0.0,"gold_gain":0.0,"event_name":"SensoryStone","player_choice":"Memory 1","floor":44.0,"gold_loss":0.0,"damage_taken":0.0},{"damage_healed":0,"gold_gain":0,"player_choice":"Paid","damage_taken":0,"relics_obtained":["Red Mask"],"max_hp_gain":0,"max_hp_loss":0,"event_name":"Tomb of Lord Red Mask","floor":47,"gold_loss":0}],"is_beta":false,"boss_relics":[{"not_picked":["Pandora\u0027s Box","Calling Bell"],"picked":"Orrery"},{"not_picked":["White Beast Statue","Tiny House"],"picked":"Eternal Feather"}],"items_purged_floors":[],"is_endless":false,"potions_floor_spawned":[6,7,8,18,21,23,25,28,33,36,46,48],"killed_by":"Time Eater","ascension_level":0}