{"gold_per_floor":[110,185,49,63,63,90,90,147,172,185,200,200],"floor_reached":12,"playtime":555,"items_purged":[],"score":167,"play_id":"4ca82ff9-29cb-4e9b-b6b2-3f095975ebb6","local_time":"20190119120132","is_ascension_mode":true,"campfire_choices":[{"floor":7.0,"key":"REST"}],"neow_cost":"NONE","seed_source_timestamp":70677121601618,"circlet_count":0,"master_deck":["AscendersBane","Strike_B","Strike_B","Strike_B","Strike_B","Defend_B","Defend_B","Defend_B","Defend_B","Zap","Dualcast","Coolheaded","Redo","Static Discharge","Auto Shields","Hologram","Coolheaded","Conserve Battery","Sunder"],"special_seed":0,"relics":["Nuclear Battery","Orichalcum","Tiny Chest","Dream Catcher"],"potions_floor_usage":[11,11,11,11],"damage_taken":[{"damage":1.0,"enemies":"2 Louse","floor":1.0,"turns":3.0},{"damage":1.0,"enemies":"Small Slimes","floor":4.0,"turns":4.0},{"damage":20.0,"enemies":"Lagavulin","floor":6.0,"turns":10.0},{"damage":69.0,"enemies":"Gremlin Nob","floor":8.0,"turns":6.0},{"damage":0.0,"enemies":"Cultist","floor":10.0,"turns":6.0},{"damage":2,"enemies":"Exordium Wildlife","floor":11,"turns":2},{"damage":15,"enemies":"Exordium Thugs","floor":12,"turns":3}],"seed_played":"-3915416706324281049","potions_obtained":[{"floor":6.0,"key":"Regen Potion"},{"floor":8.0,"key":"Explosive Potion"},{"floor":10.0,"key":"EntropicBrew"}],"is_trial":false,"path_per_floor":["M","?","$","M","?","E","R","E","T","M","M","M"],"character_chosen":"DEFECT","items_purchased":["Redo","Static Discharge"],"campfire_rested":1,"item_purchase_floors":[3,3],"current_hp_per_floor":[63,52,52,51,56,36,58,4,4,4,2,0],"gold":200,"neow_bonus":"BOSS_RELIC","is_prod":false,"is_daily":false,"chose_seed":false,"campfire_upgraded":0,"win_rate":0,"timestamp":1547917292,"path_taken":["M","?","$","M","?","E","R","E","T","M","M","M"],"build_version":"2019-01-17v2","purchased_purges":0,"victory":false,"max_hp_per_floor":[71,71,71,71,76,76,76,76,76,76,76,76],"card_choices":[{"not_picked":["Streamline","Compile Driver"],"picked":"Coolheaded","floor":1.0},{"not_picked":["Force Field","Scrape"],"picked":"Auto Shields","floor":4.0},{"not_picked":["Turbo","Fission"],"picked":"Hologram","floor":6.0},{"not_picked":["Redo","Stack"],"picked":"Coolheaded","floor":8.0},{"not_picked":["Compile Driver","Sweeping Beam"],"picked":"Conserve Battery","floor":10.0},{"not_picked":["Force Field","Cold Snap"],"picked":"Sunder","floor":11}],"player_experience":2166043,"relics_obtained":[{"floor":6.0,"key":"Orichalcum"},{"floor":8.0,"key":"Tiny Chest"},{"floor":9.0,"key":"Dream Catcher"}],"event_choices":[{"damage_healed":0.0,"max_hp_gain":0.0,"max_hp_loss":0.0,"gold_gain":75.0,"event_name":"World of Goop","player_choice":"Gather Gold","floor":2.0,"gold_loss":0.0,"damage_taken":11.0},{"damage_healed":0.0,"max_hp_gain":5.0,"max_hp_loss":0.0,"gold_gain":0.0,"event_name":"Big Fish","player_choice":"Donut","floor":5.0,"gold_loss":0.0,"damage_taken":0.0}],"is_beta":false,"boss_relics":[],"items_purged_floors":[],"is_endless":false,"potions_floor_spawned":[6,8,10],"killed_by":"Exordium Thugs","ascension_level":18}