{"gold_per_floor":[367,1,11,23,39,72,92,105,105,5,5],"floor_reached":11,"playtime":1242,"items_purged":["Defend_G","Strike_G"],"score":92,"play_id":"aa8eda88-853a-4fb3-8367-bc783088bee9","local_time":"20180629171646","is_ascension_mode":true,"campfire_choices":[],"neow_cost":"TEN_PERCENT_HP_LOSS","seed_source_timestamp":244354126836135,"circlet_count":0,"master_deck":["Defend_G","Defend_G","Defend_G","Defend_G","Strike_G","Strike_G","Strike_G","Strike_G","Survivor","Neutralize","Malaise","Predator","Dagger Spray","Adrenaline","Caltrops","Cloak And Dagger","A Thousand Cuts"],"relics":["Ring of the Snake","Prayer Wheel","Pen Nib","Molten Egg 2"],"potions_floor_usage":[11,11],"damage_taken":[{"damage":1,"enemies":"Small Slimes","floor":1,"turns":4},{"damage":0,"enemies":"Cultist","floor":3,"turns":4},{"damage":1,"enemies":"Jaw Worm","floor":4,"turns":5},{"damage":0,"enemies":"Blue Slaver","floor":5,"turns":5},{"damage":24,"enemies":"3 Sentries","floor":6,"turns":8},{"damage":2,"enemies":"Looter","floor":7,"turns":3},{"damage":24,"enemies":"Exordium Thugs","floor":8,"turns":5},{"damage":12,"enemies":"Gremlin Nob","floor":11,"turns":3}],"seed_played":"-4721481208071784316","potions_obtained":[{"floor":3,"key":"Swift Potion"},{"floor":8,"key":"Swift Potion"}],"is_trial":false,"path_per_floor":["M","$","M","M","M","E","M","M","T","$"],"character_chosen":"THE_SILENT","items_purchased":["Prayer Wheel"],"campfire_rested":0,"item_purchase_floors":[2],"current_hp_per_floor":[62,62,62,61,61,37,35,11,11,11,0],"gold":5,"neow_bonus":"TWO_FIFTY_GOLD","is_prod":false,"is_daily":false,"chose_seed":false,"campfire_upgraded":0,"win_rate":0,"timestamp":1530310606,"path_taken":["M","$","M","M","M","E","M","M","T","$","E"],"build_version":"2018-06-28","purchased_purges":2,"victory":false,"max_hp_per_floor":[63,63,63,63,63,63,63,63,63,63,63],"card_choices":[{"not_picked":["Quick Slash","Poisoned Stab","Bane"],"picked":"SKIP","floor":1},{"not_picked":["Acrobatics","Poisoned Stab"],"picked":"Malaise","floor":3},{"not_picked":["Flying Knee","All Out Attack"],"picked":"Predator","floor":3},{"not_picked":["Endless Agony","Eviscerate"],"picked":"Dagger Spray","floor":4},{"not_picked":["Endless Agony","Deadly Poison","Slice"],"picked":"SKIP","floor":4},{"not_picked":["Skewer","Backflip"],"picked":"Adrenaline","floor":5},{"not_picked":["Outmaneuver","Concentrate","Escape Plan"],"picked":"SKIP","floor":5},{"not_picked":["Outmaneuver","Deflect"],"picked":"Caltrops","floor":6},{"not_picked":["Poisoned Stab","Slice"],"picked":"Cloak And Dagger","floor":7},{"not_picked":["Sucker Punch","Deadly Poison","All Out Attack"],"picked":"SKIP","floor":7},{"not_picked":["Quick Slash","Prepared"],"picked":"A Thousand Cuts","floor":8},{"not_picked":["Acrobatics","Finisher","Skewer"],"picked":"SKIP","floor":8}],"player_experience":177057,"relics_obtained":[{"floor":6,"key":"Pen Nib"},{"floor":9,"key":"Molten Egg 2"}],"event_choices":[],"boss_relics":[],"items_purged_floors":[2,10],"is_endless":false,"potions_floor_spawned":[3,8],"killed_by":"Gremlin Nob","ascension_level":4}