{"gold_per_floor":[113,124,199,13,13,40,40,75,75,85,96,155,29,29,29,125,125,145,178,29,41,41,41,68,68,68,102,102,118,118,138,138,236,236,253,264,214,231,453,453,553,553,553,553,567,619,641,664,676,688],"floor_reached":50,"playtime":2212,"items_purged":["Strike_B","Strike_B","Defend_B"],"score":653,"play_id":"1828a7d5-5d15-47ad-80f1-8b43fa072fd5","local_time":"20190212235454","is_ascension_mode":true,"campfire_choices":[{"data":"Transmutation","floor":7,"key":"SMITH"},{"floor":15,"key":"REST"},{"floor":23,"key":"REST"},{"data":"Conserve Battery","floor":25,"key":"SMITH"},{"data":"Zap","floor":28,"key":"SMITH"},{"data":"Dualcast","floor":30,"key":"SMITH"},{"data":"Turbo","floor":32,"key":"SMITH"},{"data":"Machine Learning","floor":40,"key":"SMITH"},{"data":"Go for the Eyes","floor":42,"key":"SMITH"},{"floor":44,"key":"RECALL"},{"data":"Coolheaded","floor":49,"key":"SMITH"}],"neow_cost":"NONE","seed_source_timestamp":37419289506143,"circlet_count":0,"master_deck":["Strike_B","Strike_B","Defend_B","Defend_B","Defend_B","Zap+1","Dualcast+1","Go for the Eyes+1","Transmutation+1","Electrodynamics","Coolheaded+1","Conserve Battery+1","Machine Learning+1","Turbo+1","Go for the Eyes+1","Defragment+1","Steam+1"],"relics":["Cracked Core","NeowsBlessing","Mercury Hourglass","Bottled Tornado","Letter Opener","Cables","Unceasing Top","Busted Crown","Red Mask","Pen Nib","Smiling Mask","Frozen Egg 2","Coffee Dripper","FossilizedHelix","MawBank"],"potions_floor_usage":[24,33,50],"damage_taken":[{"damage":0,"enemies":"Small Slimes","floor":1,"turns":1},{"damage":0,"enemies":"Jaw Worm","floor":2,"turns":1},{"damage":0,"enemies":"Lagavulin","floor":6,"turns":2},{"damage":18,"enemies":"3 Sentries","floor":8,"turns":3},{"damage":0,"enemies":"2 Louse","floor":10,"turns":2},{"damage":2,"enemies":"Looter","floor":11,"turns":3},{"damage":13,"enemies":"Lagavulin","floor":12,"turns":3},{"damage":0,"enemies":"Slime Boss","floor":16,"turns":6},{"damage":11,"enemies":"2 Thieves","floor":18,"turns":2},{"damage":0,"enemies":"Masked Bandits","floor":19,"turns":2},{"damage":5,"enemies":"Shell Parasite","floor":21,"turns":5},{"damage":3,"enemies":"Book of Stabbing","floor":24,"turns":4},{"damage":12,"enemies":"Gremlin Leader","floor":27,"turns":4},{"damage":1,"enemies":"Chosen and Byrds","floor":29,"turns":4},{"damage":4,"enemies":"Centurion and Healer","floor":31,"turns":4},{"damage":14,"enemies":"Champ","floor":33,"turns":13},{"damage":13,"enemies":"3 Darklings","floor":35,"turns":2},{"damage":0,"enemies":"Orb Walker","floor":36,"turns":3},{"damage":17,"enemies":"Writhing Mass","floor":38,"turns":3},{"damage":4,"enemies":"Mind Bloom Boss Battle","floor":41,"turns":4},{"damage":0,"enemies":"Spire Growth","floor":45,"turns":3},{"damage":0,"enemies":"Maw","floor":47,"turns":6},{"damage":22,"enemies":"4 Shapes","floor":48,"turns":3},{"damage":33,"enemies":"Time Eater","floor":50,"turns":6}],"seed_played":"-4236225574761341655","potions_obtained":[{"floor":2,"key":"SteroidPotion"},{"floor":6,"key":"Weak Potion"},{"floor":8,"key":"FairyPotion"},{"floor":12,"key":"Explosive Potion"},{"floor":24,"key":"AttackPotion"},{"floor":33,"key":"Explosive Potion"},{"floor":48,"key":"PowerPotion"}],"is_trial":false,"path_per_floor":["M","M","?","$","?","E","R","E","T","M","M","E","$","?","R","B",null,"M","?","$","M","?","R","E","R","T","E","R","M","R","M","R","B",null,"M","M","$","M","?","R","?","R","T","R","M","T","M","M","R","B"],"character_chosen":"DEFECT","items_purchased":["Transmutation","Conserve Battery","Turbo"],"campfire_rested":2,"item_purchase_floors":[4,13,20],"current_hp_per_floor":[75,75,64,64,64,64,64,46,46,46,44,31,31,19,41,41,75,64,64,64,59,45,69,66,66,66,54,54,53,53,49,49,35,80,67,67,67,50,50,50,46,46,46,46,46,46,46,24,24,0],"gold":688,"neow_bonus":"THREE_ENEMY_KILL","is_prod":false,"is_daily":false,"chose_seed":false,"campfire_upgraded":8,"win_rate":0,"timestamp":1550012094,"path_taken":["M","M","?","$","?","E","R","E","T","M","M","E","$","?","R","BOSS","M","?","$","M","?","R","E","R","T","E","R","M","R","M","R","BOSS","M","M","$","M","?","R","?","R","T","R","M","?","?","M","R","BOSS"],"build_version":"2019-01-23","purchased_purges":3,"victory":false,"max_hp_per_floor":[75,75,75,75,75,75,75,75,75,75,75,75,75,75,75,75,75,75,75,75,75,80,80,80,80,80,80,80,80,80,80,80,80,80,80,80,80,80,80,80,80,80,80,80,80,80,80,80,80,80],"card_choices":[{"not_picked":["Turbo","Scrape","Redo"],"picked":"SKIP","floor":1},{"not_picked":["Self Repair","Storm"],"picked":"Go for the Eyes","floor":2},{"not_picked":["Rip and Tear","Chaos"],"picked":"Electrodynamics","floor":6},{"not_picked":["Force Field","Fission","Ball Lightning"],"picked":"SKIP","floor":8},{"not_picked":["Streamline","Undo","Ball Lightning"],"picked":"SKIP","floor":10},{"not_picked":["Sunder","Consume"],"picked":"Coolheaded","floor":11},{"not_picked":["Barrage","Electrodynamics","Lockon"],"picked":"SKIP","floor":12},{"not_picked":["Multi-Cast","Thunder Strike"],"picked":"Machine Learning","floor":16},{"not_picked":["Loop"],"picked":"SKIP","floor":18},{"not_picked":["Genetic Algorithm"],"picked":"SKIP","floor":21},{"not_picked":["Sweeping Beam"],"picked":"SKIP","floor":24},{"not_picked":["Barrage"],"picked":"SKIP","floor":27},{"not_picked":["Melter"],"picked":"SKIP","floor":29},{"not_picked":["Gash"],"picked":"SKIP","floor":31},{"not_picked":[],"picked":"Go for the Eyes+1","floor":35},{"not_picked":["Rip and Tear"],"picked":"SKIP","floor":36},{"not_picked":["Stack+1"],"picked":"SKIP","floor":38},{"not_picked":[],"picked":"Defragment+1","floor":45},{"not_picked":["Defragment+1"],"picked":"SKIP","floor":47},{"not_picked":[],"picked":"Steam+1","floor":48}],"player_experience":81981,"relics_obtained":[{"floor":6,"key":"Mercury Hourglass"},{"floor":8,"key":"Bottled Tornado"},{"floor":9,"key":"Letter Opener"},{"floor":12,"key":"Cables"},{"floor":19,"key":"Red Mask"},{"floor":24,"key":"Pen Nib"},{"floor":26,"key":"Smiling Mask"},{"floor":27,"key":"Frozen Egg 2"},{"floor":41,"key":"FossilizedHelix"},{"floor":46,"key":"MawBank"}],"event_choices":[{"damage_healed":0,"gold_gain":75,"player_choice":"Gather Gold","damage_taken":11,"max_hp_gain":0,"max_hp_loss":0,"event_name":"World of Goop","floor":3,"gold_loss":0},{"damage_healed":0,"gold_gain":0,"player_choice":"Leave","damage_taken":0,"max_hp_gain":0,"max_hp_loss":0,"event_name":"The Cleric","floor":5,"gold_loss":0},{"damage_healed":0,"gold_gain":0,"player_choice":"Success","damage_taken":12,"relics_obtained":["Unceasing Top"],"max_hp_gain":0,"max_hp_loss":0,"event_name":"Scrap Ooze","floor":14,"gold_loss":0},{"damage_healed":0,"gold_gain":0,"player_choice":"Fought Bandits","damage_taken":0,"max_hp_gain":0,"max_hp_loss":0,"event_name":"Masked Bandits","floor":19,"gold_loss":0},{"damage_healed":0,"gold_gain":0,"player_choice":"Shed Blood","damage_taken":19,"max_hp_gain":5,"max_hp_loss":0,"event_name":"Forgotten Altar","floor":22,"gold_loss":0},{"damage_healed":0,"gold_gain":222,"player_choice":"Wore Mask","damage_taken":0,"max_hp_gain":0,"max_hp_loss":0,"event_name":"Tomb of Lord Red Mask","floor":39,"gold_loss":0},{"damage_healed":0,"gold_gain":0,"player_choice":"Fight","damage_taken":0,"max_hp_gain":0,"max_hp_loss":0,"event_name":"MindBloom","floor":41,"gold_loss":0}],"is_beta":false,"boss_relics":[{"not_picked":["White Beast Statue","Astrolabe"],"picked":"Busted Crown"},{"not_picked":["Pandora\u0027s Box","Philosopher\u0027s Stone"],"picked":"Coffee Dripper"}],"items_purged_floors":[13,20,37],"is_endless":false,"potions_floor_spawned":[2,6,8,11,12,18,24,31,33,35,38,45,48],"killed_by":"Time Eater","ascension_level":1}