{"gold_per_floor":[109,126,126,24,42,54,54,54,54,71,106,124,124,124,124,124],"floor_reached":16,"playtime":1307,"items_purged":["Regret"],"score":102,"play_id":"2d63eb3c-defb-4255-8125-d70e06ce362a","local_time":"20181213110251","is_ascension_mode":false,"campfire_choices":[{"data":"True Grit","floor":8,"key":"SMITH"},{"floor":13,"key":"REST"},{"floor":15,"key":"REST"}],"neow_cost":"CURSE","seed_source_timestamp":54761383213472,"circlet_count":0,"master_deck":["Strike_R","Strike_R","Strike_R","Strike_R+1","Defend_R","Defend_R","Defend_R","Defend_R","Bash+1","Headbutt","Shrug It Off","Panacea","Pommel Strike","Pummel","True Grit+1","Immolate","Shrug It Off","Intimidate","Flame Barrier"],"relics":["Burning Blood","Turnip","Kunai","Whetstone"],"potions_floor_usage":[6,16],"damage_taken":[{"damage":19,"enemies":"Small Slimes","floor":1,"turns":4},{"damage":8,"enemies":"Cultist","floor":2,"turns":3},{"damage":7,"enemies":"2 Louse","floor":5,"turns":3},{"damage":0,"enemies":"Red Slaver","floor":6,"turns":4},{"damage":28,"enemies":"Gremlin Gang","floor":10,"turns":7},{"damage":37,"enemies":"Lagavulin","floor":11,"turns":8},{"damage":15,"enemies":"3 Louse","floor":12,"turns":3},{"damage":59,"enemies":"Slime Boss","floor":16,"turns":9}],"seed_played":"-239225561715913743","potions_obtained":[{"floor":2,"key":"AttackPotion"},{"floor":6,"key":"GamblersBrew"}],"is_trial":false,"path_per_floor":["M","M","?","$","M","M","$","R","T","M","E","M","R","?","R","B"],"character_chosen":"IRONCLAD","items_purchased":["Pommel Strike"],"campfire_rested":2,"item_purchase_floors":[4],"current_hp_per_floor":[67,65,65,65,64,70,70,70,70,48,17,8,32,32,56,0],"gold":124,"neow_bonus":"ONE_RARE_RELIC","is_prod":false,"is_daily":false,"chose_seed":false,"campfire_upgraded":1,"win_rate":0,"timestamp":1544716971,"path_taken":["M","M","?","$","M","M","$","R","T","M","E","?","R","?","R","BOSS"],"build_version":"2018-12-06","purchased_purges":1,"victory":false,"max_hp_per_floor":[80,80,80,80,80,80,80,80,80,80,80,80,80,80,80,80],"card_choices":[{"not_picked":["Hemokinesis","Thunderclap"],"picked":"Headbutt","floor":1},{"not_picked":["Ghostly Armor","Wild Strike"],"picked":"Shrug It Off","floor":2},{"not_picked":["Uppercut","Body Slam"],"picked":"Pummel","floor":5},{"not_picked":["Pommel Strike","Body Slam"],"picked":"True Grit","floor":6},{"not_picked":["Body Slam","Perfected Strike"],"picked":"Immolate","floor":10},{"not_picked":["Sword Boomerang","Body Slam"],"picked":"Shrug It Off","floor":11},{"not_picked":["Warcry","Flex"],"picked":"Intimidate","floor":12}],"player_experience":1882325,"relics_obtained":[{"floor":9,"key":"Kunai"},{"floor":11,"key":"Whetstone"}],"event_choices":[{"damage_healed":0,"gold_gain":0,"player_choice":"1 cards matched","damage_taken":0,"max_hp_gain":0,"max_hp_loss":0,"event_name":"Match and Keep!","floor":3,"gold_loss":0,"cards_obtained":["Panacea"]},{"damage_healed":0,"gold_gain":0,"cards_transformed":["Strike_R"],"player_choice":"Transformed","damage_taken":0,"max_hp_gain":0,"max_hp_loss":0,"event_name":"Transmorgrifier","floor":14,"gold_loss":0,"cards_obtained":["Flame Barrier"]}],"is_beta":false,"boss_relics":[],"items_purged_floors":[4],"is_endless":false,"potions_floor_spawned":[2,6],"killed_by":"Slime Boss","ascension_level":0}