{"path_per_floor":["M","M","M","M","M","E","M","R","T","$","M","R","M","?","R","B",null,"M","?","M","M"],"character_chosen":"IRONCLAD","items_purchased":["Boot","Flame Barrier"],"gold_per_floor":[113,126,141,152,169,202,220,220,220,26,43,43,60,60,60,163,163,175,175,192,203,203],"floor_reached":22,"campfire_rested":3,"playtime":1957,"current_hp_per_floor":[80,80,72,56,45,36,21,45,45,45,35,59,54,54,78,10,80,69,53,51,29,0],"items_purged":[],"gold":203,"score":192,"play_id":"f15e159e-60ac-4603-8e2a-3c81c78a7534","local_time":"20180521104718","is_prod":false,"is_daily":false,"chose_seed":false,"is_ascension_mode":false,"campfire_upgraded":0,"timestamp":1526914038,"campfire_choices":[{"floor":8,"key":"REST"},{"floor":12,"key":"REST"},{"floor":15,"key":"REST"}],"path_taken":["M","M","M","M","M","E","M","R","T","$","M","R","M","?","R","BOSS","M","?","M","M","M"],"build_version":"2018-05-17","seed_source_timestamp":25001021381899,"purchased_purges":0,"victory":false,"master_deck":["Strike_R","Strike_R","Strike_R","Defend_R","Defend_R","Defend_R","Bash","Sever Soul+1","Body Slam+1","Ghostly Armor","Twin Strike","Anger","Juggernaut","Warcry","Armaments","Cleave","Flame Barrier","Metallicize","Inflame","Feed","Infernal Blade","Necronomicurse","Pommel Strike","Headbutt"],"max_hp_per_floor":[80,80,80,80,80,80,80,80,80,80,80,80,80,80,80,80,80,80,80,83,83,83],"relics":["Astrolabe","Bottled Tornado","Dodecahedron","Boot","Sozu","Necronomicon"],"card_choices":[{"not_picked":["True Grit","Power Through"],"picked":"Ghostly Armor","floor":1},{"not_picked":["Cleave","Body Slam"],"picked":"Twin Strike","floor":2},{"not_picked":["Fire Breathing","Pommel Strike"],"picked":"Anger","floor":3},{"not_picked":["Armaments","Iron Wave"],"picked":"Juggernaut","floor":4},{"not_picked":["Thunderclap","Power Through"],"picked":"Warcry","floor":5},{"not_picked":["Body Slam","Offering"],"picked":"Armaments","floor":6},{"not_picked":["Whirlwind","Sword Boomerang"],"picked":"Cleave","floor":7},{"not_picked":["Armaments","Body Slam"],"picked":"Metallicize","floor":11},{"not_picked":["True Grit","Clash"],"picked":"Inflame","floor":13},{"not_picked":["Brutality","Demon Form"],"picked":"Feed","floor":16},{"not_picked":["Thunderclap","Pommel Strike"],"picked":"Infernal Blade","floor":18},{"not_picked":["Burning Pact+1","Iron Wave"],"picked":"Pommel Strike","floor":20},{"not_picked":["True Grit","Flex"],"picked":"Headbutt","floor":21}],"player_experience":20806,"potions_floor_usage":[4,16,16,20],"damage_taken":[{"damage":0,"enemies":"2 Louse","floor":1,"turns":2},{"damage":0,"enemies":"Cultist","floor":2,"turns":3},{"damage":8,"enemies":"Small Slimes","floor":3,"turns":3},{"damage":16,"enemies":"3 Louse","floor":4,"turns":4},{"damage":11,"enemies":"Blue Slaver","floor":5,"turns":5},{"damage":9,"enemies":"3 Sentries","floor":6,"turns":8},{"damage":15,"enemies":"Exordium Wildlife","floor":7,"turns":5},{"damage":10,"enemies":"Looter","floor":11,"turns":4},{"damage":5,"enemies":"Exordium Thugs","floor":13,"turns":5},{"damage":68,"enemies":"The Guardian","floor":16,"turns":9},{"damage":11,"enemies":"Chosen","floor":18,"turns":5},{"damage":5,"enemies":"Spheric Guardian","floor":20,"turns":3},{"damage":22,"enemies":"3 Cultists","floor":21,"turns":5},{"damage":33,"enemies":"Snake Plant","floor":22,"turns":2}],"relics_obtained":[{"floor":6,"key":"Bottled Tornado"},{"floor":9,"key":"Dodecahedron"},{"floor":19,"key":"Necronomicon"}],"event_choices":[{"event_name":"Wheel of Change","player_choice":"Card Removal","floor":14,"damage_taken":0},{"event_name":"Cursed Tome","player_choice":"Obtained Book","floor":19,"damage_taken":0}],"boss_relics":[{"not_picked":["Runic Dome","Lizard Tail"],"picked":"Sozu"}],"potions_floor_spawned":[2,3,6,16,18,21],"seed_played":"-3732845062442030275","killed_by":"Snake Plant","ascension_level":0,"potions_obtained":[{"floor":2,"key":"FearPotion"},{"floor":3,"key":"Ancient Potion"},{"floor":6,"key":"PowerPotion"},{"floor":16,"key":"SpeedPotion"}],"is_trial":false}