{"path_per_floor":["M","?","$","?","M","E","?","R","T","M","R","E","?","E","R","B",null,"M","?","?","?","M","?","R"],"character_chosen":"THE_SILENT","items_purchased":["Catalyst"],"gold_per_floor":[110,110,43,43,60,93,93,93,93,112,112,145,175,175,175,274,274,289,289,289,289,308,308,308,308],"floor_reached":25,"campfire_rested":0,"playtime":1441,"item_purchase_floors":[],"current_hp_per_floor":[68,61,61,61,61,13,13,17,17,17,23,12,12,12,18,18,70,60,47,47,47,29,29,35,0],"items_purged":[],"gold":308,"score":359,"play_id":"20a581da-887d-423f-8347-b550bb6ae0e1","local_time":"20180611220209","is_prod":false,"is_daily":false,"chose_seed":false,"is_ascension_mode":true,"campfire_upgraded":4,"win_rate":0,"timestamp":1528747329,"campfire_choices":[{"data":"Deadly Poison","floor":8.0,"key":"SMITH"},{"data":"Deadly Poison","floor":11.0,"key":"SMITH"},{"data":"Adrenaline","floor":15,"key":"SMITH"},{"data":"Tools of the Trade","floor":24,"key":"SMITH"}],"path_taken":["M","?","$","?","M","E","?","R","T","M","R","E","?","E","R","BOSS","M","?","?","?","M","?","R","E"],"build_version":"2018-06-08","seed_source_timestamp":25892584491026,"purchased_purges":0,"victory":false,"master_deck":["Defend_G","Defend_G","Defend_G","Defend_G","Survivor","Neutralize","Deadly Poison+1","Catalyst","Bane","Flying Knee","Deadly Poison+1","Adrenaline+1","Tools of the Trade+1","Bite","Bite","Bite","Bite","Bite","Bane"],"max_hp_per_floor":[70,70,70,70,70,70,70,70,70,70,70,70,70,70,70,70,70,70,75,52,52,52,52,52,52],"relics":["Eternal Feather","Anchor","Shuriken","Juzu Bracelet","Lizard Tail"],"card_choices":[{"not_picked":["Flying Knee","Outmaneuver"],"picked":"Deadly Poison","floor":1.0},{"not_picked":["Riddle With Holes","Dash"],"picked":"Bane","floor":5.0},{"not_picked":["Dagger Spray","Underhanded Strike"],"picked":"Flying Knee","floor":6.0},{"not_picked":["Flechettes","Skewer"],"picked":"Deadly Poison","floor":10.0},{"not_picked":["PiercingWail","Footwork"],"picked":"Adrenaline","floor":12.0},{"not_picked":["Die Die Die","Wraith Form v2"],"picked":"Tools of the Trade","floor":16},{"not_picked":["Acrobatics","Slice","Riddle With Holes+1"],"picked":"SKIP","floor":18},{"not_picked":["Flying Knee","Caltrops"],"picked":"Bane","floor":22}],"player_experience":86690,"potions_floor_usage":[14,16],"damage_taken":[{"damage":2.0,"enemies":"Cultist","floor":1.0,"turns":6.0},{"damage":0.0,"enemies":"Small Slimes","floor":5.0,"turns":3.0},{"damage":48.0,"enemies":"Gremlin Nob","floor":6.0,"turns":6.0},{"damage":0.0,"enemies":"2 Louse","floor":10.0,"turns":2.0},{"damage":11.0,"enemies":"3 Sentries","floor":12.0,"turns":8.0},{"damage":0,"enemies":"Gremlin Nob","floor":14,"turns":2},{"damage":0,"enemies":"Hexaghost","floor":16,"turns":8},{"damage":10,"enemies":"Chosen","floor":18,"turns":4},{"damage":37,"enemies":"Spheric Guardian","floor":22,"turns":6},{"damage":78,"enemies":"Book of Stabbing","floor":25,"turns":5}],"relics_obtained":[{"floor":6.0,"key":"Anchor"},{"floor":9.0,"key":"Shuriken"},{"floor":12.0,"key":"Juzu Bracelet"}],"event_choices":[{"event_name":"Golden Wing","player_choice":"Card Removal","floor":2.0,"damage_taken":0.0},{"event_name":"Living Wall","player_choice":"Forget","floor":4.0,"damage_taken":0.0},{"event_name":"The Lab","player_choice":"Got Potions","floor":7.0,"damage_taken":0.0},{"event_name":"Dead Adventurer","player_choice":"Searched \u00271\u0027 times","floor":13,"damage_taken":0},{"event_name":"Forgotten Altar","player_choice":"Shed Blood","floor":19,"damage_taken":0},{"event_name":"Vampires","player_choice":"Became a vampire","floor":20,"damage_taken":0},{"event_name":"Back to Basics","player_choice":"Elegance","floor":21,"damage_taken":0},{"event_name":"Ghosts","player_choice":"Ignored","floor":23,"damage_taken":0}],"boss_relics":[{"not_picked":["Runic Dome","Philosopher\u0027s Stone"],"picked":"Lizard Tail"}],"items_purged_floors":[],"potions_floor_spawned":[6,10,12,16,18],"seed_played":"7442876008496131465","killed_by":"Book of Stabbing","ascension_level":3,"potions_obtained":[{"floor":6.0,"key":"SneckoOil"},{"floor":7.0,"key":"Poison Potion"},{"floor":7.0,"key":"SmokeBomb"},{"floor":7.0,"key":"Dexterity Potion"},{"floor":10.0,"key":"FearPotion"},{"floor":12.0,"key":"Dexterity Potion"},{"floor":16,"key":"Explosive Potion"},{"floor":18,"key":"SneckoOil"}],"is_trial":false}