{"gold_per_floor":[119,269,269,282,34,34,47,47,100,119,153,153,171,183,183,258,258,276,291,5,5],"floor_reached":21,"playtime":1300,"items_purged":["Strike_B"],"score":353,"play_id":"49cc8245-1075-443c-ad50-5a1fa6a1d4e9","local_time":"20190207193409","is_ascension_mode":true,"campfire_choices":[{"data":"Defragment","floor":6.0,"key":"SMITH"},{"floor":12,"key":"REST"},{"floor":15,"key":"REST"}],"neow_cost":"NONE","seed_source_timestamp":364064428247721,"circlet_count":0,"master_deck":["AscendersBane","Strike_B","Strike_B","Strike_B","Defend_B","Defend_B","Defend_B","Defend_B","Zap","Dualcast","Lockon","Sweeping Beam","Defragment+1","Coolheaded","All For One","Beam Cell","Steam","All For One","Compile Driver","Beam Cell","Go for the Eyes","Beam Cell","Finesse"],"special_seed":0,"relics":["Sozu","Blood Vial","StoneCalendar","Pen Nib","Bag of Marbles","Inserter"],"potions_floor_usage":[],"damage_taken":[{"damage":1.0,"enemies":"2 Louse","floor":1.0,"turns":2.0},{"damage":7.0,"enemies":"Jaw Worm","floor":4.0,"turns":4.0},{"damage":0.0,"enemies":"Cultist","floor":7.0,"turns":2.0},{"damage":8.0,"enemies":"3 Louse","floor":10.0,"turns":3.0},{"damage":39,"enemies":"Gremlin Nob","floor":11,"turns":4},{"damage":14,"enemies":"Blue Slaver","floor":13,"turns":3},{"damage":15,"enemies":"Large Slime","floor":14,"turns":5},{"damage":14,"enemies":"The Guardian","floor":16,"turns":10},{"damage":38,"enemies":"3 Byrds","floor":18,"turns":6},{"damage":0,"enemies":"Chosen","floor":19,"turns":3},{"damage":49,"enemies":"Snecko","floor":21,"turns":5}],"seed_played":"-7059978187668197729","potions_obtained":[],"is_trial":false,"path_per_floor":["M","?","?","M","$","R","M","?","T","M","E","R","M","M","R","B",null,"M","M","$","M"],"character_chosen":"DEFECT","items_purchased":["Blood Vial","Defragment","Go for the Eyes","Beam Cell","Finesse"],"campfire_rested":2,"item_purchase_floors":[5,5,20,20,20],"current_hp_per_floor":[63,63,56,49,49,49,51,51,51,45,8,29,17,4,25,13,57,21,23,23,0],"gold":5,"neow_bonus":"BOSS_RELIC","is_prod":false,"is_daily":false,"chose_seed":false,"campfire_upgraded":1,"win_rate":0,"timestamp":1549586049,"path_taken":["M","?","?","?","$","R","M","?","T","M","E","R","M","M","R","BOSS","M","M","$","M"],"build_version":"2019-01-23","purchased_purges":1,"victory":false,"max_hp_per_floor":[71,71,71,71,71,71,71,71,71,71,71,71,71,71,71,71,71,71,71,71,71],"card_choices":[{"not_picked":["Turbo","Fusion"],"picked":"Lockon","floor":1.0},{"not_picked":["Go for the Eyes","Compile Driver"],"picked":"Sweeping Beam","floor":4.0},{"not_picked":["Beam Cell","Turbo"],"picked":"BootSequence","floor":7.0},{"not_picked":["Stack","Gash"],"picked":"Coolheaded","floor":10.0},{"not_picked":["Scrape","FTL"],"picked":"All For One","floor":11},{"not_picked":["Lockon","Rip and Tear"],"picked":"Beam Cell","floor":13},{"not_picked":["Steam Power","Beam Cell"],"picked":"Steam","floor":14},{"not_picked":["Machine Learning","Multi-Cast"],"picked":"All For One","floor":16},{"not_picked":["Streamline","Stack"],"picked":"Compile Driver","floor":18},{"not_picked":["Leap","Cold Snap"],"picked":"Beam Cell","floor":19}],"player_experience":2341235,"relics_obtained":[{"floor":9.0,"key":"Pen Nib"},{"floor":11,"key":"Bag of Marbles"}],"event_choices":[{"damage_healed":0.0,"max_hp_gain":0.0,"max_hp_loss":0.0,"gold_gain":150.0,"event_name":"Liars Game","player_choice":"AGREE","floor":2.0,"gold_loss":0.0,"damage_taken":0.0,"cards_obtained":["Doubt"]},{"cards_removed":["Doubt"],"damage_healed":0.0,"max_hp_gain":0.0,"max_hp_loss":0.0,"gold_gain":0.0,"event_name":"Golden Wing","player_choice":"Card Removal","floor":3.0,"gold_loss":0.0,"damage_taken":7.0},{"cards_removed":["BootSequence"],"damage_healed":0.0,"max_hp_gain":0.0,"max_hp_loss":0.0,"gold_gain":0.0,"event_name":"WeMeetAgain","player_choice":"Gave Card","floor":8.0,"gold_loss":0.0,"damage_taken":0.0,"relics_obtained":["StoneCalendar"]}],"is_beta":false,"boss_relics":[{"not_picked":["Coffee Dripper","Ectoplasm"],"picked":"Inserter"}],"items_purged_floors":[20],"is_endless":false,"potions_floor_spawned":[10,11,16,18],"killed_by":"Snecko","ascension_level":19}