{"path_per_floor":["M","?","?","M","?","R","$","R","T","M","M","?","M","M","R","B",null,"M","M","?","?","M","R"],"character_chosen":"DEFECT","items_purchased":["Coolheaded","Self Repair"],"gold_per_floor":[112,112,287,298,298,298,102,102,102,120,132,132,150,174,174,300,300,319,334,334,334,349,349,349],"floor_reached":24,"campfire_rested":2,"playtime":1328,"item_purchase_floors":[7,7],"current_hp_per_floor":[67,67,67,67,67,67,67,67,67,66,69,51,51,48,75,64,75,36,47,47,47,14,51,0],"items_purged":["Strike_B"],"gold":349,"score":216,"play_id":"add63691-da51-4230-865c-ba04ecd88dda","local_time":"20180611215517","is_prod":false,"is_daily":false,"chose_seed":false,"is_ascension_mode":true,"campfire_upgraded":2,"win_rate":0,"timestamp":1528768517,"campfire_choices":[{"data":"Zap","floor":6,"key":"SMITH"},{"data":"Self Repair","floor":8,"key":"SMITH"},{"floor":15,"key":"REST"},{"floor":23,"key":"REST"}],"path_taken":["M","?","?","M","?","R","$","R","T","M","M","?","M","?","R","BOSS","M","?","?","?","?","R","E"],"build_version":"2018-06-07v3","seed_source_timestamp":441517676127363,"purchased_purges":1,"victory":false,"master_deck":["Strike_B","Strike_B","Defend_B","Defend_B","Defend_B","Defend_B","Zap+1","Dualcast","Chaos+1","Doubt","Streamline","Coolheaded","Self Repair+1","Doom and Gloom","Steam","Capacitor","Creative AI","Electrodynamics","Cold Snap","Conserve Battery+1","Fission+1","Sweeping Beam+1"],"max_hp_per_floor":[75,75,75,75,75,75,75,75,75,75,75,75,75,75,75,75,75,75,75,75,75,75,75,75],"relics":["Cracked Core","Regal Pillow","Golden Idol","Lizard Tail"],"card_choices":[{"not_picked":["Consume","Beam Cell"],"picked":"Chaos","floor":1},{"not_picked":["Sweeping Beam","Reinforced Body"],"picked":"Streamline","floor":4},{"not_picked":["Go for the Eyes","Gash"],"picked":"Doom and Gloom","floor":10},{"not_picked":["Aggregate","Streamline"],"picked":"Steam","floor":11},{"not_picked":["Loop","Compile Driver"],"picked":"Capacitor","floor":13},{"not_picked":["Cold Snap","Conserve Battery"],"picked":"Creative AI","floor":14},{"not_picked":["Hyperbeam","Amplify"],"picked":"Electrodynamics","floor":16},{"not_picked":["Ball Lightning","Barrage"],"picked":"Cold Snap","floor":18},{"not_picked":["Steam Power","Coolheaded"],"picked":"Conserve Battery+1","floor":19},{"not_picked":["Turbo","Capacitor"],"picked":"Sweeping Beam+1","floor":22}],"player_experience":497699,"potions_floor_usage":[16,16],"damage_taken":[{"damage":8,"enemies":"Small Slimes","floor":1,"turns":3},{"damage":0,"enemies":"Cultist","floor":4,"turns":3},{"damage":1,"enemies":"2 Louse","floor":10,"turns":2},{"damage":7,"enemies":"Exordium Wildlife","floor":11,"turns":3},{"damage":10,"enemies":"3 Louse","floor":13,"turns":3},{"damage":13,"enemies":"Red Slaver","floor":14,"turns":4},{"damage":26,"enemies":"The Guardian","floor":16,"turns":11},{"damage":49,"enemies":"Spheric Guardian","floor":18,"turns":8},{"damage":39,"enemies":"Chosen","floor":19,"turns":7},{"damage":43,"enemies":"Centurion and Healer","floor":22,"turns":12},{"damage":52,"enemies":"Book of Stabbing","floor":24,"turns":4}],"relics_obtained":[{"floor":9,"key":"Regal Pillow"}],"event_choices":[{"event_name":"Upgrade Shrine","player_choice":"Upgraded","floor":2,"damage_taken":0},{"event_name":"Liars Game","player_choice":"agreed","floor":3,"damage_taken":0},{"event_name":"Bonfire Elementals","player_choice":"BASIC","floor":5,"damage_taken":0},{"event_name":"Golden Idol","player_choice":"Take Damage","floor":12,"damage_taken":0},{"event_name":"Match and Keep!","player_choice":"1 cards matched","floor":20,"damage_taken":0},{"event_name":"Upgrade Shrine","player_choice":"Upgraded","floor":21,"damage_taken":0}],"boss_relics":[{"not_picked":["Tiny House","Sozu"],"picked":"Lizard Tail"}],"items_purged_floors":[7],"potions_floor_spawned":[1,10,14,16,18],"seed_played":"2702449049443439947","killed_by":"Book of Stabbing","ascension_level":3,"potions_obtained":[{"floor":1,"key":"FearPotion"},{"floor":10,"key":"Regen Potion"},{"floor":14,"key":"Dexterity Potion"},{"floor":16,"key":"Swift Potion"},{"floor":18,"key":"Swift Potion"}],"is_trial":false}