{"gold_per_floor":[113,113,113,124,124,124,25,25,25,42,42,342,360,377,377,377],"floor_reached":16,"playtime":538,"items_purged":["Defend_B"],"score":90,"play_id":"179a56d0-dda1-416b-9046-a7e8d8311caf","local_time":"20180819222700","is_ascension_mode":false,"campfire_choices":[{"data":"Hologram","floor":6,"key":"SMITH"},{"data":"Hologram","floor":8,"key":"SMITH"},{"data":"Hologram","floor":11,"key":"SMITH"},{"data":"Creative AI","floor":15,"key":"SMITH"}],"neow_cost":"NONE","seed_source_timestamp":71625383303466,"circlet_count":0,"master_deck":["Strike_B+1","Strike_B","Strike_B","Strike_B","Defend_B","Defend_B","Zap+1","Dualcast","Hologram+1","BootSequence","Hologram+1","Turbo","Hologram+1","Creative AI+1"],"relics":["Cracked Core","Anchor","Old Coin"],"potions_floor_usage":[16,16,16],"damage_taken":[{"damage":2,"enemies":"Small Slimes","floor":1,"turns":3},{"damage":1,"enemies":"Cultist","floor":4,"turns":3},{"damage":0,"enemies":"Jaw Worm","floor":10,"turns":2},{"damage":2,"enemies":"3 Louse","floor":13,"turns":3},{"damage":1,"enemies":"Lots of Slimes","floor":14,"turns":4},{"damage":30,"enemies":"Slime Boss","floor":16,"turns":3}],"seed_played":"-7137121806433427799","potions_obtained":[{"floor":1,"key":"Strength Potion"},{"floor":13,"key":"Strength Potion"},{"floor":14,"key":"SteroidPotion"}],"is_trial":false,"path_per_floor":["M","?","?","M","?","R","$","R","T","M","R","?","M","M","R"],"character_chosen":"DEFECT","items_purchased":["Turbo"],"campfire_rested":0,"item_purchase_floors":[7],"current_hp_per_floor":[73,73,58,57,57,57,57,57,57,57,57,32,30,29,29,0],"gold":377,"neow_bonus":"THREE_CARDS","is_prod":false,"is_daily":false,"chose_seed":false,"campfire_upgraded":4,"win_rate":0,"timestamp":1534683420,"path_taken":["M","?","?","M","?","R","$","R","T","M","R","?","M","?","R","BOSS"],"build_version":"2018-08-16","purchased_purges":1,"victory":false,"max_hp_per_floor":[75,75,75,75,75,75,75,75,75,75,75,75,75,75,75,75],"card_choices":[{"not_picked":["Reprogram","Force Field"],"picked":"Hologram","floor":0},{"not_picked":["Darkness","Steam Power","Gash"],"picked":"SKIP","floor":1},{"not_picked":["Lockon","Ball Lightning"],"picked":"Hologram","floor":4},{"not_picked":["Doom and Gloom","Reinforced Body"],"picked":"Hologram","floor":10},{"not_picked":["Cold Snap","Rebound","Reinforced Body"],"picked":"SKIP","floor":13},{"not_picked":["Beam Cell","Lockon"],"picked":"Creative AI","floor":14}],"player_experience":363197,"relics_obtained":[{"floor":9,"key":"Anchor"}],"event_choices":[{"event_name":"Transmorgrifier","player_choice":"Transform","floor":2,"damage_taken":0},{"event_name":"Shining Light","player_choice":"Entered Light","floor":3,"damage_taken":0},{"event_name":"Match and Keep!","player_choice":"0 cards matched","floor":5,"damage_taken":0},{"event_name":"Scrap Ooze","player_choice":"success","floor":12,"damage_taken":25}],"is_beta":false,"boss_relics":[],"items_purged_floors":[7],"is_endless":false,"potions_floor_spawned":[1,13,14],"killed_by":"Slime Boss","ascension_level":0}