{"gold_per_floor":[112,131,143,143,154,154,166,194,219,219,219,232,6,36,36,138,138,156,170,170],"floor_reached":20,"playtime":956,"items_purged":["Zap"],"score":233,"play_id":"f878e9c0-4e27-4df5-a65a-15eac5d40f20","local_time":"20181111001424","is_ascension_mode":true,"campfire_choices":[{"floor":6,"key":"REST"},{"floor":10,"key":"REST"},{"floor":15,"key":"REST"}],"neow_cost":"NONE","seed_source_timestamp":260672596686130,"circlet_count":0,"master_deck":["Strike_B","Strike_B+1","Strike_B","Defend_B","Defend_B","Defend_B","Defend_B","Dualcast","Machine Learning","Chaos+1","Streamline","Skim","Hello World","Fission","Defragment","Steam","Ball Lightning","Electrodynamics","Gash+1","Rebound+1"],"relics":["Cracked Core","Sundial","Lantern","GremlinMask","Potion Belt","Empty Cage"],"potions_floor_usage":[8,14],"damage_taken":[{"damage":0,"enemies":"2 Louse","floor":1,"turns":2},{"damage":10,"enemies":"Small Slimes","floor":2,"turns":4},{"damage":0,"enemies":"Cultist","floor":3,"turns":3},{"damage":16,"enemies":"Blue Slaver","floor":5,"turns":3},{"damage":0,"enemies":"Large Slime","floor":7,"turns":5},{"damage":25,"enemies":"3 Sentries","floor":8,"turns":5},{"damage":10,"enemies":"Looter","floor":12,"turns":4},{"damage":16,"enemies":"Lagavulin","floor":14,"turns":7},{"damage":15,"enemies":"The Guardian","floor":16,"turns":13},{"damage":36,"enemies":"Shell Parasite","floor":18,"turns":10},{"damage":31,"enemies":"Chosen","floor":19,"turns":7},{"damage":13,"enemies":"Snecko","floor":20,"turns":2}],"seed_played":"2687382777888337260","potions_obtained":[{"floor":2,"key":"FairyPotion"},{"floor":5,"key":"LiquidBronze"},{"floor":12,"key":"Swift Potion"},{"floor":16,"key":"SteroidPotion"},{"floor":19,"key":"GamblersBrew"}],"is_trial":false,"path_per_floor":["M","M","M","?","M","R","M","E","T","R","?","M","$","E","R","B",null,"M","M","M"],"character_chosen":"DEFECT","items_purchased":["Defragment","Steam","Ball Lightning"],"campfire_rested":3,"item_purchase_floors":[13,13,13],"current_hp_per_floor":[75,65,65,50,34,56,56,31,31,53,53,43,43,27,49,34,65,29,7,0],"gold":170,"neow_bonus":"ONE_RANDOM_RARE_CARD","is_prod":false,"is_daily":false,"chose_seed":false,"campfire_upgraded":0,"win_rate":0,"timestamp":1541916864,"path_taken":["M","M","M","?","M","R","M","E","T","R","?","?","$","E","R","BOSS","M","M","M"],"build_version":"2018-11-08","purchased_purges":1,"victory":false,"max_hp_per_floor":[75,75,75,75,75,75,75,75,75,75,75,75,75,75,75,75,75,75,75,75],"card_choices":[{"not_picked":["Streamline","Turbo"],"picked":"Sweeping Beam","floor":1},{"not_picked":["Sweeping Beam","Blizzard"],"picked":"Chaos","floor":2},{"not_picked":["Sweeping Beam","Sunder"],"picked":"Streamline","floor":3},{"not_picked":["Genetic Algorithm","Barrage"],"picked":"Skim","floor":5},{"not_picked":["Stack","Hologram"],"picked":"Hello World","floor":7},{"not_picked":["Doom and Gloom","Undo"],"picked":"Fission","floor":8},{"not_picked":["Redo","Sweeping Beam","Scrape"],"picked":"SKIP","floor":12},{"not_picked":["Scrape","Steam","Recycle"],"picked":"SKIP","floor":14},{"not_picked":["Rainbow","Hyperbeam"],"picked":"Electrodynamics","floor":16},{"not_picked":["Sweeping Beam","Static Discharge"],"picked":"Gash+1","floor":18},{"not_picked":["Barrage","Loop"],"picked":"Rebound+1","floor":19}],"player_experience":526910,"relics_obtained":[{"floor":8,"key":"Sundial"},{"floor":9,"key":"Lantern"},{"floor":14,"key":"Potion Belt"}],"event_choices":[{"damage_healed":0,"gold_gain":0,"player_choice":"Entered Light","damage_taken":15,"max_hp_gain":0,"max_hp_loss":0,"event_name":"Shining Light","floor":4,"gold_loss":0,"cards_upgraded":["Strike_B","Chaos"]},{"damage_healed":0,"gold_gain":0,"player_choice":"Trade","damage_taken":0,"relics_obtained":["GremlinMask"],"max_hp_gain":0,"max_hp_loss":0,"event_name":"FaceTrader","floor":11,"gold_loss":0}],"is_beta":true,"boss_relics":[{"not_picked":["Black Star","Coffee Dripper"],"picked":"Empty Cage"}],"items_purged_floors":[13],"is_endless":false,"potions_floor_spawned":[2,5,12,16,19],"killed_by":"Snecko","ascension_level":5}