{"gold_per_floor":[110,110,9,9,9,9,23,23,48,73,73,106,117,129,129,227,227,242,341,359,66,66,99,99,0,0,0,14,31,76,91,91,192,192,210,225,238,248,248,248,260,260,260,260],"floor_reached":44,"playtime":2175,"items_purged":["Strike_R","Strike_R"],"score":556,"play_id":"885b2704-4d19-4345-a262-0a77cec29faa","local_time":"20180630002454","is_ascension_mode":true,"campfire_choices":[{"data":"Cleave","floor":6,"key":"SMITH"},{"data":"Bash","floor":8,"key":"SMITH"},{"data":"Strike_R","floor":11,"key":"SMITH"},{"floor":15,"key":"REST"},{"floor":24,"key":"REST"},{"floor":27,"key":"REST"},{"floor":32,"key":"REST"},{"data":"Feed","floor":40,"key":"SMITH"},{"data":"Cleave","floor":42,"key":"SMITH"}],"neow_cost":"NONE","seed_source_timestamp":447567944364301,"circlet_count":0,"master_deck":["Strike_R","Strike_R","Strike_R+1","Defend_R","Defend_R","Defend_R","Defend_R","Bash+1","Cleave+1","Armaments+1","Shrug It Off+1","Flame Barrier+1","Sentinel+1","Inflame","Pommel Strike","Feed+1","Cleave+1","Cleave+1","Clash","Double Tap+1","Clash","Metallicize","Impervious+1","Normality"],"relics":["Burning Blood","NeowsBlessing","Toxic Egg 2","Bronze Scales","Du-Vu Doll","Self Forming Clay","Lizard Tail","Darkstone Periapt","Lantern","Smiling Mask","Bag of Preparation","Cursed Key","Red Skull","Paper Frog"],"potions_floor_usage":[16,23,33,33,35,44],"damage_taken":[{"damage":0,"enemies":"2 Louse","floor":1,"turns":1},{"damage":0,"enemies":"Small Slimes","floor":7,"turns":1},{"damage":0,"enemies":"Gremlin Nob","floor":10,"turns":1},{"damage":35,"enemies":"Lagavulin","floor":12,"turns":5},{"damage":1,"enemies":"Cultist","floor":13,"turns":3},{"damage":11,"enemies":"Looter","floor":14,"turns":3},{"damage":44,"enemies":"Slime Boss","floor":16,"turns":12},{"damage":16,"enemies":"Spheric Guardian","floor":18,"turns":6},{"damage":16,"enemies":"Shell Parasite","floor":20,"turns":9},{"damage":44,"enemies":"Slavers","floor":23,"turns":6},{"damage":12,"enemies":"Centurion and Healer","floor":28,"turns":5},{"damage":29,"enemies":"Sentry and Sphere","floor":29,"turns":6},{"damage":4,"enemies":"Snake Plant","floor":31,"turns":3},{"damage":107,"enemies":"Collector","floor":33,"turns":10},{"damage":8,"enemies":"3 Darklings","floor":35,"turns":3},{"damage":1,"enemies":"Orb Walker","floor":36,"turns":3},{"damage":26,"enemies":"Sphere and 2 Shapes","floor":37,"turns":5},{"damage":2,"enemies":"4 Shapes","floor":38,"turns":7},{"damage":0,"floor":39,"turns":3},{"damage":10,"enemies":"3 Darklings","floor":41,"turns":3},{"damage":101,"enemies":"Giant Head","floor":44,"turns":8}],"seed_played":"-903599185168748294","potions_obtained":[{"floor":14,"key":"Strength Potion"},{"floor":16,"key":"PowerPotion"},{"floor":20,"key":"FairyPotion"},{"floor":29,"key":"Fire Potion"},{"floor":31,"key":"Fire Potion"},{"floor":33,"key":"SkillPotion"},{"floor":36,"key":"GamblersBrew"},{"floor":41,"key":"Strength Potion"}],"is_trial":false,"path_per_floor":["M","?","$","?","?","R","M","R","T","E","R","E","M","M","R","B",null,"M","?","M","$","T","E","R","?","T","R","M","M","T","M","R","B",null,"M","M","M","M","?","R","M","R","T"],"character_chosen":"IRONCLAD","items_purchased":["Armaments+1","Clash","Double Tap+1"],"campfire_rested":4,"item_purchase_floors":[3,21,21],"current_hp_per_floor":[80,38,38,38,64,64,70,70,70,76,76,47,52,47,71,33,80,70,70,60,60,60,22,46,46,46,70,64,41,41,43,67,37,80,78,80,63,70,76,76,72,72,78,0],"gold":260,"neow_bonus":"THREE_ENEMY_KILL","is_prod":false,"is_daily":false,"chose_seed":false,"campfire_upgraded":5,"win_rate":0,"timestamp":1530332694,"path_taken":["M","?","$","?","?","R","M","R","T","E","R","E","M","?","R","BOSS","M","?","M","?","?","E","R","?","T","R","M","?","?","M","R","BOSS","M","M","?","M","?","R","M","R","T","E"],"build_version":"2018-06-28","purchased_purges":2,"victory":false,"max_hp_per_floor":[80,80,80,80,80,80,80,80,80,80,80,80,80,80,80,80,80,80,80,80,80,80,80,80,80,80,80,80,80,80,80,80,80,80,80,80,83,86,86,86,86,86,92,92],"card_choices":[{"not_picked":["Armaments","Burning Pact"],"picked":"Cleave","floor":1},{"not_picked":["Wild Strike","Pommel Strike"],"picked":"Shrug It Off+1","floor":7},{"not_picked":["Carnage","Pommel Strike"],"picked":"Flame Barrier+1","floor":10},{"not_picked":["Twin Strike","Flex+1"],"picked":"Sentinel+1","floor":12},{"not_picked":["Sword Boomerang","Armaments+1"],"picked":"Inflame","floor":13},{"not_picked":["Flame Barrier+1","Corruption"],"picked":"Pommel Strike","floor":14},{"not_picked":["Exhume+1","Fiend Fire"],"picked":"Feed","floor":16},{"not_picked":["Shrug It Off+1","Spot Weakness+1"],"picked":"Cleave","floor":18},{"not_picked":["Ghostly Armor+1","Armaments+1"],"picked":"Cleave+1","floor":20},{"not_picked":["Fiend Fire","Thunderclap"],"picked":"Clash","floor":23},{"not_picked":["Headbutt","Bloodletting+1","Rupture"],"picked":"SKIP","floor":28},{"not_picked":["Wild Strike","Flex+1","Clash"],"picked":"SKIP","floor":29},{"not_picked":["Thunderclap","Warcry+1"],"picked":"Metallicize","floor":31},{"not_picked":["Reaper","Offering+1"],"picked":"Impervious+1","floor":33},{"not_picked":["Pommel Strike","Wild Strike+1","Anger+1"],"picked":"SKIP","floor":35},{"not_picked":["True Grit+1","Sword Boomerang+1","Pommel Strike+1"],"picked":"SKIP","floor":36},{"not_picked":["Wild Strike","Flex+1","Shrug It Off+1"],"picked":"SKIP","floor":37},{"not_picked":["Iron Wave","Power Through+1","Twin Strike"],"picked":"SKIP","floor":38},{"not_picked":["Hemokinesis","Uppercut","Iron Wave"],"picked":"SKIP","floor":41}],"player_experience":872115,"relics_obtained":[{"floor":9,"key":"Bronze Scales"},{"floor":10,"key":"Du-Vu Doll"},{"floor":12,"key":"Self Forming Clay"},{"floor":22,"key":"Darkstone Periapt"},{"floor":23,"key":"Lantern"},{"floor":26,"key":"Smiling Mask"},{"floor":30,"key":"Bag of Preparation"},{"floor":39,"key":"Red Skull"},{"floor":43,"key":"Paper Frog"}],"event_choices":[{"event_name":"Scrap Ooze","player_choice":"success","floor":2,"damage_taken":42},{"event_name":"Liars Game","player_choice":"disagreed","floor":4,"damage_taken":0},{"event_name":"Big Fish","player_choice":"Banana","floor":5,"damage_taken":0},{"event_name":"Nest","player_choice":"Stole From Cult","floor":19,"damage_taken":0},{"event_name":"Masked Bandits","player_choice":"Paid Bandits 99 gold","floor":25,"damage_taken":0},{"event_name":"MindBloom","player_choice":"Fight","floor":39,"damage_taken":0}],"boss_relics":[{"not_picked":["Coffee Dripper","Pandora\u0027s Box"],"picked":"Lizard Tail"},{"not_picked":["Velvet Choker","Astrolabe"],"picked":"Cursed Key"}],"items_purged_floors":[3,21],"is_endless":false,"potions_floor_spawned":[14,16,20,29,31,33,36,41],"killed_by":"Giant Head","ascension_level":4}