{"gold_per_floor":[109,109,121,121,134,161,161,187,187,187,216,18,38,49,49,49],"floor_reached":16,"playtime":1758,"items_purged":["Strike_R"],"score":168,"play_id":"908f2215-248f-44cd-aaaa-0c4040a20118","local_time":"20180627171517","is_ascension_mode":true,"campfire_choices":[{"floor":7,"key":"REST"},{"floor":10,"key":"REST"},{"data":"Iron Wave","floor":15,"key":"SMITH"}],"neow_cost":"","seed_source_timestamp":435459919757955,"circlet_count":0,"master_deck":["Strike_R","Strike_R","Strike_R","Strike_R","Defend_R","Defend_R","Defend_R","Defend_R","Bash+1","Twin Strike","Iron Wave+1","Dark Embrace","Iron Wave","Dropkick","Intimidate","Flex"],"special_seed":0,"relics":["Burning Blood","Regal Pillow","Smiling Mask","Ornamental Fan","Pantograph","Matryoshka","Frozen Egg 2","Singing Bowl"],"potions_floor_usage":[8,8,16,16],"damage_taken":[{"damage":6.0,"enemies":"2 Louse","floor":1.0,"turns":3.0},{"damage":6.0,"enemies":"Jaw Worm","floor":3.0,"turns":5.0},{"damage":0.0,"enemies":"Small Slimes","floor":5.0,"turns":3.0},{"damage":56,"enemies":"Lagavulin","floor":6,"turns":8},{"damage":27,"enemies":"Gremlin Nob","floor":8,"turns":5},{"damage":17,"enemies":"3 Sentries","floor":11,"turns":10},{"damage":1,"enemies":"Blue Slaver","floor":13,"turns":3},{"damage":6,"enemies":"Exordium Thugs","floor":14,"turns":6},{"damage":83,"enemies":"Hexaghost","floor":16,"turns":11}],"seed_played":"-4952076984905892021","potions_obtained":[{"floor":3.0,"key":"GamblersBrew"},{"floor":6,"key":"GamblersBrew"},{"floor":13,"key":"Block Potion"},{"floor":14,"key":"SpeedPotion"}],"is_trial":false,"path_per_floor":["M","?","M","?","M","E","R","E","T","R","E","$","M","M","R"],"character_chosen":"IRONCLAD","items_purchased":["Singing Bowl"],"campfire_rested":2,"item_purchase_floors":[12],"current_hp_per_floor":[72,60,60,60,66,16,55,34,34,73,62,62,69,69,69,0],"gold":49,"neow_bonus":"","is_prod":false,"is_daily":false,"chose_seed":false,"campfire_upgraded":1,"win_rate":0,"timestamp":1530112517,"path_taken":["M","?","M","?","?","E","R","E","T","R","E","?","M","?","R","BOSS"],"build_version":"2018-06-26","purchased_purges":1,"victory":false,"max_hp_per_floor":[80,80,80,80,80,80,80,80,80,80,80,80,82,82,82,82],"card_choices":[{"not_picked":["True Grit","Combust"],"picked":"Twin Strike","floor":1.0},{"not_picked":["Cleave","Shrug It Off"],"picked":"Iron Wave","floor":3.0},{"not_picked":["Shrug It Off","Sword Boomerang"],"picked":"Dark Embrace","floor":5.0},{"not_picked":["Thunderclap","Spot Weakness"],"picked":"Iron Wave","floor":6},{"not_picked":["Warcry","Hemokinesis"],"picked":"Dropkick","floor":8},{"not_picked":["Searing Blow","Clothesline"],"picked":"Intimidate","floor":11},{"not_picked":["Searing Blow","Rampage","Armaments"],"picked":"Singing Bowl","floor":13},{"not_picked":["Second Wind","Evolve+1"],"picked":"Flex","floor":14}],"player_experience":186726,"relics_obtained":[{"floor":6,"key":"Ornamental Fan"},{"floor":8,"key":"Pantograph"},{"floor":9,"key":"Matryoshka"},{"floor":11,"key":"Frozen Egg 2"}],"event_choices":[{"event_name":"Scrap Ooze","player_choice":"success","floor":2.0,"damage_taken":12.0},{"event_name":"Upgrade Shrine","player_choice":"Upgraded","floor":4.0,"damage_taken":0.0}],"boss_relics":[],"items_purged_floors":[12],"is_endless":false,"potions_floor_spawned":[3,6,13,14],"killed_by":"Hexaghost","ascension_level":8}