{"gold_per_floor":[112,88,105,105,105,105,118,118,144,144,164,174,174,209,209,312,312,326,326,46,58,71,71,4,4,4,22,22,40,139,150,150,252,252,271,120,220,220,232,245,245,270,270,286,286,313,313,0,0,0],"floor_reached":51,"playtime":2100,"items_purged":["Normality","Strike_B"],"score":1090,"play_id":"eac14d97-00dd-4421-a707-9c55f54cdbb8","local_time":"20190121134045","is_ascension_mode":true,"campfire_choices":[{"data":"Zap","floor":6.0,"key":"SMITH"},{"data":"White Noise","floor":10.0,"key":"SMITH"},{"data":"Barrage","floor":13.0,"key":"SMITH"},{"data":"White Noise","floor":15,"key":"SMITH"},{"data":"Defragment","floor":23,"key":"SMITH"},{"data":"Seek","floor":25,"key":"SMITH"},{"data":"Glacier","floor":28,"key":"SMITH"},{"floor":32,"key":"REST"},{"floor":41,"key":"REST"},{"floor":45,"key":"REST"},{"floor":49,"key":"REST"}],"neow_cost":"NONE","seed_source_timestamp":1427233210502730,"circlet_count":0,"master_deck":["AscendersBane","Strike_B","Strike_B","Defend_B","Defend_B","Defend_B","Defend_B+1","Zap+1","Dualcast","Darkness+1","Melter","White Noise+1","Barrage+1","White Noise+1","Seek+1","Rip and Tear","Zap+1","Defragment+1","Glacier+1","Flash of Steel","Leap","FTL","Barrage+1","Static Discharge","Hologram","Echo Form","FTL+1","Go for the Eyes+1","Capacitor"],"special_seed":0,"relics":["Cracked Core","Orichalcum","Omamori","Calling Bell","DataDisk","Meat on the Bone","Emotion Chip","Mummified Hand","Fusion Hammer","Incense Burner","Bag of Preparation","Lantern","Strawberry","Frozen Egg 2","Red Mask"],"potions_floor_usage":[14,16,22,33,33,35,50],"damage_taken":[{"damage":13.0,"enemies":"Small Slimes","floor":1.0,"turns":4.0},{"damage":3.0,"enemies":"2 Louse","floor":3.0,"turns":3.0},{"damage":9.0,"enemies":"Jaw Worm","floor":7.0,"turns":4.0},{"damage":4.0,"enemies":"Looter","floor":11.0,"turns":3.0},{"damage":0.0,"enemies":"Gremlin Gang","floor":12.0,"turns":3.0},{"damage":0,"enemies":"Lagavulin","floor":14,"turns":3},{"damage":8,"enemies":"Hexaghost","floor":16,"turns":7},{"damage":39,"enemies":"2 Thieves","floor":18,"turns":4},{"damage":0,"enemies":"3 Byrds","floor":21,"turns":6},{"damage":14,"enemies":"Snake Plant","floor":22,"turns":3},{"damage":0,"enemies":"Shelled Parasite and Fungi","floor":27,"turns":3},{"damage":1,"enemies":"Chosen and Byrds","floor":29,"turns":5},{"damage":0,"enemies":"Cultist and Chosen","floor":31,"turns":5},{"damage":36,"enemies":"Collector","floor":33,"turns":8},{"damage":13,"enemies":"3 Shapes","floor":35,"turns":3},{"damage":0,"enemies":"Mind Bloom Boss Battle","floor":37,"turns":6},{"damage":0,"enemies":"Orb Walker","floor":39,"turns":3},{"damage":0,"enemies":"4 Shapes","floor":40,"turns":4},{"damage":9,"enemies":"Transient","floor":44,"turns":5},{"damage":42,"enemies":"Nemesis","floor":46,"turns":7},{"damage":30,"enemies":"Time Eater","floor":50,"turns":9}],"seed_played":"-2510078793462568384","potions_obtained":[{"floor":1.0,"key":"Explosive Potion"},{"floor":3.0,"key":"SteroidPotion"},{"floor":12.0,"key":"Block Potion"},{"floor":16,"key":"SteroidPotion"},{"floor":29,"key":"PowerPotion"},{"floor":31,"key":"PowerPotion"},{"floor":33,"key":"Explosive Potion"},{"floor":44,"key":"LiquidBronze"}],"is_trial":false,"path_per_floor":["M","?","M","?","?","R","M","?","T","R","M","M","R","E","R","B",null,"M","?","$","M","M","R","$","R","T","M","R","M","?","M","R","B",null,"M","$","?","?","M","M","R","T","T","M","R","E","T","?","R","B",null],"character_chosen":"DEFECT","items_purchased":["Defragment","Glacier","Flash of Steel","FTL","Explosive Potion"],"campfire_rested":4,"item_purchase_floors":[20,20,20,24,36],"current_hp_per_floor":[55,55,52,52,37,37,28,53,53,53,49,49,49,49,49,41,67,40,40,40,40,38,38,38,38,38,38,38,49,49,49,71,47,68,55,55,55,55,55,55,71,71,71,62,71,48,48,48,71,41],"gold":0,"neow_bonus":"TRANSFORM_CARD","is_prod":false,"is_daily":false,"chose_seed":false,"campfire_upgraded":7,"win_rate":0,"timestamp":1548045645,"path_taken":["M","?","M","?","?","R","M","?","T","R","?","M","R","E","R","BOSS","M","?","$","M","M","R","$","R","T","M","R","?","?","M","R","BOSS","M","$","?","?","M","M","R","?","T","?","R","E","?","?","R","BOSS"],"build_version":"2019-01-17v2","purchased_purges":2,"victory":true,"max_hp_per_floor":[75,75,75,75,75,75,75,75,75,75,75,75,75,75,75,75,75,75,75,75,75,75,75,75,75,75,75,75,75,75,75,75,75,75,75,75,75,71,71,71,71,71,71,71,71,78,78,78,78,78],"card_choices":[{"not_picked":["Force Field","Go for the Eyes"],"picked":"Melter","floor":1.0},{"not_picked":["Blizzard","BootSequence"],"picked":"White Noise","floor":3.0},{"not_picked":["Gash","Scrape","Skim"],"picked":"SKIP","floor":7.0},{"not_picked":["Gash","Beam Cell","Stack"],"picked":"SKIP","floor":11.0},{"not_picked":["Meteor Strike","Scrape"],"picked":"Barrage","floor":12.0},{"not_picked":["Beam Cell","Coolheaded"],"picked":"White Noise","floor":14},{"not_picked":["Fission","Meteor Strike"],"picked":"Seek","floor":16},{"not_picked":["Steam","Lockon"],"picked":"Rip and Tear","floor":18},{"not_picked":["Hello World","Steam"],"picked":"Leap","floor":21},{"not_picked":["Force Field","Lockon","Stack"],"picked":"SKIP","floor":22},{"not_picked":["White Noise","Turbo"],"picked":"Barrage+1","floor":27},{"not_picked":["Scrape","Darkness"],"picked":"Static Discharge","floor":29},{"not_picked":["Genetic Algorithm","Doom and Gloom"],"picked":"Hologram","floor":31},{"not_picked":["Seek","Thunder Strike"],"picked":"Echo Form","floor":33},{"not_picked":["Undo","Scrape"],"picked":"FTL+1","floor":35},{"not_picked":["Heatsinks+1","Turbo","Beam Cell+1"],"picked":"SKIP","floor":39},{"not_picked":["Redo+1","Cold Snap+1"],"picked":"Go for the Eyes+1","floor":40},{"not_picked":["Leap","Self Repair","White Noise"],"picked":"SKIP","floor":44},{"not_picked":["Conserve Battery","Core Surge"],"picked":"Capacitor","floor":46}],"player_experience":413756,"relics_obtained":[{"floor":9.0,"key":"Orichalcum"},{"floor":14,"key":"Omamori"},{"floor":17,"key":"DataDisk"},{"floor":17,"key":"Meat on the Bone"},{"floor":17,"key":"Emotion Chip"},{"floor":26,"key":"Mummified Hand"},{"floor":37,"key":"Incense Burner"},{"floor":42,"key":"Bag of Preparation"},{"floor":43,"key":"Lantern"},{"floor":46,"key":"Strawberry"},{"floor":47,"key":"Frozen Egg 2"}],"event_choices":[{"damage_healed":0.0,"max_hp_gain":0.0,"max_hp_loss":0.0,"gold_gain":0.0,"event_name":"World of Goop","player_choice":"Left Gold","floor":2.0,"gold_loss":24.0,"damage_taken":0.0},{"damage_healed":0.0,"max_hp_gain":0.0,"max_hp_loss":0.0,"gold_gain":0.0,"event_name":"Liars Game","player_choice":"Ignored","floor":4.0,"gold_loss":0.0,"damage_taken":0.0},{"damage_healed":0.0,"max_hp_gain":0.0,"max_hp_loss":0.0,"gold_gain":0.0,"event_name":"Shining Light","player_choice":"Entered Light","floor":5.0,"gold_loss":0.0,"damage_taken":15.0,"cards_upgraded":["Defend_B","Darkness"]},{"damage_healed":25.0,"max_hp_gain":0.0,"max_hp_loss":0.0,"gold_gain":0.0,"event_name":"Big Fish","player_choice":"Banana","floor":8.0,"gold_loss":0.0,"damage_taken":0.0},{"damage_healed":0,"gold_gain":0,"player_choice":"Copied","damage_taken":0,"max_hp_gain":0,"max_hp_loss":0,"event_name":"Duplicator","floor":19,"gold_loss":0,"cards_obtained":["Zap"]},{"damage_healed":0,"gold_gain":99,"player_choice":"Stole From Cult","damage_taken":0,"max_hp_gain":0,"max_hp_loss":0,"event_name":"Nest","floor":30,"gold_loss":0},{"damage_healed":0,"gold_gain":0,"player_choice":"Fight","damage_taken":0,"max_hp_gain":0,"max_hp_loss":0,"event_name":"MindBloom","floor":37,"gold_loss":0},{"damage_healed":0,"gold_gain":0,"player_choice":"Max HP","damage_taken":0,"max_hp_gain":0,"max_hp_loss":4,"event_name":"Winding Halls","floor":38,"gold_loss":0},{"damage_healed":0,"gold_gain":0,"player_choice":"Paid","damage_taken":0,"relics_obtained":["Red Mask"],"max_hp_gain":0,"max_hp_loss":0,"event_name":"Tomb of Lord Red Mask","floor":48,"gold_loss":313}],"is_beta":false,"boss_relics":[{"not_picked":["Empty Cage","Nuclear Battery"],"picked":"Calling Bell"},{"not_picked":["Pandora\u0027s Box","FrozenCore"],"picked":"Fusion Hammer"}],"items_purged_floors":[20,36],"is_endless":false,"potions_floor_spawned":[1,3,12,16,29,31,33,44,46],"ascension_level":12}