{"gold_per_floor":[114,124,124,140,159,159,159,178,178,253,253,34,59,40,40,166,166,187,187,187,178,198,198,8,8,32,45,16,141,141,154,154,280,280,300,300,58,58,58,58,83,124,198,198,198,229,229,229],"floor_reached":48,"playtime":1267,"items_purged":["Strike_B","Defend_B"],"score":551,"play_id":"3c37690f-b4b4-4cd6-8d03-f22f48a88119","local_time":"20190210232408","is_ascension_mode":false,"campfire_choices":[{"data":"Pain","floor":7.0,"key":"PURGE"},{"data":"Strike_B","floor":15,"key":"PURGE"},{"data":"Defend_B","floor":23,"key":"PURGE"},{"data":"Defend_B","floor":25,"key":"PURGE"},{"data":"Writhe","floor":30,"key":"PURGE"},{"data":"Defend_B","floor":32,"key":"PURGE"},{"data":"BootSequence","floor":40,"key":"PURGE"},{"data":"Injury","floor":44,"key":"PURGE"},{"data":"Defragment","floor":47,"key":"SMITH"}],"neow_cost":"PERCENT_DAMAGE","seed_source_timestamp":21108078470017,"circlet_count":0,"master_deck":["Zap","Dualcast","Cold Snap","Ball Lightning","Hello World","Defragment+1","Self Repair","Cold Snap","Fusion","Leap","Thunder Strike","Capacitor+1","Ghostly","Ghostly","Ghostly","Ghostly","Ghostly","Storm+1","Biased Cognition","Storm","Cold Snap","Ball Lightning","Echo Form","Storm","Defragment","Storm","Defragment","Heatsinks","Ball Lightning","Coolheaded","Leap+1"],"special_seed":0,"relics":["Cracked Core","Peace Pipe","WarpedTongs","The Courier","Golden Idol","Cursed Key","Regal Pillow","Turnip","Shuriken","Inserter","Pantograph","Bottled Flame","Kunai"],"potions_floor_usage":[13,29,33,33,42,46],"damage_taken":[{"damage":2.0,"enemies":"2 Louse","floor":1.0,"turns":2.0},{"damage":0.0,"enemies":"Cultist","floor":2.0,"turns":4.0},{"damage":0.0,"enemies":"Small Slimes","floor":4.0,"turns":3.0},{"damage":2.0,"enemies":"3 Louse","floor":5.0,"turns":4.0},{"damage":0.0,"enemies":"Blue Slaver","floor":8.0,"turns":3.0},{"damage":0,"enemies":"Red Slaver","floor":13,"turns":3},{"damage":22,"enemies":"The Guardian","floor":16,"turns":12},{"damage":1,"enemies":"Chosen","floor":18,"turns":3},{"damage":0,"enemies":"2 Thieves","floor":21,"turns":5},{"damage":0,"enemies":"Sentry and Sphere","floor":22,"turns":8},{"damage":7,"enemies":"Snecko","floor":27,"turns":5},{"damage":0,"enemies":"Colosseum Slavers","floor":29,"turns":3},{"damage":19,"enemies":"Colosseum Nobs","floor":29,"turns":4},{"damage":0,"enemies":"Cultist and Chosen","floor":31,"turns":5},{"damage":14,"enemies":"Collector","floor":33,"turns":6},{"damage":10,"enemies":"3 Darklings","floor":35,"turns":4},{"damage":3,"enemies":"3 Shapes","floor":41,"turns":3},{"damage":5,"enemies":"Nemesis","floor":42,"turns":5},{"damage":11,"enemies":"Reptomancer","floor":46,"turns":4},{"damage":30,"enemies":"Jaw Worm Horde","floor":48,"turns":1}],"seed_played":"3755080638981186306","potions_obtained":[{"floor":2.0,"key":"Ancient Potion"},{"floor":4.0,"key":"Poison Potion"},{"floor":5.0,"key":"Energy Potion"},{"floor":8.0,"key":"Ancient Potion"},{"floor":21,"key":"Swift Potion"},{"floor":22,"key":"Dexterity Potion"},{"floor":29,"key":"Weak Potion"},{"floor":35,"key":"Poison Potion"},{"floor":42,"key":"SkillPotion"}],"is_trial":false,"path_per_floor":["M","M","?","M","M","?","R","M","T","?","?","$","M","$","R","B",null,"M","?","?","M","M","R","$","R","T","M","$","?","R","M","R","B",null,"M","?","$","?","?","R","M","E","T","R","?","E","R","M"],"character_chosen":"DEFECT","items_purchased":["Defragment","Self Repair","Cold Snap","Leap","Biased Cognition","Storm","Defragment","Storm","Defragment","Heatsinks"],"campfire_rested":0,"item_purchase_floors":[12,12,12,14,24,28,37,37,37,37],"current_hp_per_floor":[52,52,52,52,50,50,50,50,50,39,39,39,46,46,46,31,69,69,69,34,34,34,34,34,34,34,34,34,22,22,32,32,25,34,31,31,31,31,31,31,28,30,30,30,30,26,26,0],"gold":229,"neow_bonus":"ONE_RARE_RELIC","is_prod":false,"is_daily":false,"chose_seed":false,"campfire_upgraded":1,"win_rate":0,"timestamp":1549862648,"path_taken":["M","M","?","M","?","?","R","?","T","?","?","$","M","?","R","BOSS","M","?","?","M","M","R","$","R","T","M","$","?","R","M","R","BOSS","M","?","$","?","?","R","?","E","T","R","?","E","R","M"],"build_version":"2019-01-23","purchased_purges":2,"victory":false,"max_hp_per_floor":[75,75,75,75,75,75,75,75,75,75,69,69,69,69,69,69,69,69,69,34,34,34,34,34,34,34,34,34,34,34,34,34,34,34,34,32,32,32,32,32,32,32,32,32,32,32,32,32],"card_choices":[{"not_picked":["Rebound","Double Energy"],"picked":"Cold Snap","floor":1.0},{"not_picked":["Recycle","Scrape","Skim"],"picked":"SKIP","floor":2.0},{"not_picked":["Streamline","Stack"],"picked":"Compile Driver","floor":4.0},{"not_picked":["Force Field","Barrage"],"picked":"Ball Lightning","floor":5.0},{"not_picked":["BootSequence","Stack"],"picked":"Hello World","floor":8.0},{"not_picked":["Stack","Reprogram"],"picked":"Fusion","floor":13},{"not_picked":["Meteor Strike","Hyperbeam"],"picked":"Thunder Strike","floor":16},{"not_picked":["Static Discharge","Steam"],"picked":"Capacitor+1","floor":18},{"not_picked":["Aggregate+1","Force Field+1"],"picked":"BootSequence","floor":21},{"not_picked":["Steam Power+1","Loop"],"picked":"Storm+1","floor":22},{"not_picked":["Barrage","Genetic Algorithm","Chill"],"picked":"SKIP","floor":27},{"not_picked":["Gash","Streamline"],"picked":"Cold Snap","floor":29},{"not_picked":["Redo","Beam Cell"],"picked":"Ball Lightning","floor":31},{"not_picked":["Fission","All For One"],"picked":"Echo Form","floor":33},{"not_picked":["Sweeping Beam","Stack"],"picked":"Storm","floor":35},{"not_picked":["Turbo","Stack","Go for the Eyes"],"picked":"SKIP","floor":41},{"not_picked":["Stack+1","Double Energy"],"picked":"Ball Lightning","floor":42},{"not_picked":["Blizzard+1","Steam"],"picked":"Leap+1","floor":46}],"player_experience":782337,"relics_obtained":[{"floor":9.0,"key":"The Courier"},{"floor":26,"key":"Regal Pillow"},{"floor":29,"key":"Turnip"},{"floor":29,"key":"Shuriken"},{"floor":42,"key":"Pantograph"},{"floor":43,"key":"Bottled Flame"},{"floor":46,"key":"Kunai"}],"event_choices":[{"cards_removed":["Strike_B"],"damage_healed":0.0,"max_hp_gain":0.0,"max_hp_loss":0.0,"gold_gain":0.0,"event_name":"Purifier","player_choice":"Purged","floor":3.0,"gold_loss":0.0,"damage_taken":0.0},{"damage_healed":0.0,"max_hp_gain":0.0,"max_hp_loss":0.0,"gold_gain":0.0,"event_name":"Accursed Blacksmith","player_choice":"Rummage","floor":6.0,"gold_loss":0.0,"damage_taken":0.0,"relics_obtained":["WarpedTongs"],"cards_obtained":["Pain"]},{"damage_healed":0.0,"max_hp_gain":0.0,"max_hp_loss":0.0,"gold_gain":75.0,"event_name":"World of Goop","player_choice":"Gather Gold","floor":10.0,"gold_loss":0.0,"damage_taken":11.0},{"damage_healed":0.0,"max_hp_gain":0.0,"max_hp_loss":6.0,"gold_gain":0.0,"event_name":"Golden Idol","player_choice":"Lose Max HP","floor":11.0,"gold_loss":0.0,"damage_taken":0.0,"relics_obtained":["Golden Idol"]},{"cards_removed":["Strike_B"],"damage_healed":0,"gold_gain":0,"player_choice":"Elegance","damage_taken":0,"max_hp_gain":0,"max_hp_loss":0,"event_name":"Back to Basics","floor":19,"gold_loss":0},{"damage_healed":0,"gold_gain":0,"player_choice":"Became a Ghost","damage_taken":0,"max_hp_gain":0,"max_hp_loss":35,"event_name":"Ghosts","floor":20,"gold_loss":0,"cards_obtained":["Ghostly","Ghostly","Ghostly","Ghostly","Ghostly"]},{"damage_healed":0,"gold_gain":0,"player_choice":"Fight","damage_taken":0,"max_hp_gain":0,"max_hp_loss":0,"event_name":"Colosseum","floor":29,"gold_loss":0},{"damage_healed":0,"gold_gain":0,"player_choice":"Fought Nobs","damage_taken":0,"max_hp_gain":0,"max_hp_loss":0,"event_name":"Colosseum","floor":29,"gold_loss":0},{"damage_healed":0,"gold_gain":0,"player_choice":"Max HP","damage_taken":0,"max_hp_gain":0,"max_hp_loss":2,"event_name":"Winding Halls","floor":36,"gold_loss":0},{"cards_removed":["Compile Driver"],"damage_healed":0,"gold_gain":0,"player_choice":"Removed Attack","damage_taken":0,"max_hp_gain":0,"max_hp_loss":0,"event_name":"Falling","floor":38,"gold_loss":0},{"damage_healed":0,"gold_gain":0,"player_choice":"Ignored","damage_taken":0,"max_hp_gain":0,"max_hp_loss":0,"event_name":"Tomb of Lord Red Mask","floor":39,"gold_loss":0},{"damage_healed":0,"gold_gain":0,"player_choice":"1 cards matched","damage_taken":0,"max_hp_gain":0,"max_hp_loss":0,"event_name":"Match and Keep!","floor":45,"gold_loss":0,"cards_obtained":["Coolheaded"]}],"is_beta":false,"boss_relics":[{"not_picked":["Runic Dome","Lizard Tail"],"picked":"Cursed Key"},{"not_picked":["Velvet Choker","Runic Pyramid"],"picked":"Inserter"}],"items_purged_floors":[12,24],"is_endless":false,"potions_floor_spawned":[2,4,5,8,21,22,29,35,42],"killed_by":"Jaw Worm Horde","ascension_level":0}