{"gold_per_floor":[118,118,73,73,0,26,26,57,80,80,100,119,136,148,148,244,244,217,227,243,243,256,256,285,297,297,35,47,47],"floor_reached":29,"playtime":2123,"items_purged":[],"score":283,"play_id":"1f7e8e63-46b8-47e5-b903-a218eae4661c","local_time":"20190210171057","is_ascension_mode":true,"campfire_choices":[{"data":"Zap","floor":7,"key":"SMITH"},{"floor":10,"key":"REST"},{"data":"Echo Form","floor":15,"key":"SMITH"},{"floor":23,"key":"REST"}],"neow_cost":"NONE","seed_source_timestamp":23930679745989,"circlet_count":0,"master_deck":["Strike_B","Strike_B","Strike_B","Strike_B","Defend_B","Defend_B","Defend_B+1","Defend_B","Zap+1","Dualcast+1","Redo","Coolheaded","BootSequence","Cold Snap","Glacier","Capacitor","Echo Form+1","Conserve Battery","Electrodynamics","Go for the Eyes","Consume","Rainbow+1","Reboot","Redo","Cold Snap","Loop","Auto Shields","Self Repair"],"relics":["Cracked Core","Oddly Smooth Stone","Bronze Scales","Ancient Tea Set","Pantograph","Dream Catcher","Nuclear Battery","Symbiotic Virus","War Paint","Blood Vial"],"potions_floor_usage":[8,16,24,24,28],"damage_taken":[{"damage":0,"enemies":"Cultist","floor":1,"turns":3},{"damage":35,"enemies":"Gremlin Nob","floor":6,"turns":5},{"damage":12,"enemies":"3 Sentries","floor":8,"turns":5},{"damage":0,"enemies":"Jaw Worm","floor":11,"turns":3},{"damage":0,"enemies":"Small Slimes","floor":12,"turns":3},{"damage":1,"enemies":"Red Slaver","floor":13,"turns":3},{"damage":2,"enemies":"Large Slime","floor":14,"turns":7},{"damage":43,"enemies":"Hexaghost","floor":16,"turns":12},{"damage":27,"enemies":"2 Thieves","floor":18,"turns":5},{"damage":0,"enemies":"Chosen","floor":19,"turns":5},{"damage":16,"enemies":"Snake Plant","floor":20,"turns":5},{"damage":13,"enemies":"Centurion and Healer","floor":22,"turns":6},{"damage":14,"enemies":"Slavers","floor":24,"turns":5},{"damage":23,"enemies":"Shelled Parasite and Fungi","floor":25,"turns":8},{"damage":0,"enemies":"Cultist and Chosen","floor":28,"turns":5},{"damage":13,"enemies":"Gremlin Leader","floor":29,"turns":2}],"seed_played":"-241661669107244069","potions_obtained":[{"floor":1,"key":"Fire Potion"},{"floor":6,"key":"AttackPotion"},{"floor":8,"key":"Poison Potion"},{"floor":11,"key":"Energy Potion"},{"floor":20,"key":"Ancient Potion"},{"floor":22,"key":"SkillPotion"},{"floor":24,"key":"Poison Potion"}],"is_trial":false,"path_per_floor":["M","?","$","?","$","E","R","E","T","R","M","M","M","M","R","B",null,"M","M","M","?","M","R","E","M","T","$","M","E"],"character_chosen":"DEFECT","items_purchased":["Coolheaded","BootSequence","Blood Vial","Loop","Auto Shields"],"campfire_rested":2,"item_purchase_floors":[3,5,27,27,27],"current_hp_per_floor":[75,75,75,75,75,40,40,28,28,50,50,50,49,47,47,29,75,48,48,32,32,19,41,27,4,4,4,6,0],"gold":47,"neow_bonus":"RANDOM_COMMON_RELIC","is_prod":false,"is_daily":false,"chose_seed":false,"campfire_upgraded":2,"win_rate":0,"timestamp":1549847457,"path_taken":["M","?","$","?","$","E","R","E","T","R","M","?","?","M","R","BOSS","M","M","M","?","?","R","E","M","T","?","?","E"],"build_version":"2019-01-23","purchased_purges":0,"victory":false,"max_hp_per_floor":[75,75,75,75,75,75,75,75,75,75,75,75,75,75,75,75,75,75,75,75,75,75,75,75,75,75,75,75,75],"card_choices":[{"not_picked":["Melter","Chaos"],"picked":"Redo","floor":1},{"not_picked":["Conserve Battery","Melter"],"picked":"Cold Snap","floor":6},{"not_picked":["Sweeping Beam","Beam Cell","Double Energy"],"picked":"SKIP","floor":8},{"not_picked":["Redo","Static Discharge"],"picked":"Glacier","floor":10},{"not_picked":["Coolheaded","Blizzard"],"picked":"Capacitor","floor":11},{"not_picked":["Conserve Battery","Go for the Eyes"],"picked":"Echo Form","floor":12},{"not_picked":["Go for the Eyes","Chill"],"picked":"Conserve Battery","floor":13},{"not_picked":["Recycle","Turbo","Barrage"],"picked":"SKIP","floor":14},{"not_picked":["Thunder Strike","All For One"],"picked":"Electrodynamics","floor":16},{"not_picked":["Sweeping Beam+1","Recycle"],"picked":"Go for the Eyes","floor":18},{"not_picked":["Sweeping Beam+1","Beam Cell"],"picked":"Consume","floor":19},{"not_picked":["Steam","Reprogram","Lockon"],"picked":"SKIP","floor":20},{"not_picked":["Gash","Turbo"],"picked":"Rainbow","floor":22},{"not_picked":["Go for the Eyes","Conserve Battery"],"picked":"Reboot","floor":23},{"not_picked":["Steam","Aggregate"],"picked":"Redo","floor":24},{"not_picked":["Force Field","Scrape"],"picked":"Cold Snap","floor":25},{"not_picked":["Steam","Sweeping Beam"],"picked":"Self Repair","floor":28}],"player_experience":331951,"relics_obtained":[{"floor":6,"key":"Ancient Tea Set"},{"floor":8,"key":"Pantograph"},{"floor":9,"key":"Dream Catcher"},{"floor":24,"key":"Symbiotic Virus"},{"floor":26,"key":"War Paint"}],"event_choices":[{"damage_healed":0,"gold_gain":0,"player_choice":"Ignored","damage_taken":0,"max_hp_gain":0,"max_hp_loss":0,"event_name":"Shining Light","floor":2,"gold_loss":0},{"damage_healed":0,"gold_gain":0,"player_choice":"Gave Potion","damage_taken":0,"relics_obtained":["Bronze Scales"],"max_hp_gain":0,"max_hp_loss":0,"event_name":"WeMeetAgain","floor":4,"gold_loss":0},{"damage_healed":0,"gold_gain":0,"player_choice":"Upgraded","damage_taken":0,"max_hp_gain":0,"max_hp_loss":0,"event_name":"Upgrade Shrine","floor":21,"gold_loss":0,"cards_upgraded":["Dualcast"]}],"is_beta":false,"boss_relics":[{"not_picked":["Lizard Tail","Astrolabe"],"picked":"Nuclear Battery"}],"items_purged_floors":[],"is_endless":false,"potions_floor_spawned":[1,6,8,11,20,22,24],"killed_by":"Gremlin Leader","ascension_level":2}