{"gold_per_floor":[19,19,33,33,52,82,82,82,82,82,107,107,121,121,121,198,198,211,136,136,148,176,188,214,226,287,316,328],"floor_reached":28,"playtime":963,"items_purged":[],"score":453,"play_id":"06940c83-320c-4dce-a8cc-4574a1f8f29c","local_time":"20190121191131","is_ascension_mode":true,"campfire_choices":[{"floor":7,"key":"DIG"},{"floor":10,"key":"REST"},{"floor":15,"key":"REST"},{"floor":23,"key":"DIG"},{"floor":25,"key":"DIG"}],"neow_cost":"NO_GOLD","seed_source_timestamp":125002645971232,"circlet_count":0,"master_deck":["AscendersBane","Strike_B","Strike_B","Strike_B","Defend_B","Defend_B","Defend_B","Defend_B","Zap","Dualcast","Storm","Streamline","Go for the Eyes","Coolheaded","BootSequence","Conserve Battery","Creative AI","White Noise","Sweeping Beam","Machine Learning"],"relics":["Cracked Core","Shovel","Pear","Ancient Tea Set","Letter Opener","Symbiotic Virus","Sozu","MawBank","Spirit Poop","Ice Cream","Strawberry","Bronze Scales"],"potions_floor_usage":[3,6,6,16],"damage_taken":[{"damage":9,"enemies":"Jaw Worm","floor":1,"turns":3},{"damage":1,"enemies":"Cultist","floor":3,"turns":3},{"damage":3,"enemies":"Small Slimes","floor":5,"turns":2},{"damage":60,"enemies":"3 Sentries","floor":6,"turns":10},{"damage":31,"enemies":"Lagavulin","floor":11,"turns":6},{"damage":11,"enemies":"Looter","floor":13,"turns":3},{"damage":14,"enemies":"The Guardian","floor":16,"turns":9},{"damage":15,"enemies":"Shell Parasite","floor":18,"turns":5},{"damage":17,"enemies":"Spheric Guardian","floor":22,"turns":5},{"damage":0,"enemies":"Centurion and Healer","floor":24,"turns":3},{"damage":36,"enemies":"Cultist and Chosen","floor":27,"turns":6},{"damage":21,"enemies":"Chosen and Byrds","floor":28,"turns":5}],"seed_played":"-8181991373769666264","potions_obtained":[{"floor":2,"key":"Regen Potion"},{"floor":2,"key":"Fruit Juice"},{"floor":5,"key":"FearPotion"},{"floor":13,"key":"FearPotion"},{"floor":16,"key":"Dexterity Potion"}],"is_trial":false,"path_per_floor":["M","?","M","$","M","E","R","?","T","R","E","?","M","?","R","B",null,"M","?","?","?","M","R","M","R","T","M","M"],"character_chosen":"DEFECT","items_purchased":[],"campfire_rested":2,"item_purchase_floors":[],"current_hp_per_floor":[55,55,59,59,56,21,21,21,21,46,15,43,32,32,57,43,75,60,60,60,60,43,43,43,50,50,14,0],"gold":328,"neow_bonus":"ONE_RARE_RELIC","is_prod":false,"is_daily":false,"chose_seed":false,"campfire_upgraded":0,"win_rate":0,"timestamp":1548115891,"path_taken":["M","?","M","$","?","E","R","?","T","R","E","?","M","?","R","BOSS","M","?","?","?","M","R","M","R","T","?","M"],"build_version":"2019-01-17v2","purchased_purges":0,"victory":false,"max_hp_per_floor":[71,71,76,76,76,86,86,86,86,86,86,86,86,86,86,86,86,86,86,86,86,86,86,86,93,93,93,93],"card_choices":[{"not_picked":["Conserve Battery","Rebound"],"picked":"Storm","floor":1},{"not_picked":["Beam Cell","Redo"],"picked":"Streamline","floor":3},{"not_picked":["Auto Shields","Barrage"],"picked":"Go for the Eyes","floor":5},{"not_picked":["Hologram","Lockon"],"picked":"Coolheaded","floor":6},{"not_picked":["Reboot","Sunder"],"picked":"BootSequence","floor":11},{"not_picked":["Sweeping Beam","Turbo"],"picked":"Conserve Battery","floor":13},{"not_picked":["Core Surge","Biased Cognition"],"picked":"Creative AI","floor":16},{"not_picked":["Cold Snap","Turbo","Barrage"],"picked":"SKIP","floor":18},{"not_picked":["Go for the Eyes","Genetic Algorithm"],"picked":"White Noise","floor":22},{"not_picked":["Gash","Double Energy+1"],"picked":"Sweeping Beam","floor":24},{"not_picked":["Streamline","Barrage"],"picked":"Machine Learning","floor":27}],"player_experience":2192467,"relics_obtained":[{"floor":6,"key":"Pear"},{"floor":7,"key":"Ancient Tea Set"},{"floor":9,"key":"Letter Opener"},{"floor":11,"key":"Symbiotic Virus"},{"floor":23,"key":"Ice Cream"},{"floor":25,"key":"Strawberry"},{"floor":26,"key":"Bronze Scales"}],"event_choices":[{"damage_healed":0,"gold_gain":0,"player_choice":"Got Potions","damage_taken":0,"max_hp_gain":0,"max_hp_loss":0,"event_name":"Lab","floor":2,"gold_loss":0},{"damage_healed":0,"gold_gain":0,"player_choice":"Ignored","damage_taken":0,"max_hp_gain":0,"max_hp_loss":0,"event_name":"Shining Light","floor":8,"gold_loss":0},{"damage_healed":28,"gold_gain":0,"player_choice":"Banana","damage_taken":0,"max_hp_gain":0,"max_hp_loss":0,"event_name":"Big Fish","floor":12,"gold_loss":0},{"damage_healed":0,"gold_gain":0,"player_choice":"0 cards matched","damage_taken":0,"max_hp_gain":0,"max_hp_loss":0,"event_name":"Match and Keep!","floor":14,"gold_loss":0,"cards_obtained":[]},{"cards_removed":["Strike_B"],"damage_healed":0,"gold_gain":0,"player_choice":"Gave Gold","damage_taken":0,"max_hp_gain":0,"max_hp_loss":0,"event_name":"Beggar","floor":19,"gold_loss":75},{"damage_healed":0,"gold_gain":0,"player_choice":"Opened","damage_taken":0,"relics_obtained":["MawBank"],"max_hp_gain":0,"max_hp_loss":0,"event_name":"The Mausoleum","floor":20,"gold_loss":0,"cards_obtained":["Writhe"]},{"cards_removed":["Writhe"],"damage_healed":0,"gold_gain":0,"player_choice":"Offered Curse","damage_taken":0,"relics_obtained":["Spirit Poop"],"max_hp_gain":0,"max_hp_loss":0,"event_name":"Bonfire Elementals","floor":21,"gold_loss":0}],"is_beta":false,"boss_relics":[{"not_picked":["Tiny House","Ectoplasm"],"picked":"Sozu"}],"items_purged_floors":[],"is_endless":false,"potions_floor_spawned":[5,13,16,27],"killed_by":"Chosen and Byrds","ascension_level":18}