{"gold_per_floor":[109,109,31,41,41,71,71,89,89,103,117,117,117,176,176,176],"floor_reached":16,"playtime":485,"items_purged":[],"score":243,"play_id":"b4c681aa-b919-458b-a39c-1c57a3beb297","local_time":"20181214074342","is_ascension_mode":true,"campfire_choices":[{"data":"Zap","floor":7,"key":"SMITH"},{"floor":12,"key":"REST"},{"floor":15,"key":"REST"}],"neow_cost":"NONE","seed_source_timestamp":130036703270583,"circlet_count":0,"master_deck":["AscendersBane","Strike_B","Strike_B","Strike_B","Defend_B","Defend_B","Defend_B","Defend_B","Zap+1","Dualcast","Gash","FTL","Conserve Battery","Rip and Tear","Beam Cell","Genetic Algorithm","Go for the Eyes","Gash"],"relics":["Cracked Core","NeowsBlessing","Turnip","Singing Bowl","Tiny Chest"],"potions_floor_usage":[14,16,16],"damage_taken":[{"damage":0,"enemies":"Small Slimes","floor":1,"turns":1},{"damage":0,"enemies":"Cultist","floor":4,"turns":1},{"damage":0,"enemies":"Gremlin Nob","floor":6,"turns":1},{"damage":0,"enemies":"2 Louse","floor":8,"turns":1},{"damage":12,"enemies":"Exordium Thugs","floor":10,"turns":4},{"damage":13,"enemies":"Blue Slaver","floor":11,"turns":2},{"damage":28,"enemies":"3 Sentries","floor":14,"turns":10},{"damage":37,"enemies":"The Guardian","floor":16,"turns":8}],"seed_played":"-2891595031935045746","potions_obtained":[{"floor":4,"key":"Block Potion"},{"floor":5,"key":"Weak Potion"},{"floor":14,"key":"AttackPotion"}],"is_trial":false,"path_per_floor":["M","?","$","M","?","E","R","M","T","M","M","R","?","E","R","B"],"character_chosen":"DEFECT","items_purchased":["FTL"],"campfire_rested":2,"item_purchase_floors":[3],"current_hp_per_floor":[64,54,54,54,54,54,54,54,54,42,29,50,43,15,36,0],"gold":176,"neow_bonus":"THREE_ENEMY_KILL","is_prod":false,"is_daily":false,"chose_seed":false,"campfire_upgraded":1,"win_rate":0,"timestamp":1544791422,"path_taken":["M","?","?","M","?","E","R","M","T","?","M","R","?","E","R","BOSS"],"build_version":"2018-12-13","purchased_purges":0,"victory":false,"max_hp_per_floor":[71,71,71,71,71,71,71,71,71,71,71,71,71,71,71,71],"card_choices":[{"not_picked":["Stack","Genetic Algorithm"],"picked":"Gash","floor":1},{"not_picked":["Coolheaded","Self Repair"],"picked":"Conserve Battery","floor":4},{"not_picked":["Barrage","Capacitor"],"picked":"Rip and Tear","floor":6},{"not_picked":["Cold Snap","Reprogram"],"picked":"Beam Cell","floor":8},{"not_picked":["Storm","Sunder"],"picked":"Genetic Algorithm","floor":10},{"not_picked":["Steam","Beam Cell"],"picked":"Go for the Eyes","floor":11},{"not_picked":["Rebound","Coolheaded"],"picked":"Gash","floor":14}],"player_experience":1903891,"relics_obtained":[{"floor":6,"key":"Turnip"},{"floor":9,"key":"Singing Bowl"},{"floor":14,"key":"Tiny Chest"}],"event_choices":[{"damage_healed":0,"gold_gain":0,"player_choice":"Damaged","damage_taken":10,"max_hp_gain":0,"max_hp_loss":0,"event_name":"Wheel of Change","floor":2,"gold_loss":0},{"damage_healed":0,"gold_gain":0,"player_choice":"Got Potions","damage_taken":0,"max_hp_gain":0,"max_hp_loss":0,"event_name":"Lab","floor":5,"gold_loss":0},{"cards_removed":["Strike_B"],"damage_healed":0,"gold_gain":0,"player_choice":"Card Removal","damage_taken":7,"max_hp_gain":0,"max_hp_loss":0,"event_name":"Golden Wing","floor":13,"gold_loss":0}],"is_beta":false,"boss_relics":[],"items_purged_floors":[],"is_endless":false,"potions_floor_spawned":[4,6,14],"killed_by":"The Guardian","ascension_level":16}