{"gold_per_floor":[114,19,19,19,31,31,61,61,84,96,123,149,161,190,202,289,301,328,340,451,463,74,74,94,13,13,13,27,46,46,58,58,136,136,149,149],"floor_reached":36,"playtime":2049,"items_purged":["Decay"],"score":598,"play_id":"82fc2d96-c7ed-44f8-9320-cbb439b7458b","local_time":"20180808182627","is_ascension_mode":true,"campfire_choices":[{"data":"Zap","floor":6,"key":"SMITH"},{"data":"Conserve Battery","floor":8,"key":"SMITH"},{"data":"Ball Lightning","floor":10,"key":"SMITH"},{"floor":15,"key":"REST"},{"floor":23,"key":"REST"},{"floor":27,"key":"REST"},{"floor":32,"key":"REST"}],"neow_cost":"NONE","seed_source_timestamp":103061779747996,"circlet_count":0,"master_deck":["Strike_B","Strike_B","Strike_B","Defend_B","Defend_B","Defend_B","Defend_B","Zap+1","Dualcast","AscendersBane","Conserve Battery+1","Ball Lightning+1","Capacitor","Darkness+1","Redo+1","Chill+1","Buffer","Fusion+1","Core Surge","Parasite","Writhe","Hologram+1","Loop","Sunder","Glacier+1","Chill+1","Chill+1","Go for the Eyes","Seek+1","BootSequence+1"],"relics":["Lizard Tail","Toxic Egg 2","MawBank","Calling Bell","Blood Vial","Letter Opener","Mango","Mercury Hourglass","Gremlin Horn","Inserter"],"potions_floor_usage":[16,33,36],"damage_taken":[{"damage":10,"enemies":"2 Louse","floor":1,"turns":3},{"damage":3,"enemies":"Small Slimes","floor":5,"turns":4},{"damage":5,"enemies":"Cultist","floor":11,"turns":5},{"damage":0,"enemies":"Large Slime","floor":12,"turns":3},{"damage":3,"enemies":"3 Louse","floor":14,"turns":5},{"damage":28,"enemies":"Slime Boss","floor":16,"turns":8},{"damage":53,"enemies":"Spheric Guardian","floor":18,"turns":8},{"damage":9,"enemies":"Chosen","floor":24,"turns":6},{"damage":11,"enemies":"3 Cultists","floor":28,"turns":5},{"damage":35,"enemies":"Snake Plant","floor":29,"turns":5},{"damage":0,"enemies":"Centurion and Healer","floor":31,"turns":7},{"damage":81,"enemies":"Automaton","floor":33,"turns":13},{"damage":69,"enemies":"3 Darklings","floor":35,"turns":7},{"damage":10,"enemies":"Flame Bruiser 1 Orb","floor":36,"turns":4}],"seed_played":"-744217648139928064","potions_obtained":[{"floor":11,"key":"Regen Potion"},{"floor":14,"key":"SteroidPotion"},{"floor":16,"key":"FocusPotion"},{"floor":24,"key":"Ancient Potion"},{"floor":35,"key":"Poison Potion"}],"is_trial":false,"path_per_floor":["M","$","?","?","M","R","?","R","T","R","M","M","?","M","R","B",null,"M","?","?","?","$","R","M","$","T","R","M","M","$","M","R","B",null,"M"],"character_chosen":"DEFECT","items_purchased":["Ball Lightning","Capacitor","Loop","Mercury Hourglass","Glacier+1"],"campfire_rested":4,"item_purchase_floors":[2,2,22,22,25],"current_hp_per_floor":[54,54,47,47,44,44,44,44,44,44,39,39,39,36,57,44,78,27,27,27,27,27,52,45,45,45,70,61,28,28,30,55,42,74,7,0],"gold":149,"neow_bonus":"BOSS_RELIC","is_prod":false,"is_daily":false,"chose_seed":false,"campfire_upgraded":3,"win_rate":0,"timestamp":1533767187,"path_taken":["M","$","?","?","M","R","?","R","T","R","M","M","?","?","R","BOSS","M","?","?","?","?","R","M","$","T","R","M","M","$","?","R","BOSS","M","?"],"build_version":"2018-08-02","purchased_purges":1,"victory":false,"max_hp_per_floor":[71,71,71,71,71,71,71,71,71,71,71,71,71,71,71,71,85,85,85,85,85,85,85,85,85,85,85,85,85,85,85,85,85,85,85,85],"card_choices":[{"not_picked":["Recycle","Rebound"],"picked":"Conserve Battery","floor":1},{"not_picked":["Rebound","Steam+1"],"picked":"Darkness+1","floor":5},{"not_picked":["Blizzard","Cold Snap"],"picked":"Redo+1","floor":11},{"not_picked":["Rebound","Compile Driver"],"picked":"Chill+1","floor":12},{"not_picked":["Ball Lightning","Steam+1"],"picked":"Fusion+1","floor":14},{"not_picked":["Thunder Strike","Meteor Strike"],"picked":"Core Surge","floor":16},{"not_picked":["Reprogram+1","Heatsinks"],"picked":"Hologram+1","floor":18},{"not_picked":["Sweeping Beam","Aggregate+1"],"picked":"Sunder","floor":24},{"not_picked":["Steam+1","Reinforced Body+1"],"picked":"Chill+1","floor":28},{"not_picked":["Streamline","Beam Cell"],"picked":"Chill+1","floor":29},{"not_picked":["Streamline","Sweeping Beam"],"picked":"Go for the Eyes","floor":31},{"not_picked":["Rainbow+1","Multi-Cast+1"],"picked":"Seek+1","floor":33},{"not_picked":["Streamline","Compile Driver+1"],"picked":"BootSequence+1","floor":35}],"player_experience":1463055,"relics_obtained":[{"floor":9,"key":"MawBank"},{"floor":17,"key":"Blood Vial"},{"floor":17,"key":"Letter Opener"},{"floor":17,"key":"Mango"},{"floor":26,"key":"Gremlin Horn"}],"event_choices":[{"event_name":"Scrap Ooze","player_choice":"success","floor":3,"damage_taken":7},{"event_name":"Wheel of Change","player_choice":"Curse","floor":4,"damage_taken":0},{"event_name":"Dead Adventurer","player_choice":"Searched \u00271\u0027 times","floor":7,"damage_taken":0},{"event_name":"Transmorgrifier","player_choice":"Transform","floor":13,"damage_taken":0},{"event_name":"Ghosts","player_choice":"Ignored","floor":19,"damage_taken":0},{"event_name":"Nest","player_choice":"Stole From Cult","floor":20,"damage_taken":0},{"event_name":"Back to Basics","player_choice":"Elegance","floor":21,"damage_taken":0}],"is_beta":false,"boss_relics":[{"not_picked":["Ectoplasm","Coffee Dripper"],"picked":"Calling Bell"},{"not_picked":["Orrery","Velvet Choker"],"picked":"Inserter"}],"items_purged_floors":[22],"is_endless":false,"potions_floor_spawned":[11,14,16,24,29,35],"killed_by":"Flame Bruiser 1 Orb","ascension_level":14}