{"gold_per_floor":[211,30,47,61,80,109,121,166,178,218,243,269,281,308,320,436,448,470,496,508,534,556,568,580,592,652,679,91,91,110,110,110,110],"floor_reached":33,"playtime":1794,"items_purged":["Writhe"],"score":328,"play_id":"4344bf7f-da23-4cd6-8954-0ea7a320a369","local_time":"20181102010836","is_ascension_mode":true,"campfire_choices":[{"floor":7,"key":"REST"},{"floor":15,"key":"REST"},{"data":"Limit Break","floor":23,"key":"SMITH"},{"floor":32,"key":"REST"}],"neow_cost":"NONE","seed_source_timestamp":1071400540911309,"circlet_count":0,"master_deck":["Strike_R","Strike_R","Strike_R","Strike_R","Defend_R","Defend_R+1","Defend_R","Defend_R","Bash","Clothesline","Feed","Warcry","Metallicize","Disarm","Pommel Strike","Iron Wave","Double Tap","Spot Weakness","Thunderclap","Spot Weakness","Immolate","Limit Break+1","J.A.X.+1","Rupture"],"relics":["Burning Blood","MawBank","Incense Burner","Mercury Hourglass","Busted Crown","Dream Catcher","The Courier","Bag of Preparation","Sundial","MealTicket","War Paint"],"potions_floor_usage":[4,6,16,21,21,29,33],"damage_taken":[{"damage":0,"enemies":"2 Louse","floor":1,"turns":3},{"damage":0,"enemies":"Cultist","floor":3,"turns":3},{"damage":12,"enemies":"Jaw Worm","floor":4,"turns":5},{"damage":18,"enemies":"3 Louse","floor":5,"turns":6},{"damage":26,"enemies":"Lagavulin","floor":6,"turns":8},{"damage":23,"enemies":"Gremlin Nob","floor":8,"turns":5},{"damage":43,"enemies":"3 Sentries","floor":10,"turns":10},{"damage":0,"enemies":"Blue Slaver","floor":11,"turns":3},{"damage":6,"enemies":"2 Fungi Beasts","floor":12,"turns":3},{"damage":16,"enemies":"Exordium Wildlife","floor":14,"turns":4},{"damage":9,"enemies":"Slime Boss","floor":16,"turns":9},{"damage":3,"enemies":"Shell Parasite","floor":18,"turns":5},{"damage":1,"enemies":"Spheric Guardian","floor":19,"turns":3},{"damage":3,"enemies":"Snecko","floor":21,"turns":3},{"damage":13,"enemies":"Cultist and Chosen","floor":22,"turns":4},{"damage":20,"enemies":"Shelled Parasite and Fungi","floor":27,"turns":4},{"damage":3,"enemies":"Snake Plant","floor":29,"turns":1},{"damage":26,"enemies":"3 Cultists","floor":30,"turns":4},{"damage":5,"enemies":"Colosseum Slavers","floor":31,"turns":3},{"damage":84,"enemies":"Collector","floor":33,"turns":8}],"seed_played":"-2473704123267973998","potions_obtained":[{"floor":1,"key":"SteroidPotion"},{"floor":4,"key":"EssenceOfSteel"},{"floor":11,"key":"GamblersBrew"},{"floor":14,"key":"Fire Potion"},{"floor":16,"key":"Swift Potion"},{"floor":18,"key":"Energy Potion"},{"floor":22,"key":"SmokeBomb"}],"is_trial":false,"path_per_floor":["M","$","M","M","M","E","R","E","T","E","M","M","?","M","R","B",null,"M","M","?","M","M","R","?","T","T","M","$","M","M","?","R","B"],"character_chosen":"IRONCLAD","items_purchased":["Feed","Warcry","Sundial","Rupture","MealTicket","War Paint"],"campfire_rested":3,"item_purchase_floors":[2,2,28,28,28,28],"current_hp_per_floor":[80,80,80,74,65,45,69,52,52,15,21,21,21,11,35,35,86,86,86,86,86,79,79,79,79,79,65,65,68,51,52,78,0],"gold":110,"neow_bonus":"HUNDRED_GOLD","is_prod":false,"is_daily":false,"chose_seed":false,"campfire_upgraded":1,"win_rate":0,"timestamp":1541138916,"path_taken":["M","$","M","M","M","E","R","E","T","E","M","M","?","?","R","BOSS","M","?","?","M","M","R","?","?","T","M","$","M","M","?","R","BOSS"],"build_version":"2018-11-01v2","purchased_purges":1,"victory":false,"max_hp_per_floor":[80,80,80,80,83,83,83,83,83,83,83,83,83,83,83,86,86,86,86,86,86,86,86,86,86,86,86,86,86,89,89,89,89],"card_choices":[{"not_picked":["Feel No Pain","Dual Wield"],"picked":"Clothesline","floor":1},{"not_picked":["Shrug It Off","Cleave"],"picked":"Metallicize","floor":3},{"not_picked":["Dropkick","Metallicize"],"picked":"Disarm","floor":4},{"not_picked":["Perfected Strike","Anger"],"picked":"Pommel Strike","floor":5},{"not_picked":["Impervious","True Grit"],"picked":"Iron Wave","floor":6},{"not_picked":["Body Slam","Armaments"],"picked":"Double Tap","floor":8},{"not_picked":["Cleave","Entrench"],"picked":"Spot Weakness","floor":10},{"not_picked":["Armaments","Sentinel"],"picked":"Thunderclap","floor":11},{"not_picked":["True Grit","Clash","Heavy Blade"],"picked":"SKIP","floor":12},{"not_picked":["Rampage","Blood for Blood"],"picked":"Immolate","floor":14},{"not_picked":["Exhume","Impervious"],"picked":"Limit Break","floor":16},{"not_picked":["Sword Boomerang"],"picked":"SKIP","floor":18},{"not_picked":["Iron Wave"],"picked":"SKIP","floor":19},{"not_picked":["Second Wind"],"picked":"SKIP","floor":21},{"not_picked":["Pommel Strike"],"picked":"SKIP","floor":22},{"not_picked":["Pommel Strike"],"picked":"SKIP","floor":27},{"not_picked":["Perfected Strike"],"picked":"SKIP","floor":30}],"player_experience":506806,"relics_obtained":[{"floor":6,"key":"MawBank"},{"floor":8,"key":"Incense Burner"},{"floor":10,"key":"Mercury Hourglass"},{"floor":25,"key":"The Courier"},{"floor":26,"key":"Bag of Preparation"}],"event_choices":[{"damage_healed":0,"gold_gain":0,"cards_transformed":["Strike_R"],"player_choice":"Transformed","damage_taken":0,"max_hp_gain":0,"max_hp_loss":0,"event_name":"Transmorgrifier","floor":13,"gold_loss":0,"cards_obtained":["Spot Weakness"]},{"damage_healed":0,"gold_gain":0,"player_choice":"Obtain J.A.X.","damage_taken":0,"max_hp_gain":0,"max_hp_loss":0,"event_name":"Drug Dealer","floor":20,"gold_loss":0,"cards_obtained":["J.A.X."]},{"damage_healed":0,"gold_gain":0,"player_choice":"Opened","damage_taken":0,"relics_obtained":["Dream Catcher"],"max_hp_gain":0,"max_hp_loss":0,"event_name":"The Mausoleum","floor":24,"gold_loss":0,"cards_obtained":["Writhe"]},{"damage_healed":0,"gold_gain":0,"player_choice":"Fight","damage_taken":0,"max_hp_gain":0,"max_hp_loss":0,"event_name":"Colosseum","floor":31,"gold_loss":0},{"damage_healed":0,"gold_gain":0,"player_choice":"Fled From Nobs","damage_taken":0,"max_hp_gain":0,"max_hp_loss":0,"event_name":"Colosseum","floor":31,"gold_loss":0}],"is_beta":true,"boss_relics":[{"not_picked":["Pandora\u0027s Box","Coffee Dripper"],"picked":"Busted Crown"}],"items_purged_floors":[28],"is_endless":false,"potions_floor_spawned":[1,4,11,14,16,18,22,29],"killed_by":"Collector","ascension_level":4}