{"gold_per_floor":[99,99,99,99,99,59,59,59,59,59,59,59,4,4,4,4],"floor_reached":16,"playtime":648,"items_purged":[],"score":195,"play_id":"54185504-2cd4-450a-b809-31cbe4bacdc1","local_time":"20190207174236","is_ascension_mode":true,"campfire_choices":[{"floor":7,"key":"REST"},{"floor":10,"key":"REST"},{"data":"Go for the Eyes","floor":12,"key":"SMITH"},{"data":"Zap","floor":15,"key":"SMITH"}],"neow_cost":"NONE","seed_source_timestamp":358086276823167,"circlet_count":0,"master_deck":["AscendersBane","Strike_B","Strike_B","Strike_B","Strike_B","Defend_B","Defend_B","Defend_B","Defend_B","Zap+1","Dualcast","Auto Shields","Cold Snap","Auto Shields","Go for the Eyes+1","FTL","Melter","Redo"],"relics":["Ectoplasm","Vajra","Ancient Tea Set","Bag of Marbles"],"potions_floor_usage":[3,8,8],"damage_taken":[{"damage":5,"enemies":"2 Louse","floor":1,"turns":2},{"damage":2,"enemies":"Jaw Worm","floor":3,"turns":5},{"damage":0,"enemies":"Small Slimes","floor":4,"turns":4},{"damage":4,"enemies":"Looter","floor":6,"turns":4},{"damage":14,"enemies":"Lagavulin","floor":8,"turns":6},{"damage":0,"enemies":"Red Slaver","floor":11,"turns":3},{"damage":69,"enemies":"Hexaghost","floor":16,"turns":12}],"seed_played":"-2974007058597507340","potions_obtained":[{"floor":1,"key":"PowerPotion"},{"floor":3,"key":"Explosive Potion"},{"floor":4,"key":"FocusPotion"}],"is_trial":false,"path_per_floor":["M","?","M","M","?","M","R","E","T","R","M","R","$","?","R","B"],"character_chosen":"DEFECT","items_purchased":["Redo"],"campfire_rested":2,"item_purchase_floors":[13],"current_hp_per_floor":[59,24,22,22,22,18,39,25,25,46,46,46,46,69,69,0],"gold":4,"neow_bonus":"BOSS_RELIC","is_prod":false,"is_daily":false,"chose_seed":false,"campfire_upgraded":2,"win_rate":0,"timestamp":1549579356,"path_taken":["M","?","M","M","?","M","R","E","T","R","M","R","$","?","R","BOSS"],"build_version":"2019-01-23","purchased_purges":0,"victory":false,"max_hp_per_floor":[71,71,71,71,71,71,71,71,71,71,71,71,71,71,71,71],"card_choices":[{"not_picked":["Chill","BootSequence"],"picked":"Auto Shields","floor":1},{"not_picked":["Fusion","Stack"],"picked":"Cold Snap","floor":3},{"not_picked":["Darkness","Lockon"],"picked":"Auto Shields","floor":4},{"not_picked":["Barrage","Sweeping Beam"],"picked":"Go for the Eyes","floor":6},{"not_picked":["Rebound","Hologram"],"picked":"FTL","floor":8},{"not_picked":["Turbo","Go for the Eyes"],"picked":"Melter","floor":11}],"player_experience":2335506,"relics_obtained":[{"floor":8,"key":"Ancient Tea Set"},{"floor":9,"key":"Bag of Marbles"}],"event_choices":[{"damage_healed":0,"gold_gain":0,"player_choice":"Success","damage_taken":35,"relics_obtained":["Vajra"],"max_hp_gain":0,"max_hp_loss":0,"event_name":"Scrap Ooze","floor":2,"gold_loss":0},{"damage_healed":0,"gold_gain":0,"player_choice":"Ignored","damage_taken":0,"max_hp_gain":0,"max_hp_loss":0,"event_name":"Shining Light","floor":5,"gold_loss":0},{"damage_healed":23,"gold_gain":0,"player_choice":"Banana","damage_taken":0,"max_hp_gain":0,"max_hp_loss":0,"event_name":"Big Fish","floor":14,"gold_loss":0}],"is_beta":false,"boss_relics":[],"items_purged_floors":[],"is_endless":false,"potions_floor_spawned":[1,3,4],"killed_by":"Hexaghost","ascension_level":19}