{"gold_per_floor":[111,131,131,146,164,164,174,124,175,187,207,56,56,56,56,155,155,170,185,185],"floor_reached":20,"playtime":959,"items_purged":[],"score":269,"play_id":"886e5bcf-7afd-4ff7-93c9-6c153ee0b373","local_time":"20180720210751","is_ascension_mode":true,"campfire_choices":[{"floor":6.0,"key":"REST"},{"floor":13.0,"key":"REST"},{"floor":15.0,"key":"REST"}],"neow_cost":"","seed_source_timestamp":598699442426387,"circlet_count":0,"master_deck":["Strike_B","Strike_B","Strike_B","Defend_B","Defend_B","Defend_B","Defend_B","Zap","Dualcast","AscendersBane","Leap","Decay","Gash","Hologram","Gash","Cold Snap","Gash","Buffer","Go for the Eyes","Go for the Eyes"],"special_seed":0,"relics":["Cracked Core","Bronze Scales","Pen Nib","Sozu"],"potions_floor_usage":[16,16],"damage_taken":[{"damage":7.0,"enemies":"Jaw Worm","floor":1.0,"turns":3.0},{"damage":1.0,"enemies":"Cultist","floor":2.0,"turns":4.0},{"damage":6.0,"enemies":"2 Louse","floor":4.0,"turns":2.0},{"damage":9.0,"enemies":"Large Slime","floor":5.0,"turns":6.0},{"damage":20.0,"enemies":"3 Louse","floor":7.0,"turns":4.0},{"damage":11.0,"enemies":"Red Slaver","floor":10.0,"turns":3.0},{"damage":11.0,"enemies":"2 Fungi Beasts","floor":11.0,"turns":4.0},{"damage":34,"enemies":"Hexaghost","floor":16,"turns":9},{"damage":19,"enemies":"Spheric Guardian","floor":18,"turns":5},{"damage":2,"enemies":"3 Byrds","floor":19,"turns":3},{"damage":46,"enemies":"Snake Plant","floor":20,"turns":4}],"seed_played":"-7656495288460425693","potions_obtained":[{"floor":4.0,"key":"GamblersBrew"},{"floor":10.0,"key":"FearPotion"},{"floor":16,"key":"FearPotion"}],"is_trial":false,"path_per_floor":["M","M","?","M","M","R","M","?","T","M","M","$","R","?","R","B",null,"M","M"],"character_chosen":"DEFECT","items_purchased":["Pen Nib"],"campfire_rested":3,"item_purchase_floors":[12],"current_hp_per_floor":[61,60,60,54,45,67,47,47,47,36,25,25,47,47,69,35,65,46,44,0],"gold":185,"neow_bonus":"","is_prod":false,"is_daily":false,"chose_seed":false,"campfire_upgraded":0,"win_rate":0,"timestamp":1532135271,"path_taken":["M","M","?","M","M","R","M","?","T","M","M","$","R","?","R","BOSS","M","M","?"],"build_version":"2018-07-19v2","purchased_purges":0,"victory":false,"max_hp_per_floor":[75,75,75,75,75,75,75,75,75,75,75,75,75,75,75,75,75,75,75,75],"card_choices":[{"not_picked":["Stack","Conserve Battery"],"picked":"Leap","floor":1.0},{"not_picked":["Chaos","Sweeping Beam","Beam Cell"],"picked":"SKIP","floor":2.0},{"not_picked":["Sweeping Beam","Auto Shields"],"picked":"Gash","floor":4.0},{"not_picked":["Heatsinks","Conserve Battery"],"picked":"Hologram","floor":5.0},{"not_picked":["Ball Lightning","Conserve Battery"],"picked":"Gash","floor":7.0},{"not_picked":["Rip and Tear","Force Field"],"picked":"Cold Snap","floor":10.0},{"not_picked":["Leap","Redo"],"picked":"Gash","floor":11.0},{"not_picked":["Fission","Seek"],"picked":"Buffer","floor":16},{"not_picked":["Turbo","Reprogram"],"picked":"Go for the Eyes","floor":18},{"not_picked":["Capacitor","Chaos"],"picked":"Go for the Eyes","floor":19}],"player_experience":1212049,"relics_obtained":[{"floor":9.0,"key":"Bronze Scales"}],"event_choices":[{"event_name":"Wheel of Change","player_choice":"Curse","floor":3.0,"damage_taken":0.0},{"event_name":"The Cleric","player_choice":"Card Removal","floor":8.0,"damage_taken":0.0},{"event_name":"Liars Game","player_choice":"disagreed","floor":14.0,"damage_taken":0.0}],"is_beta":false,"boss_relics":[{"not_picked":["Philosopher\u0027s Stone","Coffee Dripper"],"picked":"Sozu"}],"items_purged_floors":[],"is_endless":false,"potions_floor_spawned":[4,10,16],"killed_by":"Snake Plant","ascension_level":12}