{"path_per_floor":["M","M","M","M","M","R","M","E","T","M","M","?","R","M","R","B",null,"M","?","$","M"],"character_chosen":"IRONCLAD","items_purchased":["Rampage","Bottled Tornado","Flex"],"gold_per_floor":[118,132,150,160,141,141,157,183,209,224,237,217,217,232,232,334,334,354,354,10,22,22],"floor_reached":22,"campfire_rested":1,"playtime":1947,"current_hp_per_floor":[72,74,76,55,46,46,52,44,44,40,41,41,80,80,80,57,80,67,67,67,51,0],"items_purged":[],"gold":22,"score":192,"play_id":"ca0f80de-3c3c-4def-96ef-2e7d45d3f8a3","local_time":"20180521184219","is_prod":false,"is_daily":false,"chose_seed":false,"is_ascension_mode":false,"campfire_upgraded":2,"timestamp":1526942539,"campfire_choices":[{"data":"Perfected Strike","floor":6,"key":"SMITH"},{"floor":13,"key":"REST"},{"data":"Anger","floor":15,"key":"SMITH"}],"path_taken":["M","M","M","M","M","R","M","E","T","M","M","?","R","M","R","BOSS","M","?","$","M","M"],"build_version":"2018-05-17","seed_source_timestamp":53510029623485,"purchased_purges":0,"victory":false,"master_deck":["Strike_R","Strike_R","Strike_R","Strike_R","Defend_R","Defend_R","Defend_R","Defend_R","Bash","Disarm","Cleave","Pommel Strike","Heavy Blade","Whirlwind","Perfected Strike+1","Shrug It Off","Twin Strike","Anger+1","Carnage","Shrug It Off","Dark Embrace","Doubt","Parasite","Normality","Metallicize+1","Rampage","Flex","Blood for Blood"],"max_hp_per_floor":[80,80,80,80,80,80,80,80,80,80,80,80,80,80,80,80,80,80,80,80,80,80],"relics":["Burning Blood","Dodecahedron","Regal Pillow","Calling Bell","Bag of Preparation","Frozen Egg 2","Calipers","Bottled Tornado"],"card_choices":[{"not_picked":["Rupture","Disarm"],"picked":"Cleave","floor":1},{"not_picked":["Hemokinesis","Second Wind"],"picked":"Pommel Strike","floor":2},{"not_picked":["Rupture","Shrug It Off"],"picked":"Heavy Blade","floor":3},{"not_picked":["Sever Soul","Power Through"],"picked":"Whirlwind","floor":4},{"not_picked":["Dropkick","Hemokinesis"],"picked":"Perfected Strike","floor":5},{"not_picked":["Evolve","Twin Strike"],"picked":"Shrug It Off","floor":7},{"not_picked":["Heavy Blade","Evolve"],"picked":"Twin Strike","floor":8},{"not_picked":["Hemokinesis","Wild Strike"],"picked":"Anger","floor":10},{"not_picked":["Body Slam","Pommel Strike"],"picked":"Carnage","floor":11},{"not_picked":["Sword Boomerang","Flex"],"picked":"Shrug It Off","floor":14},{"not_picked":["Offering","Barricade"],"picked":"Dark Embrace","floor":16},{"not_picked":["True Grit","Sword Boomerang"],"picked":"Metallicize+1","floor":18},{"not_picked":["Brutality+1","Clash"],"picked":"Blood for Blood","floor":21}],"player_experience":40790,"potions_floor_usage":[8,8,16,16],"damage_taken":[{"damage":14,"enemies":"2 Louse","floor":1,"turns":3},{"damage":4,"enemies":"Cultist","floor":2,"turns":3},{"damage":4,"enemies":"Small Slimes","floor":3,"turns":3},{"damage":27,"enemies":"Exordium Wildlife","floor":4,"turns":6},{"damage":15,"enemies":"Exordium Thugs","floor":5,"turns":4},{"damage":0,"enemies":"2 Fungi Beasts","floor":7,"turns":3},{"damage":14,"enemies":"3 Sentries","floor":8,"turns":4},{"damage":10,"enemies":"Blue Slaver","floor":10,"turns":3},{"damage":5,"enemies":"Large Slime","floor":11,"turns":5},{"damage":2,"enemies":"Looter","floor":14,"turns":2},{"damage":29,"enemies":"Hexaghost","floor":16,"turns":9},{"damage":19,"enemies":"Chosen","floor":18,"turns":5},{"damage":22,"enemies":"3 Byrds","floor":21,"turns":9},{"damage":53,"enemies":"3 Cultists","floor":22,"turns":5}],"relics_obtained":[{"floor":8,"key":"Dodecahedron"},{"floor":9,"key":"Regal Pillow"},{"floor":17,"key":"Bag of Preparation"},{"floor":17,"key":"Frozen Egg 2"},{"floor":17,"key":"Calipers"}],"event_choices":[{"event_name":"The Woman in Blue","player_choice":"Bought 1 Potion","floor":12,"damage_taken":0},{"event_name":"Vampires","player_choice":"Ignored","floor":19,"damage_taken":0}],"boss_relics":[{"not_picked":["White Beast Statue","Runic Dome"],"picked":"Calling Bell"}],"potions_floor_spawned":[1,3,4,7,10,14,21],"seed_played":"2297772219551502899","killed_by":"3 Cultists","ascension_level":0,"potions_obtained":[{"floor":1,"key":"LiquidBronze"},{"floor":3,"key":"Block Potion"},{"floor":4,"key":"PowerPotion"},{"floor":10,"key":"SpeedPotion"},{"floor":12,"key":"LiquidBronze"},{"floor":14,"key":"Energy Potion"},{"floor":21,"key":"Strength Potion"}],"is_trial":false}