{"path_per_floor":["M","?","?","M","M","R","E","$","T","R","?","$","M","M","R","B",null],"character_chosen":"IRONCLAD","items_purchased":["Flash of Steel","Dropkick"],"gold_per_floor":[115,115,115,140,160,160,195,17,96,96,96,19,39,58,58,178,178,178],"floor_reached":18,"campfire_rested":1,"playtime":913,"item_purchase_floors":[8,12],"current_hp_per_floor":[80,85,79,79,79,79,26,26,26,49,49,49,44,52,52,26,79,0],"items_purged":["Strike_R"],"gold":178,"score":160,"play_id":"8a1c9eea-0d25-4448-b867-ada8db91e3a8","local_time":"20180620214525","is_prod":false,"is_daily":false,"chose_seed":false,"is_ascension_mode":false,"campfire_upgraded":2,"win_rate":0,"timestamp":1529545525,"campfire_choices":[{"data":"Burning Pact","floor":6,"key":"SMITH"},{"floor":10,"key":"REST"},{"data":"Bash","floor":15,"key":"SMITH"}],"path_taken":["M","?","?","M","M","R","E","$","T","R","?","$","M","?","R","BOSS","M"],"build_version":"2018-06-14v2","seed_source_timestamp":583913324990667,"purchased_purges":1,"victory":false,"master_deck":["Strike_R","Strike_R+1","Strike_R+1","Defend_R","Defend_R","Defend_R","Defend_R","Bash+1","Thunderclap","Headbutt","Burning Pact+1","Reaper","Flash of Steel","Dropkick","Feed"],"max_hp_per_floor":[80,85,79,79,79,79,79,79,79,79,79,79,79,79,79,79,79,79],"relics":["Burning Blood","NeowsBlessing","Golden Idol","Whetstone","Pantograph","Eternal Feather"],"card_choices":[{"not_picked":["Armaments","Wild Strike"],"picked":"Thunderclap","floor":1},{"not_picked":["Cleave","Clothesline"],"picked":"Headbutt","floor":4},{"not_picked":["Shockwave","Fire Breathing"],"picked":"Burning Pact","floor":5},{"not_picked":["Whirlwind","Dual Wield"],"picked":"Reaper","floor":7},{"not_picked":["Rage","Clash","Cleave"],"picked":"SKIP","floor":13},{"not_picked":["Shockwave","Bloodletting","Heavy Blade"],"picked":"SKIP","floor":14},{"not_picked":["Double Tap","Impervious"],"picked":"Feed","floor":16}],"player_experience":670848,"potions_floor_usage":[7],"damage_taken":[{"damage":0,"enemies":"Jaw Worm","floor":1,"turns":1},{"damage":0,"enemies":"2 Louse","floor":4,"turns":1},{"damage":0,"enemies":"Cultist","floor":5,"turns":1},{"damage":59,"enemies":"Lagavulin","floor":7,"turns":7},{"damage":15,"enemies":"Looter","floor":13,"turns":3},{"damage":6,"enemies":"2 Fungi Beasts","floor":14,"turns":3},{"damage":69,"enemies":"Slime Boss","floor":16,"turns":14},{"damage":83,"enemies":"Spheric Guardian","floor":18,"turns":8}],"relics_obtained":[{"floor":7,"key":"Whetstone"},{"floor":9,"key":"Pantograph"}],"event_choices":[{"event_name":"Big Fish","player_choice":"Donut","floor":2,"damage_taken":0},{"event_name":"Golden Idol","player_choice":"Lose Max HP","floor":3,"damage_taken":0},{"event_name":"Purifier","player_choice":"One Purge","floor":11,"damage_taken":0}],"boss_relics":[{"not_picked":["Ectoplasm","Snecko Eye"],"picked":"Eternal Feather"}],"items_purged_floors":[8],"is_endless":false,"potions_floor_spawned":[4,7,16],"seed_played":"6194572859531870010","killed_by":"Spheric Guardian","ascension_level":0,"potions_obtained":[{"floor":4,"key":"Poison Potion"},{"floor":7,"key":"PowerPotion"},{"floor":16,"key":"Energy Potion"}],"is_trial":false}