{"gold_per_floor":[110,121,121,8,27,27,27,62,62,62,80,104,139,139,139,238,238,178,178,178,178,178,178,178,178,178,178,178,178,178,11,11,11,11,11,11,11,11,11,11,11,11,11,11,11,11,11,11,11,11],"floor_reached":51,"playtime":3264,"items_purged":["Injury"],"score":1240,"play_id":"99fec32a-c66f-48ab-a71e-291d2d68a0c5","local_time":"20180712220843","is_ascension_mode":true,"campfire_choices":[{"data":"Neutralize","floor":6.0,"key":"SMITH"},{"data":"Cloak And Dagger","floor":10.0,"key":"SMITH"},{"data":"Cloak And Dagger","floor":15.0,"key":"SMITH"},{"floor":23,"key":"REST"},{"floor":27,"key":"REST"},{"floor":32,"key":"REST"},{"floor":40,"key":"REST"},{"data":"After Image","floor":44,"key":"SMITH"},{"floor":47,"key":"REST"},{"floor":49,"key":"REST"}],"neow_cost":"NONE","seed_source_timestamp":0,"circlet_count":0,"master_deck":["Defend_G+1","Defend_G+1","Defend_G+1","Defend_G+1","Defend_G+1","Strike_G+1","Strike_G+1","Strike_G+1","Strike_G+1","Survivor+1","Neutralize+1","AscendersBane","Cloak And Dagger+1","PiercingWail+1","Infinite Blades+1","Sucker Punch+1","Cloak And Dagger+1","Deflect+1","Leg Sweep+1","Deadly Poison+1","After Image+1","Well Laid Plans+1","Finisher+1","Bouncing Flask+1","Deflect+1","Leg Sweep+1","Footwork+1","Cloak And Dagger+1","Adrenaline+1","Accuracy+1","Blind+1","Madness+1","Madness+1","Escape Plan+1","PiercingWail+1"],"special_seed":0,"relics":["Ring of the Snake","Centennial Puzzle","Gremlin Horn","Matryoshka","Pantograph","Ectoplasm","Red Mask","Ornamental Fan","Pen Nib","Oddly Smooth Stone","Eternal Feather","Frozen Egg 2","Letter Opener","Juzu Bracelet","Mark of the Bloom"],"potions_floor_usage":[33,50],"damage_taken":[{"damage":1.0,"enemies":"Jaw Worm","floor":1.0,"turns":6.0},{"damage":0.0,"enemies":"2 Louse","floor":2.0,"turns":3.0},{"damage":0.0,"enemies":"Small Slimes","floor":5.0,"turns":5.0},{"damage":17.0,"enemies":"Lagavulin","floor":8.0,"turns":9.0},{"damage":4.0,"enemies":"Exordium Thugs","floor":11.0,"turns":7.0},{"damage":3.0,"enemies":"Large Slime","floor":12.0,"turns":7.0},{"damage":15.0,"enemies":"3 Sentries","floor":13.0,"turns":10.0},{"damage":40.0,"enemies":"Slime Boss","floor":16.0,"turns":16.0},{"damage":8,"enemies":"2 Thieves","floor":18,"turns":4},{"damage":40,"floor":20,"turns":8},{"damage":0,"enemies":"Chosen","floor":22,"turns":4},{"damage":7,"enemies":"Snake Plant","floor":24,"turns":6},{"damage":40,"enemies":"3 Cultists","floor":28,"turns":9},{"damage":5,"enemies":"Slaver and Parasite","floor":29,"turns":6},{"damage":0,"enemies":"Book of Stabbing","floor":30,"turns":9},{"damage":26,"enemies":"Collector","floor":33,"turns":16},{"damage":2,"enemies":"3 Shapes","floor":35,"turns":9},{"damage":3,"enemies":"3 Darklings","floor":36,"turns":8},{"damage":29,"enemies":"Sphere and 2 Shapes","floor":39,"turns":9},{"damage":0,"enemies":"Maw","floor":41,"turns":12},{"damage":2,"enemies":"Nemesis","floor":42,"turns":13},{"damage":30,"enemies":"3 Darklings","floor":45,"turns":6},{"damage":43,"enemies":"Time Eater","floor":50,"turns":16}],"seed_played":"-6346473923723370682","potions_obtained":[{"floor":1.0,"key":"LiquidBronze"},{"floor":8.0,"key":"Ancient Potion"},{"floor":11.0,"key":"FairyPotion"},{"floor":28,"key":"Ancient Potion"},{"floor":29,"key":"FairyPotion"},{"floor":30,"key":"Fruit Juice"},{"floor":35,"key":"Dexterity Potion"}],"is_trial":false,"path_per_floor":["M","M","?","$","M","R","$","E","T","R","M","M","E","?","R","B",null,"M","?","?","?","M","R","M","$","T","R","M","M","E","$","R","B",null,"M","M","?","?","M","R","M","E","T","R","M","?","R","?","R","B"],"character_chosen":"THE_SILENT","items_purchased":["Infinite Blades","Footwork","Cloak And Dagger","Regen Potion"],"campfire_rested":6,"item_purchase_floors":[4,31,31,31],"current_hp_per_floor":[58,58,58,58,58,58,58,41,41,41,37,34,19,41,41,26,56,48,48,8,8,8,27,20,20,20,39,6,1,1,1,20,34,58,56,53,53,41,12,43,43,41,41,55,25,25,58,58,58,15],"gold":11,"neow_bonus":"RANDOM_COMMON_RELIC","is_prod":false,"is_daily":false,"chose_seed":false,"campfire_upgraded":4,"win_rate":0,"timestamp":1531426123,"path_taken":["M","M","?","?","M","R","$","E","T","R","M","M","E","?","R","BOSS","M","?","?","?","M","R","?","$","T","R","M","M","E","$","R","BOSS","M","M","?","?","M","R","M","E","T","R","M","?","R","?","R","BOSS"],"build_version":"2018-07-05","purchased_purges":1,"victory":true,"max_hp_per_floor":[66,66,66,66,66,66,66,66,66,66,66,66,66,66,66,66,66,66,66,66,66,66,66,66,66,66,66,66,66,66,66,66,66,66,66,66,66,66,66,66,66,66,66,66,66,66,66,66,66,66],"card_choices":[{"not_picked":["Blade Dance","Backflip"],"picked":"Cloak And Dagger","floor":1.0},{"not_picked":["Prepared","Poisoned Stab"],"picked":"PiercingWail","floor":2.0},{"not_picked":["Tactician","Bane"],"picked":"Sucker Punch","floor":5.0},{"not_picked":["Burst","PiercingWail"],"picked":"Cloak And Dagger","floor":8.0},{"not_picked":["PiercingWail","Outmaneuver"],"picked":"Deflect","floor":11.0},{"not_picked":["Dodge and Roll","PiercingWail"],"picked":"Leg Sweep","floor":12.0},{"not_picked":["Outmaneuver","Poisoned Stab"],"picked":"Deadly Poison","floor":13.0},{"not_picked":["A Thousand Cuts","Tactician"],"picked":"After Image","floor":16.0},{"not_picked":["Sucker Punch","Flying Knee"],"picked":"Well Laid Plans+1","floor":18},{"not_picked":["Bane","Terror"],"picked":"Finisher","floor":20},{"not_picked":["Quick Slash","Sucker Punch","Prepared"],"picked":"SKIP","floor":22},{"not_picked":["Unload","Dagger Spray","Backflip"],"picked":"SKIP","floor":24},{"not_picked":["Sucker Punch","Flying Knee"],"picked":"Deflect","floor":28},{"not_picked":["Night Terror","Deflect","Acrobatics"],"picked":"SKIP","floor":29},{"not_picked":["Reflex","Underhanded Strike"],"picked":"Leg Sweep+1","floor":30},{"not_picked":["Venomology","Storm of Steel"],"picked":"Adrenaline","floor":33},{"not_picked":["Flying Knee","Quick Slash+1"],"picked":"Accuracy","floor":35},{"not_picked":["Infinite Blades","Prepared+1","Bane"],"picked":"SKIP","floor":36},{"not_picked":["Mind Blast","Bandage Up"],"picked":"Blind","floor":37},{"not_picked":["Prepared","Acrobatics"],"picked":"Escape Plan","floor":39},{"not_picked":["Backflip","PiercingWail","Skewer"],"picked":"SKIP","floor":41},{"not_picked":["Backflip","Skewer"],"picked":"PiercingWail","floor":41},{"not_picked":["Poisoned Stab","Underhanded Strike","Bane"],"picked":"SKIP","floor":42},{"not_picked":["Eviscerate","Dagger Throw","Calculated Gamble"],"picked":"SKIP","floor":45}],"player_experience":1020325,"relics_obtained":[{"floor":8.0,"key":"Gremlin Horn"},{"floor":9.0,"key":"Matryoshka"},{"floor":13.0,"key":"Pantograph"},{"floor":20,"key":"Red Mask"},{"floor":26,"key":"Ornamental Fan"},{"floor":26,"key":"Pen Nib"},{"floor":30,"key":"Oddly Smooth Stone"},{"floor":42,"key":"Frozen Egg 2"},{"floor":43,"key":"Letter Opener"},{"floor":43,"key":"Juzu Bracelet"}],"event_choices":[{"event_name":"Golden Idol","player_choice":"Take Wound","floor":3.0,"damage_taken":0.0},{"event_name":"Big Fish","player_choice":"Banana","floor":14.0,"damage_taken":0.0},{"event_name":"Nest","player_choice":"Stole From Cult","floor":19,"damage_taken":0},{"event_name":"Masked Bandits","player_choice":"Fought over 178 gold","floor":20,"damage_taken":0},{"event_name":"Transmorgrifier","player_choice":"Transform","floor":21,"damage_taken":0},{"event_name":"SensoryStone","player_choice":"Memory 1","floor":37,"damage_taken":0},{"event_name":"Winding Halls","player_choice":"Embrace Madness","floor":38,"damage_taken":0},{"event_name":"The Moai Head","player_choice":"Gave Idol","floor":46,"damage_taken":0},{"event_name":"MindBloom","player_choice":"Upgrade","floor":48,"damage_taken":0}],"boss_relics":[{"not_picked":["Philosopher\u0027s Stone","Runic Pyramid"],"picked":"Ectoplasm"},{"not_picked":["Fusion Hammer","Coffee Dripper"],"picked":"Eternal Feather"}],"items_purged_floors":[4],"is_endless":false,"potions_floor_spawned":[1,8,11,28,29,30,35,41,42],"ascension_level":15}