{"path_per_floor":["M","M","M","?","$","R","M","M","T","M","R","M","R","$","R","B",null,"M","?","M"],"character_chosen":"IRONCLAD","items_purchased":["Juggernaut","Blood for Blood","Shrug It Off"],"gold_per_floor":[113,125,142,317,35,35,46,58,58,74,74,87,87,39,39,134,134,148,148,163,163],"floor_reached":21,"campfire_rested":3,"playtime":1051,"item_purchase_floors":[5,5,14],"current_hp_per_floor":[72,59,61,61,61,61,48,30,30,12,33,28,49,49,70,44,72,72,56,17,0],"items_purged":["Doubt"],"gold":163,"score":199,"play_id":"a48bd6f5-9431-4451-8845-fa611679f0a9","local_time":"20180611072943","is_prod":false,"is_daily":false,"chose_seed":false,"is_ascension_mode":true,"campfire_upgraded":1,"win_rate":0,"timestamp":1528716583,"campfire_choices":[{"data":"Fire Breathing","floor":6,"key":"SMITH"},{"floor":11,"key":"REST"},{"floor":13,"key":"REST"},{"floor":15,"key":"REST"}],"path_taken":["M","M","?","?","$","R","M","M","T","?","R","M","R","?","R","BOSS","M","?","?","M"],"build_version":"2018-06-07v3","seed_source_timestamp":389871418073245,"purchased_purges":1,"victory":false,"master_deck":["Strike_R","Strike_R","Strike_R","Strike_R","Strike_R","Defend_R","Defend_R","Bash","Fire Breathing+1","Sentinel","Sword Boomerang","Corruption","Armaments","Juggernaut","Blood for Blood","Body Slam","Immolate","Armaments","Shrug It Off","Shrug It Off","Impervious","Perfected Strike","Clothesline+1"],"max_hp_per_floor":[72,72,72,72,72,72,72,72,72,72,72,72,72,72,72,72,72,72,72,72,72],"relics":["Burning Blood","Ginger","Sozu","Enchiridion"],"card_choices":[{"not_picked":["Wild Strike","Twin Strike"],"picked":"Sword Boomerang","floor":1},{"not_picked":["True Grit","Warcry"],"picked":"Corruption","floor":2},{"not_picked":["Flex","Evolve"],"picked":"Armaments","floor":3},{"not_picked":["Blood for Blood","Uppercut"],"picked":"Body Slam","floor":7},{"not_picked":["Anger","Thunderclap"],"picked":"Immolate","floor":8},{"not_picked":["Spot Weakness","Clothesline"],"picked":"Armaments","floor":10},{"not_picked":["Cleave","Inflame"],"picked":"Shrug It Off","floor":12},{"not_picked":["Demon Form","Double Tap"],"picked":"Impervious","floor":16},{"not_picked":["Second Wind+1","Pommel Strike"],"picked":"Perfected Strike","floor":18},{"not_picked":["Twin Strike+1","Flex"],"picked":"Clothesline+1","floor":20}],"player_experience":470497,"potions_floor_usage":[16,16,16],"damage_taken":[{"damage":6,"enemies":"Cultist","floor":1,"turns":3},{"damage":19,"enemies":"2 Louse","floor":2,"turns":3},{"damage":4,"enemies":"Small Slimes","floor":3,"turns":4},{"damage":19,"enemies":"3 Louse","floor":7,"turns":4},{"damage":24,"enemies":"Lots of Slimes","floor":8,"turns":4},{"damage":24,"enemies":"Blue Slaver","floor":10,"turns":4},{"damage":11,"enemies":"Large Slime","floor":12,"turns":5},{"damage":32,"enemies":"The Guardian","floor":16,"turns":9},{"damage":3,"enemies":"Spheric Guardian","floor":18,"turns":5},{"damage":45,"enemies":"Shell Parasite","floor":20,"turns":6},{"damage":20,"enemies":"Cultist and Chosen","floor":21,"turns":3}],"relics_obtained":[{"floor":9,"key":"Ginger"},{"floor":19,"key":"Enchiridion"}],"event_choices":[{"event_name":"Liars Game","player_choice":"agreed","floor":4,"damage_taken":0},{"event_name":"Cursed Tome","player_choice":"Obtained Book","floor":19,"damage_taken":0}],"boss_relics":[{"not_picked":["Cursed Key","Orrery"],"picked":"Sozu"}],"items_purged_floors":[5],"potions_floor_spawned":[3,8,10,12],"seed_played":"9131204953376902987","killed_by":"Cultist and Chosen","ascension_level":3,"potions_obtained":[{"floor":3,"key":"SkillPotion"},{"floor":8,"key":"GamblersBrew"},{"floor":10,"key":"Poison Potion"},{"floor":12,"key":"AttackPotion"}],"is_trial":false}