{"gold_per_floor":[11,29,40,53,2,34,34,67,93,58,76,76,151,171,171,245,245,256,256,266,266,283,283,315,315,341,341,341,266,285,11,11,88,88,100,117,117,167,181,181,181],"floor_reached":41,"playtime":4852,"items_purged":[],"score":762,"play_id":"eab7c411-1918-45fd-90b3-87f5208cad07","local_time":"20180706151616","is_ascension_mode":true,"campfire_choices":[{"data":"Havoc","floor":7.0,"key":"SMITH"},{"data":"Havoc","floor":12.0,"key":"SMITH"},{"data":"Flame Barrier","floor":15.0,"key":"SMITH"},{"data":"Whirlwind","floor":23.0,"key":"SMITH"},{"data":"Iron Wave","floor":25.0,"key":"SMITH"},{"data":"Shockwave","floor":27.0,"key":"SMITH"},{"data":"Metallicize","floor":32,"key":"SMITH"},{"data":"Fiend Fire","floor":40,"key":"SMITH"}],"neow_cost":"","seed_source_timestamp":0,"circlet_count":0,"master_deck":["Defend_R","Defend_R","Defend_R","Bash","AscendersBane","Havoc+1","Shrug It Off","Fiend Fire+1","Shockwave+1","Havoc+1","Warcry","Flame Barrier+1","Whirlwind+1","Metallicize+1","Offering","Bite","Bite","Bite","Bite","Bite","Clothesline","Seeing Red","Iron Wave+1","Demon Form+1","Disarm"],"special_seed":0,"relics":["Burning Blood","The Courier","Happy Flower","Bronze Scales","Coffee Dripper","Singing Bowl","Blood Vial","Bag of Preparation","Vajra","Sozu","Incense Burner"],"potions_floor_usage":[33,33],"damage_taken":[{"damage":1.0,"enemies":"Cultist","floor":1.0,"turns":4.0},{"damage":9.0,"enemies":"2 Louse","floor":2.0,"turns":3.0},{"damage":0.0,"enemies":"Small Slimes","floor":3.0,"turns":5.0},{"damage":2.0,"enemies":"3 Louse","floor":4.0,"turns":7.0},{"damage":19.0,"enemies":"Gremlin Nob","floor":6.0,"turns":4.0},{"damage":28.0,"enemies":"3 Sentries","floor":8.0,"turns":11.0},{"damage":0.0,"enemies":"Looter","floor":11.0,"turns":3.0},{"damage":4.0,"enemies":"Large Slime","floor":14.0,"turns":4.0},{"damage":7.0,"enemies":"The Guardian","floor":16.0,"turns":13.0},{"damage":0.0,"enemies":"3 Byrds","floor":18.0,"turns":4.0},{"damage":12.0,"enemies":"Chosen","floor":20.0,"turns":3.0},{"damage":13.0,"enemies":"Centurion and Healer","floor":22.0,"turns":5.0},{"damage":32.0,"enemies":"Book of Stabbing","floor":24.0,"turns":5.0},{"damage":0,"enemies":"Cultist and Chosen","floor":30,"turns":4},{"damage":60,"enemies":"Automaton","floor":33,"turns":10},{"damage":6,"enemies":"Flame Bruiser 1 Orb","floor":35,"turns":4},{"damage":3,"enemies":"Orb Walker","floor":36,"turns":3},{"damage":29,"floor":38,"turns":6},{"damage":33,"enemies":"4 Shapes","floor":39,"turns":5},{"damage":40,"enemies":"2 Orb Walkers","floor":41,"turns":2}],"seed_played":"8064020768883006218","potions_obtained":[{"floor":2.0,"key":"EssenceOfSteel"},{"floor":3.0,"key":"FearPotion"},{"floor":8.0,"key":"Explosive Potion"},{"floor":18.0,"key":"PowerPotion"}],"is_trial":false,"path_per_floor":["M","M","M","M","$","E","R","E","T","?","M","R","?","M","R","B",null,"M","?","M","?","M","R","E","R","T","R","?","?","M","$","R","B",null,"M","M","?","?","M","R"],"character_chosen":"IRONCLAD","items_purchased":["Havoc","Bag of Preparation","Vajra"],"campfire_rested":0,"item_purchase_floors":[],"current_hp_per_floor":[73,70,75,75,75,62,62,40,40,58,64,64,53,55,55,54,70,75,52,50,47,48,48,32,32,32,32,32,32,46,46,46,24,47,56,56,56,45,32,32,0],"gold":181,"neow_bonus":"","is_prod":false,"is_daily":false,"chose_seed":false,"campfire_upgraded":8,"win_rate":0,"timestamp":1530882976,"path_taken":["M","M","M","M","$","E","R","E","T","?","M","R","?","?","R","BOSS","M","?","M","?","?","R","E","R","T","R","?","?","M","?","R","BOSS","M","M","?","?","M","R","E"],"build_version":"2018-07-05","purchased_purges":0,"victory":false,"max_hp_per_floor":[75,75,75,75,75,75,75,75,75,75,75,75,75,75,75,75,75,75,52,52,52,52,52,52,52,52,52,52,52,54,54,54,54,54,56,56,56,58,60,60,60],"card_choices":[{"not_picked":["Armaments","Pommel Strike"],"picked":"Havoc","floor":1.0},{"not_picked":["Headbutt","Perfected Strike"],"picked":"Shrug It Off","floor":2.0},{"not_picked":["Wild Strike","True Grit"],"picked":"Fiend Fire","floor":3.0},{"not_picked":["Power Through","Whirlwind"],"picked":"Shockwave","floor":4.0},{"not_picked":["Dropkick","Wild Strike"],"picked":"Warcry","floor":6.0},{"not_picked":["Dark Embrace","Sentinel"],"picked":"Flame Barrier","floor":8.0},{"not_picked":["Wild Strike","Clash"],"picked":"Whirlwind","floor":11.0},{"not_picked":["Reckless Charge","Pommel Strike"],"picked":"Metallicize","floor":14.0},{"not_picked":["Fiend Fire","Double Tap"],"picked":"Offering","floor":16.0},{"not_picked":["Cleave","Sword Boomerang","Heavy Blade+1"],"picked":"SKIP","floor":18.0},{"not_picked":["Twin Strike","Headbutt"],"picked":"Clothesline","floor":20.0},{"not_picked":["Sword Boomerang","Sentinel"],"picked":"Seeing Red","floor":22.0},{"not_picked":["Bloodletting","Intimidate"],"picked":"Iron Wave","floor":24.0},{"not_picked":["Headbutt","Perfected Strike","Sever Soul"],"picked":"Singing Bowl","floor":30},{"not_picked":["Double Tap","Impervious"],"picked":"Demon Form","floor":33},{"not_picked":["Wild Strike+1","Burning Pact+1","Ghostly Armor"],"picked":"Singing Bowl","floor":35},{"not_picked":["Sever Soul","Uppercut"],"picked":"Disarm","floor":36},{"not_picked":["Second Wind","Clash","Flex+1"],"picked":"Singing Bowl","floor":38},{"not_picked":["Bloodletting","Sword Boomerang","Armaments"],"picked":"Singing Bowl","floor":39}],"player_experience":274578,"relics_obtained":[{"floor":6.0,"key":"The Courier"},{"floor":8.0,"key":"Happy Flower"},{"floor":9.0,"key":"Bronze Scales"},{"floor":24.0,"key":"Singing Bowl"},{"floor":26.0,"key":"Blood Vial"},{"floor":38,"key":"Incense Burner"}],"event_choices":[{"event_name":"The Cleric","player_choice":"Healed","floor":10.0,"damage_taken":0.0},{"event_name":"World of Goop","player_choice":"Gather Gold","floor":13.0,"damage_taken":0.0},{"event_name":"Vampires","player_choice":"Became a vampire","floor":19.0,"damage_taken":0.0},{"event_name":"The Woman in Blue","player_choice":"Bought 0 Potions","floor":21.0,"damage_taken":0.0},{"event_name":"FaceTrader","player_choice":"Leave","floor":28,"damage_taken":0},{"event_name":"Beggar","player_choice":"Gave Gold","floor":29,"damage_taken":0},{"event_name":"Upgrade Shrine","player_choice":"Upgraded","floor":37,"damage_taken":0},{"event_name":"Mysterious Sphere","player_choice":"Fight","floor":38,"damage_taken":0}],"boss_relics":[{"not_picked":["Snecko Eye","Velvet Choker"],"picked":"Coffee Dripper"},{"not_picked":["Fusion Hammer","Eternal Feather"],"picked":"Sozu"}],"items_purged_floors":[],"is_endless":false,"potions_floor_spawned":[2,3,8,18,22,30,38,39],"killed_by":"2 Orb Walkers","ascension_level":15}