{"gold_per_floor":[215,215,140,163,184,184,207,207,288,61,74,92,92,83,83,83],"floor_reached":16,"playtime":2180,"items_purged":["Injury"],"score":165,"play_id":"08a646bf-ea53-4978-acc5-86378a5203cc","local_time":"20180705224635","is_ascension_mode":true,"campfire_choices":[{"data":"True Grit","floor":6,"key":"SMITH"},{"data":"Whirlwind","floor":13,"key":"SMITH"},{"data":"Clothesline","floor":15,"key":"SMITH"}],"neow_cost":"NONE","seed_source_timestamp":586391680280089,"circlet_count":0,"master_deck":["Strike_R","Strike_R","Strike_R","Strike_R","Strike_R","Defend_R","Defend_R","Defend_R","Defend_R","Bash","AscendersBane","Reckless Charge","Clothesline+1","True Grit+1","Flame Barrier","Offering","Barricade+1","Whirlwind+1","Infernal Blade"],"relics":["Burning Blood","Golden Idol","Frozen Egg 2"],"potions_floor_usage":[7,14,16,16],"damage_taken":[{"damage":6,"enemies":"2 Louse","floor":1,"turns":3},{"damage":0,"enemies":"Small Slimes","floor":4,"turns":3},{"damage":1,"enemies":"Cultist","floor":5,"turns":3},{"damage":21,"enemies":"Exordium Wildlife","floor":7,"turns":5},{"damage":21,"enemies":"Large Slime","floor":11,"turns":10},{"damage":5,"enemies":"3 Louse","floor":12,"turns":5},{"damage":10,"enemies":"Exordium Thugs","floor":14,"turns":4},{"damage":59,"enemies":"Hexaghost","floor":16,"turns":16}],"seed_played":"2331799895251993173","potions_obtained":[{"floor":1,"key":"BloodPotion"},{"floor":4,"key":"FearPotion"},{"floor":12,"key":"AttackPotion"},{"floor":14,"key":"Energy Potion"}],"is_trial":false,"path_per_floor":["M","?","$","M","M","R","M","?","T","$","M","M","R","M","R"],"character_chosen":"IRONCLAD","items_purchased":["Offering","Barricade+1"],"campfire_rested":0,"item_purchase_floors":[10,10],"current_hp_per_floor":[68,68,68,74,75,75,60,65,65,65,50,51,51,47,47,0],"gold":83,"neow_bonus":"HUNDRED_GOLD","is_prod":false,"is_daily":false,"chose_seed":false,"campfire_upgraded":3,"win_rate":0,"timestamp":1530823595,"path_taken":["M","?","$","?","M","R","M","?","T","$","M","M","R","?","R","BOSS"],"build_version":"2018-07-04","purchased_purges":1,"victory":false,"max_hp_per_floor":[75,75,75,75,75,75,75,80,80,80,80,80,80,80,80,80],"card_choices":[{"not_picked":["Corruption","Clash"],"picked":"Reckless Charge","floor":1},{"not_picked":["Sever Soul","Flex"],"picked":"Clothesline","floor":4},{"not_picked":["Heavy Blade","Combust"],"picked":"True Grit","floor":5},{"not_picked":["Headbutt","Cleave"],"picked":"Flame Barrier","floor":7},{"not_picked":["Twin Strike","Anger","Sever Soul"],"picked":"SKIP","floor":11},{"not_picked":["Armaments","Clothesline"],"picked":"Whirlwind","floor":12},{"not_picked":["Cleave","Perfected Strike"],"picked":"Infernal Blade","floor":14}],"player_experience":272398,"relics_obtained":[{"floor":9,"key":"Frozen Egg 2"}],"event_choices":[{"event_name":"Golden Idol","player_choice":"Take Wound","floor":2,"damage_taken":0},{"event_name":"Big Fish","player_choice":"Donut","floor":8,"damage_taken":0}],"boss_relics":[],"items_purged_floors":[3],"is_endless":false,"potions_floor_spawned":[1,4,12,14],"killed_by":"Hexaghost","ascension_level":15}