{"gold_per_floor":[110,40,58,68,68,68,82,82,82,82,95,45,45,45,45,150,150,90,90,90,90,102,102],"floor_reached":23,"playtime":842,"items_purged":[],"score":177,"play_id":"fb2d45d2-f78f-473f-a072-a994f4499d60","local_time":"20180812203129","is_ascension_mode":false,"campfire_choices":[{"data":"Darkness","floor":6,"key":"SMITH"},{"data":"Amplify","floor":8,"key":"SMITH"},{"data":"Buffer","floor":15,"key":"SMITH"}],"neow_cost":"NONE","seed_source_timestamp":9863611237691,"circlet_count":0,"master_deck":["Strike_B","Defend_B","Defend_B","Defend_B","Defend_B","Zap","Dualcast","Amplify+1","Heatsinks","Redo","Darkness+1","Glacier","BootSequence","Buffer+1","Fission","Redo","Double Energy"],"relics":["Cracked Core"],"potions_floor_usage":[23],"damage_taken":[{"damage":7,"enemies":"2 Louse","floor":1,"turns":2},{"damage":9,"enemies":"Jaw Worm","floor":3,"turns":5},{"damage":9,"enemies":"Cultist","floor":4,"turns":4},{"damage":2,"enemies":"Large Slime","floor":7,"turns":5},{"damage":0,"enemies":"Red Slaver","floor":11,"turns":3},{"damage":72,"enemies":"Hexaghost","floor":16,"turns":15},{"damage":20,"enemies":"2 Thieves","floor":18,"turns":4},{"damage":31,"enemies":"Chosen","floor":22,"turns":8},{"damage":7,"enemies":"Slavers","floor":23,"turns":4}],"seed_played":"-1310770052422391724","potions_obtained":[{"floor":4,"key":"GamblersBrew"},{"floor":7,"key":"SkillPotion"},{"floor":11,"key":"Weak Potion"}],"is_trial":false,"path_per_floor":["M","$","M","M","?","R","M","R","T","?","M","?","?","?","R","B",null,"M","?","?","?","M"],"character_chosen":"DEFECT","items_purchased":["Heatsinks"],"campfire_rested":0,"item_purchase_floors":[2],"current_hp_per_floor":[68,68,59,50,50,50,48,48,48,48,48,48,48,73,73,1,75,55,55,39,39,8,1],"gold":102,"neow_bonus":"ONE_RANDOM_RARE_CARD","is_prod":false,"is_daily":false,"chose_seed":false,"campfire_upgraded":3,"win_rate":0,"timestamp":1534071689,"path_taken":["M","$","M","M","?","R","M","R","T","?","?","?","?","?","R","BOSS","M","?","?","?","M","E"],"build_version":"2018-08-09","purchased_purges":0,"victory":false,"max_hp_per_floor":[75,75,75,75,75,75,75,75,75,75,75,75,75,75,75,75,75,75,75,75,75,75,75],"card_choices":[{"not_picked":["Compile Driver","Steam","Auto Shields"],"picked":"SKIP","floor":1},{"not_picked":["Sweeping Beam","Hologram"],"picked":"Redo","floor":3},{"not_picked":["Go for the Eyes","Gash"],"picked":"Darkness","floor":4},{"not_picked":["Rebound","Steam"],"picked":"Glacier","floor":7},{"not_picked":["Beam Cell","Compile Driver"],"picked":"Buffer","floor":11},{"not_picked":["Seek","Biased Cognition"],"picked":"Fission","floor":16},{"not_picked":["Beam Cell","Steam Power"],"picked":"Redo","floor":18},{"not_picked":["Turbo","Stack+1"],"picked":"Double Energy","floor":22}],"player_experience":328385,"relics_obtained":[],"event_choices":[{"event_name":"Scrap Ooze","player_choice":"unsuccessful","floor":5,"damage_taken":0},{"event_name":"Transmorgrifier","player_choice":"Transform","floor":10,"damage_taken":0},{"event_name":"The Cleric","player_choice":"Card Removal","floor":12,"damage_taken":0},{"event_name":"Dead Adventurer","player_choice":"Searched \u00270\u0027 times","floor":13,"damage_taken":0},{"event_name":"Big Fish","player_choice":"Banana","floor":14,"damage_taken":0},{"event_name":"Back to Basics","player_choice":"Elegance","floor":19,"damage_taken":0},{"event_name":"Cursed Tome","player_choice":"Obtained Book","floor":20,"damage_taken":0},{"event_name":"The Mausoleum","player_choice":"No","floor":21,"damage_taken":0}],"is_beta":false,"boss_relics":[{"not_picked":["Inserter","Eternal Feather","Coffee Dripper"]}],"items_purged_floors":[],"is_endless":false,"potions_floor_spawned":[4,7,11],"killed_by":"Slavers","ascension_level":0}