{"path_per_floor":["M","?","?","M","M","R","M","$","T","R","T","M","M","M","R","B",null,"M","?","?","M","$","R","E","M","T","R","M","M","?","M","R"],"character_chosen":"DEFECT","items_purchased":["Capacitor","Redo","Boot","Blizzard"],"gold_per_floor":[117,117,117,131,149,149,168,25,73,73,73,84,101,81,81,181,211,224,252,252,263,27,27,57,76,129,129,143,159,259,270,270,270],"floor_reached":33,"campfire_rested":3,"playtime":4492,"item_purchase_floors":[8,22,22,22],"current_hp_per_floor":[75,80,80,80,80,80,76,76,76,76,76,73,75,73,73,65,85,78,44,44,32,32,57,30,17,17,42,26,21,21,24,49,0],"items_purged":["Strike_B"],"gold":270,"score":300,"play_id":"53538d66-107a-4f0d-8229-6620f8c7354f","local_time":"20180610180748","is_prod":false,"is_daily":false,"chose_seed":false,"is_ascension_mode":true,"campfire_upgraded":3,"win_rate":0,"timestamp":1528668468,"campfire_choices":[{"data":"Genetic Algorithm","floor":6,"key":"SMITH"},{"data":"Streamline","floor":10,"key":"SMITH"},{"data":"Conserve Battery","floor":15,"key":"SMITH"},{"floor":23,"key":"REST"},{"floor":27,"key":"REST"},{"floor":32,"key":"REST"}],"path_taken":["M","?","?","M","M","R","?","?","T","R","?","M","M","M","R","BOSS","M","?","?","M","$","R","E","?","T","R","M","M","?","?","R","BOSS"],"build_version":"2018-06-07v3","seed_source_timestamp":338321123649727,"purchased_purges":1,"victory":false,"master_deck":["Strike_B","Strike_B","Defend_B","Defend_B","Defend_B","Defend_B","Zap","Dualcast","Injury","Coolheaded","Conserve Battery","Genetic Algorithm+1","Streamline+1","Capacitor+1","Coolheaded","Cold Snap","Conserve Battery+1","Amplify","Static Discharge","Leap+1","Doom and Gloom","Double Energy+1","Redo","Blizzard","Darkness+1","Steam","Leap","Sweeping Beam","Storm+1"],"max_hp_per_floor":[75,80,80,80,80,80,80,80,80,80,80,80,80,80,80,80,85,85,85,85,85,85,85,85,85,85,85,85,85,85,85,85,85],"relics":["Cracked Core","Thread and Needle","Blood Vial","Toolbox","Tiny House","Red Mask","Orichalcum","Boot","Singing Bowl","Vajra"],"card_choices":[{"not_picked":["Recycle","Lockon"],"picked":"Coolheaded","floor":1},{"not_picked":["Rebound","Lockon"],"picked":"Conserve Battery","floor":4},{"not_picked":["Storm","Recycle"],"picked":"Genetic Algorithm","floor":5},{"not_picked":["Steam","Force Field"],"picked":"Streamline","floor":7},{"not_picked":["Sweeping Beam","Stack"],"picked":"Coolheaded","floor":12},{"not_picked":["Leap","Ball Lightning"],"picked":"Cold Snap","floor":13},{"not_picked":["Capacitor","Aggregate"],"picked":"Conserve Battery","floor":14},{"not_picked":["Electrodynamics","Hyperbeam"],"picked":"Amplify","floor":16},{"not_picked":["Turbo","Hologram"],"picked":"Static Discharge","floor":17},{"not_picked":["Sweeping Beam+1","Steam Power"],"picked":"Leap+1","floor":18},{"not_picked":["Cold Snap+1","Sweeping Beam"],"picked":"Doom and Gloom","floor":19},{"not_picked":["Reinforced Body+1","Lockon"],"picked":"Double Energy+1","floor":21},{"not_picked":["Meteor Strike","Beam Cell"],"picked":"Darkness+1","floor":24},{"not_picked":["Go for the Eyes","Sweeping Beam"],"picked":"Steam","floor":25},{"not_picked":["Rebound","Ball Lightning"],"picked":"Leap","floor":28},{"not_picked":["Capacitor","Compile Driver"],"picked":"Sweeping Beam","floor":29},{"not_picked":["Rip and Tear","Streamline"],"picked":"Storm+1","floor":31}],"player_experience":461549,"potions_floor_usage":[7,16,16,19,25,29,31],"damage_taken":[{"damage":0,"enemies":"Small Slimes","floor":1,"turns":2},{"damage":0,"enemies":"2 Louse","floor":4,"turns":1},{"damage":0,"enemies":"Jaw Worm","floor":5,"turns":6},{"damage":4,"enemies":"Looter","floor":7,"turns":3},{"damage":5,"enemies":"Gremlin Gang","floor":12,"turns":6},{"damage":0,"enemies":"Exordium Wildlife","floor":13,"turns":4},{"damage":4,"enemies":"Exordium Thugs","floor":14,"turns":5},{"damage":10,"enemies":"Hexaghost","floor":16,"turns":12},{"damage":7,"enemies":"Shell Parasite","floor":18,"turns":11},{"damage":36,"floor":19,"turns":7},{"damage":14,"enemies":"3 Byrds","floor":21,"turns":3},{"damage":29,"enemies":"Book of Stabbing","floor":24,"turns":8},{"damage":15,"enemies":"Slaver and Parasite","floor":25,"turns":9},{"damage":18,"enemies":"3 Cultists","floor":28,"turns":5},{"damage":7,"enemies":"Snecko","floor":29,"turns":7},{"damage":14,"enemies":"Centurion and Healer","floor":31,"turns":14},{"damage":73,"enemies":"Collector","floor":33,"turns":13}],"relics_obtained":[{"floor":9,"key":"Blood Vial"},{"floor":11,"key":"Toolbox"},{"floor":19,"key":"Red Mask"},{"floor":24,"key":"Singing Bowl"},{"floor":26,"key":"Vajra"}],"event_choices":[{"event_name":"Big Fish","player_choice":"Donut","floor":2,"damage_taken":0},{"event_name":"Purifier","player_choice":"One Purge","floor":3,"damage_taken":0},{"event_name":"Masked Bandits","player_choice":"Fought over 224 gold","floor":19,"damage_taken":0},{"event_name":"The Mausoleum","player_choice":"Yes","floor":20,"damage_taken":0},{"event_name":"Golden Shrine","player_choice":"Pray","floor":30,"damage_taken":0}],"boss_relics":[{"not_picked":["Black Star","Runic Dome"],"picked":"Tiny House"}],"items_purged_floors":[8],"potions_floor_spawned":[5,7,12,13,19,24,28,29],"seed_played":"193171087693544839","killed_by":"Collector","ascension_level":3,"potions_obtained":[{"floor":5,"key":"AttackPotion"},{"floor":7,"key":"Poison Potion"},{"floor":12,"key":"SteroidPotion"},{"floor":13,"key":"FairyPotion"},{"floor":17,"key":"FocusPotion"},{"floor":19,"key":"Ancient Potion"},{"floor":24,"key":"Poison Potion"},{"floor":28,"key":"EssenceOfSteel"},{"floor":29,"key":"Regen Potion"}],"is_trial":false}