{"path_per_floor":["M","M","M","M","M","E","R","M","T","M","?","?","?","M","R","B",null,"M","?","M","M","M","R","E","R","T"],"character_chosen":"DEFECT","items_purchased":[],"gold_per_floor":[113,129,143,156,173,208,208,222,222,240,240,205,205,222,222,320,320,339,438,455,472,488,488,516,516,516,516],"floor_reached":27,"campfire_rested":3,"playtime":1515,"item_purchase_floors":[],"current_hp_per_floor":[47,44,49,47,54,35,57,51,51,47,40,58,75,68,68,54,70,69,69,63,45,49,71,4,26,26,0],"items_purged":[],"gold":516,"score":311,"play_id":"6935fa58-efc4-4c35-b276-6910808a4548","local_time":"20180618153200","is_prod":false,"is_daily":false,"chose_seed":false,"is_ascension_mode":true,"campfire_upgraded":1,"win_rate":0,"timestamp":1529350320,"campfire_choices":[{"floor":7,"key":"REST"},{"data":"Chill","floor":15,"key":"SMITH"},{"floor":23,"key":"REST"},{"floor":25,"key":"REST"}],"path_taken":["M","M","M","M","M","E","R","M","T","M","?","?","?","M","R","BOSS","M","?","M","M","?","R","E","R","T","M"],"build_version":"2018-06-14v2","seed_source_timestamp":388132538457357,"purchased_purges":0,"victory":false,"master_deck":["Strike_B","Strike_B","Strike_B","Defend_B","Defend_B","Defend_B","Defend_B","Zap","Dualcast","Glacier","Self Repair","Chill+1","Storm","Ball Lightning","Doom and Gloom","Consume","Parasite","Reboot","Cold Snap","Ball Lightning+1","Loop","Redo+1","Machine Learning"],"max_hp_per_floor":[75,75,75,75,75,75,75,75,75,75,75,75,75,75,75,75,75,75,75,75,75,75,75,75,75,75,75],"relics":["Snecko Eye","Boot","Dodecahedron","Fusion Hammer","Mercury Hourglass","Bottled Lightning"],"card_choices":[{"not_picked":["Undo","Hello World"],"picked":"Glacier","floor":1},{"not_picked":["Force Field","Steam Power"],"picked":"Self Repair","floor":2},{"not_picked":["Conserve Battery","Double Energy"],"picked":"Chill","floor":3},{"not_picked":["Heatsinks","Rip and Tear","Stack"],"picked":"SKIP","floor":4},{"not_picked":["Loop","Reprogram"],"picked":"Storm","floor":5},{"not_picked":["Hello World","Core Surge"],"picked":"Ball Lightning","floor":6},{"not_picked":["Static Discharge","Barrage"],"picked":"Doom and Gloom","floor":8},{"not_picked":["Redo","Chaos"],"picked":"Consume","floor":10},{"not_picked":["Barrage","Beam Cell","Gash"],"picked":"SKIP","floor":14},{"not_picked":["Meteor Strike","Amplify"],"picked":"Reboot","floor":16},{"not_picked":["Coolheaded","Lockon+1"],"picked":"Cold Snap","floor":18},{"not_picked":["Beam Cell+1","Blizzard"],"picked":"Ball Lightning+1","floor":20},{"not_picked":["BootSequence+1","Genetic Algorithm+1"],"picked":"Loop","floor":21},{"not_picked":["Steam+1","Barrage"],"picked":"Redo+1","floor":22},{"not_picked":["Gash","Steam Power+1"],"picked":"Machine Learning","floor":24}],"player_experience":647976,"potions_floor_usage":[4,4],"damage_taken":[{"damage":21,"enemies":"Small Slimes","floor":1,"turns":4},{"damage":3,"enemies":"Cultist","floor":2,"turns":4},{"damage":2,"enemies":"2 Louse","floor":3,"turns":4},{"damage":9,"enemies":"Looter","floor":4,"turns":3},{"damage":0,"enemies":"2 Fungi Beasts","floor":5,"turns":5},{"damage":26,"enemies":"Lagavulin","floor":6,"turns":10},{"damage":13,"enemies":"Exordium Thugs","floor":8,"turns":7},{"damage":11,"enemies":"Looter","floor":10,"turns":2},{"damage":14,"enemies":"2 Fungi Beasts","floor":14,"turns":4},{"damage":21,"enemies":"The Guardian","floor":16,"turns":15},{"damage":8,"enemies":"Chosen","floor":18,"turns":4},{"damage":6,"enemies":"Spheric Guardian","floor":20,"turns":4},{"damage":25,"enemies":"Snake Plant","floor":21,"turns":5},{"damage":3,"enemies":"3 Cultists","floor":22,"turns":5},{"damage":67,"enemies":"Slavers","floor":24,"turns":6},{"damage":37,"enemies":"Chosen and Byrds","floor":27,"turns":4}],"relics_obtained":[{"floor":6,"key":"Boot"},{"floor":9,"key":"Dodecahedron"},{"floor":24,"key":"Mercury Hourglass"},{"floor":26,"key":"Bottled Lightning"}],"event_choices":[{"event_name":"Golden Wing","player_choice":"Card Removal","floor":11,"damage_taken":0},{"event_name":"The Cleric","player_choice":"Healed","floor":12,"damage_taken":0},{"event_name":"Mushrooms","player_choice":"Healed and dodged fight","floor":13,"damage_taken":0},{"event_name":"Nest","player_choice":"Stole From Cult","floor":19,"damage_taken":0}],"boss_relics":[{"not_picked":["White Beast Statue","Black Star"],"picked":"Fusion Hammer"}],"items_purged_floors":[],"is_endless":false,"potions_floor_spawned":[1,3,6,10,14,18,20,24],"seed_played":"-2854855327062025343","killed_by":"Chosen and Byrds","ascension_level":6,"potions_obtained":[{"floor":1,"key":"Swift Potion"},{"floor":3,"key":"PowerPotion"},{"floor":6,"key":"PowerPotion"},{"floor":10,"key":"Energy Potion"},{"floor":14,"key":"GamblersBrew"},{"floor":24,"key":"FocusPotion"}],"is_trial":false}