{"gold_per_floor":[116,9,26,26,46,80,80,60,142,168,6,17,29,45,45,121,121,136,61,77,77,0,0,0,0,0,0,19,0,0],"floor_reached":30,"playtime":1134,"items_purged":[],"score":440,"play_id":"83a5b975-58d5-49fd-bfa5-5c925557f60e","local_time":"20190211220354","is_ascension_mode":true,"campfire_choices":[{"floor":7.0,"key":"REST"},{"floor":15.0,"key":"REST"},{"floor":23.0,"key":"REST"},{"floor":25.0,"key":"REST"}],"neow_cost":"NONE","seed_source_timestamp":718726622873983,"circlet_count":0,"master_deck":["AscendersBane","Strike_R","Strike_R","Defend_R","Defend_R","Defend_R","Defend_R","Bash","Immolate","Entrench","Panacea","Thunderclap","Disarm","Searing Blow","Pummel","Corruption","Immolate","Entrench","Juggernaut","Armaments","Shrug It Off","Fiend Fire","Immolate","Feel No Pain","Feel No Pain"],"special_seed":0,"relics":["Burning Blood","Sundial","Art of War","Ornamental Fan","Dead Branch","Bag of Marbles","Runic Pyramid","Prayer Wheel"],"potions_floor_usage":[],"damage_taken":[{"damage":7.0,"enemies":"Cultist","floor":1.0,"turns":4.0},{"damage":9.0,"enemies":"2 Louse","floor":3.0,"turns":2.0},{"damage":12.0,"enemies":"Jaw Worm","floor":5.0,"turns":2.0},{"damage":35.0,"enemies":"3 Sentries","floor":6.0,"turns":6.0},{"damage":32.0,"enemies":"Lagavulin","floor":10.0,"turns":6.0},{"damage":10.0,"enemies":"Large Slime","floor":12.0,"turns":4.0},{"damage":11.0,"enemies":"2 Fungi Beasts","floor":13.0,"turns":4.0},{"damage":13.0,"enemies":"3 Louse","floor":14.0,"turns":3.0},{"damage":28.0,"enemies":"Hexaghost","floor":16.0,"turns":10.0},{"damage":37.0,"enemies":"2 Thieves","floor":18.0,"turns":5.0},{"damage":13.0,"enemies":"3 Byrds","floor":20.0,"turns":3.0},{"damage":48.0,"enemies":"Colosseum Slavers","floor":27.0,"turns":5.0},{"damage":15,"enemies":"Snake Plant","floor":28,"turns":4},{"damage":31,"enemies":"Shelled Parasite and Fungi","floor":30,"turns":1}],"seed_played":"-7193225529365481498","potions_obtained":[{"floor":3.0,"key":"Ancient Potion"},{"floor":5.0,"key":"Fire Potion"},{"floor":6.0,"key":"Swift Potion"},{"floor":16.0,"key":"LiquidBronze"},{"floor":20.0,"key":"FearPotion"}],"is_trial":false,"path_per_floor":["M","$","M","T","M","E","R","?","T","E","$","M","M","M","R","B",null,"M","?","M","?","$","R","?","R","T","?","M","?","M"],"character_chosen":"IRONCLAD","items_purchased":["Panacea","Bag of Marbles","Feel No Pain"],"campfire_rested":4,"item_purchase_floors":[2,11,22],"current_hp_per_floor":[67,67,64,64,58,29,51,51,51,25,25,21,16,9,31,9,59,28,28,21,21,21,43,43,65,65,23,14,14,0],"gold":0,"neow_bonus":"ONE_RANDOM_RARE_CARD","is_prod":false,"is_daily":false,"chose_seed":false,"campfire_upgraded":0,"win_rate":0,"timestamp":1549940634,"path_taken":["M","$","M","?","M","E","R","?","T","E","$","M","M","M","R","BOSS","M","?","M","?","$","R","?","R","T","?","M","?","M"],"build_version":"2019-01-23","purchased_purges":0,"victory":false,"max_hp_per_floor":[75,75,75,75,75,75,75,75,75,75,75,75,75,75,75,75,75,75,75,75,75,75,75,75,75,75,75,75,75,75],"card_choices":[{"not_picked":["Clothesline","Anger"],"picked":"Entrench","floor":1.0},{"not_picked":["True Grit","Rupture"],"picked":"Thunderclap","floor":3.0},{"not_picked":["Heavy Blade","Burning Pact"],"picked":"Disarm","floor":5.0},{"not_picked":["Corruption","Burning Pact"],"picked":"Searing Blow","floor":6.0},{"not_picked":["Rupture","Havoc"],"picked":"Pummel","floor":10.0},{"not_picked":["True Grit","Warcry"],"picked":"Corruption","floor":12.0},{"not_picked":["Thunderclap","Wild Strike"],"picked":"Immolate","floor":13.0},{"not_picked":["Perfected Strike","Shockwave"],"picked":"Entrench","floor":14.0},{"not_picked":["Reaper","Berserk"],"picked":"Juggernaut","floor":16.0},{"not_picked":["Dual Wield","Reckless Charge"],"picked":"Armaments","floor":18.0},{"not_picked":["True Grit","Iron Wave"],"picked":"Shrug It Off","floor":20.0},{"not_picked":["Intimidate","Rage"],"picked":"Feel No Pain","floor":28},{"not_picked":["Perfected Strike","Infernal Blade","Clothesline"],"picked":"SKIP","floor":28}],"player_experience":2411016,"relics_obtained":[{"floor":4.0,"key":"Sundial"},{"floor":6.0,"key":"Art of War"},{"floor":9.0,"key":"Ornamental Fan"},{"floor":10.0,"key":"Dead Branch"},{"floor":26.0,"key":"Prayer Wheel"}],"event_choices":[{"damage_healed":0.0,"max_hp_gain":0.0,"max_hp_loss":0.0,"gold_gain":0.0,"event_name":"The Woman in Blue","player_choice":"Bought 1 Potion","floor":8.0,"gold_loss":0.0,"damage_taken":0.0},{"cards_removed":["Strike_R"],"damage_healed":0.0,"max_hp_gain":0.0,"max_hp_loss":0.0,"gold_gain":0.0,"event_name":"Beggar","player_choice":"Gave Gold","floor":19.0,"gold_loss":75.0,"damage_taken":0.0},{"damage_healed":0.0,"max_hp_gain":0.0,"max_hp_loss":0.0,"gold_gain":0.0,"cards_transformed":["Strike_R","Strike_R"],"event_name":"Drug Dealer","player_choice":"Became Test Subject","floor":21.0,"gold_loss":0.0,"damage_taken":0.0,"cards_obtained":["Fiend Fire","Immolate"]},{"damage_healed":0.0,"max_hp_gain":0.0,"max_hp_loss":0.0,"gold_gain":0.0,"event_name":"Colosseum","player_choice":"Fight","floor":27.0,"gold_loss":0.0,"damage_taken":0.0},{"damage_healed":0.0,"max_hp_gain":0.0,"max_hp_loss":0.0,"gold_gain":0.0,"event_name":"Colosseum","player_choice":"Fled From Nobs","floor":27.0,"gold_loss":0.0,"damage_taken":0.0},{"damage_healed":0,"gold_gain":0,"player_choice":"Paid Fearfully","damage_taken":0,"max_hp_gain":0,"max_hp_loss":0,"event_name":"Masked Bandits","floor":29,"gold_loss":19}],"is_beta":false,"boss_relics":[{"not_picked":["Lizard Tail","Cursed Key"],"picked":"Runic Pyramid"}],"items_purged_floors":[],"is_endless":false,"potions_floor_spawned":[3,5,6,16,20],"killed_by":"Shelled Parasite and Fungi","ascension_level":17}