{"gold_per_floor":[114,114,126,76,76,104,114,3,28,59,59,84,100,129,129,204,204,221,9,26,26],"floor_reached":21,"playtime":920,"items_purged":["Strike_R","Combust+1"],"score":394,"play_id":"6b1750da-f59f-4093-9799-70e74bc49b91","local_time":"20190118091727","is_ascension_mode":true,"campfire_choices":[{"floor":15,"key":"REST"}],"neow_cost":"NONE","seed_source_timestamp":92458991216729,"circlet_count":0,"master_deck":["AscendersBane","Defend_R","Defend_R","Defend_R","Bash","Uppercut","Clash+1","Metallicize","Rage","Feel No Pain","Pommel Strike","Bludgeon","True Grit","Juggernaut","Fiend Fire","Wild Strike+1","Shrug It Off+1","Shrug It Off","Madness","Anger","Pommel Strike"],"relics":["Burning Blood","NeowsBlessing","Lantern","Boot","Regal Pillow","Champion Belt","Whetstone","Blood Vial","Astrolabe"],"potions_floor_usage":[10,10,14],"damage_taken":[{"damage":0,"enemies":"Jaw Worm","floor":1,"turns":1},{"damage":0,"enemies":"Cultist","floor":3,"turns":1},{"damage":0,"enemies":"3 Sentries","floor":6,"turns":2},{"damage":6,"enemies":"Small Slimes","floor":7,"turns":3},{"damage":29,"enemies":"Gremlin Nob","floor":10,"turns":5},{"damage":6,"enemies":"3 Sentries","floor":12,"turns":11},{"damage":3,"enemies":"Looter","floor":13,"turns":2},{"damage":18,"enemies":"Lagavulin","floor":14,"turns":4},{"damage":68,"enemies":"Slime Boss","floor":16,"turns":12},{"damage":33,"enemies":"3 Byrds","floor":18,"turns":4},{"damage":41,"enemies":"2 Thieves","floor":20,"turns":4},{"damage":17,"enemies":"Shelled Parasite and Fungi","floor":21,"turns":2}],"seed_played":"5699064729887416941","potions_obtained":[{"floor":1,"key":"FearPotion"},{"floor":3,"key":"Fire Potion"},{"floor":13,"key":"Explosive Potion"},{"floor":16,"key":"FairyPotion"},{"floor":18,"key":"Ancient Potion"},{"floor":20,"key":"SpeedPotion"}],"is_trial":false,"path_per_floor":["M","?","M","?","?","E","M","$","T","E","?","E","M","E","R","B",null,"M","$","M","M"],"character_chosen":"IRONCLAD","items_purchased":["Feel No Pain","Madness","Anger"],"campfire_rested":1,"item_purchase_floors":[8,19,19],"current_hp_per_floor":[74,74,75,75,68,74,74,74,74,51,51,51,54,42,75,13,60,35,35,13,0],"gold":26,"neow_bonus":"THREE_ENEMY_KILL","is_prod":false,"is_daily":false,"chose_seed":false,"campfire_upgraded":0,"win_rate":0,"timestamp":1547821047,"path_taken":["M","?","?","?","?","E","M","?","T","E","?","E","M","E","R","BOSS","M","$","M","M"],"build_version":"2019-01-17v2","purchased_purges":2,"victory":false,"max_hp_per_floor":[75,75,75,75,75,75,75,75,75,75,75,75,75,75,75,75,75,75,75,75,75],"card_choices":[{"not_picked":["Rage","Sentinel"],"picked":"Uppercut","floor":1},{"not_picked":["Burning Pact","Intimidate"],"picked":"Clash","floor":3},{"not_picked":["Reckless Charge","Limit Break"],"picked":"Metallicize","floor":6},{"not_picked":["Armaments","Entrench"],"picked":"Rage","floor":7},{"not_picked":["Body Slam","Infernal Blade"],"picked":"Pommel Strike","floor":10},{"not_picked":["Corruption","Clash"],"picked":"Bludgeon","floor":12},{"not_picked":["Heavy Blade","Armaments"],"picked":"True Grit","floor":13},{"not_picked":["Iron Wave","Wild Strike"],"picked":"Juggernaut","floor":14},{"not_picked":["Limit Break","Exhume"],"picked":"Fiend Fire","floor":16},{"not_picked":["Cleave","Uppercut"],"picked":"Shrug It Off","floor":18},{"not_picked":["Flex","Seeing Red"],"picked":"Pommel Strike","floor":20}],"player_experience":2150650,"relics_obtained":[{"floor":6,"key":"Boot"},{"floor":9,"key":"Regal Pillow"},{"floor":10,"key":"Champion Belt"},{"floor":12,"key":"Whetstone"},{"floor":14,"key":"Blood Vial"}],"event_choices":[{"cards_removed":["Strike_R"],"damage_healed":0,"gold_gain":0,"player_choice":"Purged","damage_taken":0,"max_hp_gain":0,"max_hp_loss":0,"event_name":"Purifier","floor":2,"gold_loss":0},{"cards_removed":["Strike_R"],"damage_healed":0,"gold_gain":0,"player_choice":"Card Removal","damage_taken":0,"max_hp_gain":0,"max_hp_loss":0,"event_name":"The Cleric","floor":4,"gold_loss":50},{"damage_healed":0,"gold_gain":0,"player_choice":"Success","damage_taken":7,"relics_obtained":["Lantern"],"max_hp_gain":0,"max_hp_loss":0,"event_name":"Scrap Ooze","floor":5,"gold_loss":0},{"damage_healed":0,"gold_gain":0,"player_choice":"Ignored","damage_taken":0,"max_hp_gain":0,"max_hp_loss":0,"event_name":"Shining Light","floor":11,"gold_loss":0}],"is_beta":false,"boss_relics":[{"not_picked":["Orrery","Busted Crown"],"picked":"Astrolabe"}],"items_purged_floors":[8,19],"is_endless":false,"potions_floor_spawned":[1,3,7,13,16,18,20],"killed_by":"Shelled Parasite and Fungi","ascension_level":14}