{"gold_per_floor":[119,135,153,167,184,184,208,235,286,9,9,24,34,63,63,161,161,174,184,194,205,50,50,60,92,92,92,111,123,123,139,139,242,242,256,275,30,30,42,70,70,20,44,62,62,74,5,5,5,5],"floor_reached":51,"playtime":6006,"items_purged":["Strike_B"],"score":715,"play_id":"c0ba8383-6db7-478f-ac1f-30ec07ea7066","local_time":"20180709235026","is_ascension_mode":false,"campfire_choices":[{"data":"Zap","floor":6,"key":"SMITH"},{"data":"Apotheosis","floor":11,"key":"SMITH"},{"data":"BootSequence","floor":15,"key":"SMITH"},{"data":"Echo Form","floor":23,"key":"SMITH"},{"data":"Electrodynamics","floor":27,"key":"SMITH"},{"floor":32,"key":"REST"},{"floor":41,"key":"REST"},{"data":"All For One","floor":45,"key":"SMITH"},{"floor":49,"key":"REST"}],"neow_cost":"","seed_source_timestamp":219354182517059,"circlet_count":0,"master_deck":["Defend_B","Defend_B","Defend_B","Zap+1","Dualcast","Capacitor","Glacier","Barrage","Ball Lightning","Go for the Eyes","Self Repair","Apotheosis+1","BootSequence+1","Cold Snap","Chill","Coolheaded","Electrodynamics+1","Steam+1","Ball Lightning+1","Redo+1","Echo Form+1","Darkness","Loop","Doom and Gloom","Rainbow","Doom and Gloom","Ball Lightning","Zap","BootSequence","Echo Form","Thunder Strike+1","Hello World+1","Heatsinks+1","Self Repair+1","Redo","Blizzard","All For One+1","Jack Of All Trades","Good Instincts","Finesse","Ball Lightning","Hologram","Rebound+1","Skim+1","Fusion"],"relics":["Cracked Core","Odd Mushroom","Oddly Smooth Stone","Bag of Marbles","Meat on the Bone","Lizard Tail","Omamori","Smiling Mask","Astrolabe","Pear","Centennial Puzzle"],"potions_floor_usage":[8,8,8,24,29,33,33,40,40,46,46],"damage_taken":[{"damage":10,"enemies":"Small Slimes","floor":1,"turns":3},{"damage":5,"enemies":"2 Louse","floor":2,"turns":2},{"damage":1,"enemies":"Cultist","floor":3,"turns":3},{"damage":8,"enemies":"Lots of Slimes","floor":4,"turns":6},{"damage":2,"enemies":"Blue Slaver","floor":5,"turns":3},{"damage":9,"floor":7,"turns":5},{"damage":4,"enemies":"Gremlin Nob","floor":8,"turns":4},{"damage":3,"enemies":"3 Louse","floor":12,"turns":4},{"damage":0,"enemies":"2 Fungi Beasts","floor":13,"turns":3},{"damage":4,"enemies":"Lagavulin","floor":14,"turns":5},{"damage":28,"enemies":"Hexaghost","floor":16,"turns":9},{"damage":15,"enemies":"Spheric Guardian","floor":18,"turns":5},{"damage":5,"enemies":"Shell Parasite","floor":19,"turns":5},{"damage":5,"enemies":"Cultist and Chosen","floor":20,"turns":8},{"damage":2,"enemies":"Centurion and Healer","floor":21,"turns":7},{"damage":14,"enemies":"Snecko","floor":24,"turns":4},{"damage":18,"enemies":"Book of Stabbing","floor":25,"turns":5},{"damage":9,"enemies":"Snake Plant","floor":28,"turns":5},{"damage":1,"enemies":"Slaver and Parasite","floor":29,"turns":6},{"damage":25,"enemies":"Snecko","floor":31,"turns":7},{"damage":54,"enemies":"Collector","floor":33,"turns":10},{"damage":0,"enemies":"3 Darklings","floor":35,"turns":2},{"damage":23,"enemies":"3 Shapes","floor":36,"turns":5},{"damage":42,"enemies":"Sphere and 2 Shapes","floor":39,"turns":6},{"damage":45,"enemies":"2 Orb Walkers","floor":40,"turns":7},{"damage":49,"enemies":"Maw","floor":44,"turns":9},{"damage":19,"enemies":"4 Shapes","floor":46,"turns":5},{"damage":112,"enemies":"Time Eater","floor":50,"turns":15}],"seed_played":"6565008901115214460","potions_obtained":[{"floor":1,"key":"LiquidBronze"},{"floor":2,"key":"PowerPotion"},{"floor":5,"key":"FocusPotion"},{"floor":7,"key":"Block Potion"},{"floor":16,"key":"EssenceOfSteel"},{"floor":19,"key":"SpeedPotion"},{"floor":20,"key":"Ancient Potion"},{"floor":21,"key":"Block Potion"},{"floor":25,"key":"GamblersBrew"},{"floor":28,"key":"Dexterity Potion"},{"floor":31,"key":"Poison Potion"},{"floor":36,"key":"SpeedPotion"},{"floor":39,"key":"PowerPotion"},{"floor":40,"key":"Weak Potion"}],"is_trial":false,"path_per_floor":["M","M","M","M","M","R","?","E","T","$","R","M","M","E","R","B",null,"M","M","M","M","$","R","M","E","T","R","M","M","?","M","R","B",null,"M","M","$","?","M","E","R","$","T","M","R","M","$","?","R","B"],"character_chosen":"DEFECT","items_purchased":["Apotheosis","BootSequence","Darkness","Loop","Blizzard","All For One","Fusion"],"campfire_rested":3,"item_purchase_floors":[10,10,22,22,37,37,47],"current_hp_per_floor":[65,60,59,51,49,49,40,43,43,43,43,47,47,50,50,41,75,67,72,74,75,75,75,71,53,53,53,44,53,53,47,69,27,75,75,72,72,62,52,39,64,64,64,47,47,50,50,50,75,24],"gold":5,"neow_bonus":"","is_prod":false,"is_daily":false,"chose_seed":false,"campfire_upgraded":6,"win_rate":0.0,"timestamp":1531146026,"path_taken":["M","M","M","M","M","R","?","E","T","$","R","M","M","E","R","BOSS","M","M","M","M","$","R","M","E","T","R","M","M","?","M","R","BOSS","M","M","$","?","?","E","R","$","T","M","R","M","?","?","R","BOSS"],"build_version":"2018-07-05","purchased_purges":1,"victory":true,"max_hp_per_floor":[75,75,75,75,75,75,75,75,75,75,75,75,75,75,75,75,75,75,75,75,75,75,75,75,75,75,75,75,75,75,75,75,75,75,75,75,75,75,75,85,85,85,85,85,85,85,85,85,85,85],"card_choices":[{"not_picked":["Static Discharge","Compile Driver"],"picked":"Capacitor","floor":1},{"not_picked":["Leap","Ball Lightning"],"picked":"Glacier","floor":2},{"not_picked":["Consume","Stack"],"picked":"Barrage","floor":3},{"not_picked":["Double Energy","Streamline"],"picked":"Ball Lightning","floor":4},{"not_picked":["Beam Cell","Compile Driver"],"picked":"Go for the Eyes","floor":5},{"not_picked":["Barrage","Steam"],"picked":"Self Repair","floor":7},{"not_picked":["Undo","Compile Driver","Force Field"],"picked":"SKIP","floor":8},{"not_picked":["Seek","Gash"],"picked":"Cold Snap","floor":12},{"not_picked":["Sweeping Beam","Rebound"],"picked":"Chill","floor":13},{"not_picked":["Barrage","Darkness"],"picked":"Coolheaded","floor":14},{"not_picked":["Multi-Cast","Creative AI"],"picked":"Electrodynamics","floor":16},{"not_picked":["Aggregate","Reinforced Body"],"picked":"Steam+1","floor":18},{"not_picked":["Melter+1","Cold Snap"],"picked":"Ball Lightning+1","floor":19},{"not_picked":["Barrage+1","Gash+1"],"picked":"Redo+1","floor":20},{"not_picked":["Defragment","Gash"],"picked":"Echo Form","floor":21},{"not_picked":["Stack","Coolheaded+1"],"picked":"Doom and Gloom","floor":24},{"not_picked":["Gash","Compile Driver"],"picked":"Rainbow","floor":25},{"not_picked":["Sweeping Beam","Rebound"],"picked":"Doom and Gloom","floor":28},{"not_picked":["Coolheaded+1","Go for the Eyes"],"picked":"Ball Lightning","floor":29},{"not_picked":["Steam","Lockon"],"picked":"BootSequence","floor":31},{"not_picked":["Thunder Strike","Reboot"],"picked":"Echo Form","floor":33},{"not_picked":["Streamline","Gash"],"picked":"Self Repair+1","floor":35},{"not_picked":["Streamline+1","Beam Cell+1"],"picked":"Redo","floor":36},{"not_picked":["Thinking Ahead","Swift Strike"],"picked":"Jack Of All Trades","floor":38},{"not_picked":["Madness","Sadistic Nature"],"picked":"Good Instincts","floor":38},{"not_picked":["Bandage Up","Deep Breath"],"picked":"Finesse","floor":38},{"not_picked":["Redo","Leap"],"picked":"Ball Lightning","floor":39},{"not_picked":["Leap+1","Melter"],"picked":"Hologram","floor":40},{"not_picked":["Redo+1","Go for the Eyes"],"picked":"Rebound+1","floor":44},{"not_picked":["Leap","Streamline"],"picked":"Skim+1","floor":46}],"player_experience":56955,"relics_obtained":[{"floor":7,"key":"Odd Mushroom"},{"floor":8,"key":"Oddly Smooth Stone"},{"floor":9,"key":"Bag of Marbles"},{"floor":14,"key":"Meat on the Bone"},{"floor":25,"key":"Omamori"},{"floor":26,"key":"Smiling Mask"},{"floor":40,"key":"Pear"},{"floor":43,"key":"Centennial Puzzle"}],"event_choices":[{"event_name":"Mushrooms","player_choice":"Fought Mushrooms","floor":7,"damage_taken":0},{"event_name":"Match and Keep!","player_choice":"1 cards matched","floor":30,"damage_taken":0},{"event_name":"SensoryStone","player_choice":"Memory 3","floor":38,"damage_taken":0},{"event_name":"Bonfire Elementals","player_choice":"BASIC","floor":48,"damage_taken":0}],"boss_relics":[{"not_picked":["White Beast Statue","Runic Pyramid"],"picked":"Lizard Tail"},{"not_picked":["Sozu","Tiny House"],"picked":"Astrolabe"}],"items_purged_floors":[42],"is_endless":false,"potions_floor_spawned":[1,2,5,7,16,19,20,21,25,28,31,36,39,40],"ascension_level":0}