{"gold_per_floor":[109,125,125,125,125,125,125,146,171,171,196,271,296,310,310,429,429,447,4,4,4,4,4,4,17,96,135,135,160,160,175,175,175],"floor_reached":33,"playtime":1150,"items_purged":["Strike_R"],"score":319,"play_id":"7ee695be-9550-4ff4-843d-a95b75e6cff7","local_time":"20181229162218","is_ascension_mode":true,"campfire_choices":[{"data":"Infernal Blade","floor":6.0,"key":"SMITH"},{"floor":7.0,"key":"REST"},{"data":"Bloodletting","floor":10.0,"key":"SMITH"},{"data":"Body Slam","floor":15.0,"key":"SMITH"},{"floor":23,"key":"REST"},{"floor":28,"key":"REST"},{"floor":30,"key":"REST"},{"floor":32,"key":"REST"}],"neow_cost":"TEN_PERCENT_HP_LOSS","seed_source_timestamp":314941413790085,"circlet_count":0,"master_deck":["Strike_R","Strike_R","Strike_R","Strike_R","Defend_R","Defend_R","Defend_R","Defend_R","Bash+1","Limit Break","Bloodletting+1","Infernal Blade+1","Thunderclap","Shrug It Off","Body Slam+1","Demon Form","Heavy Blade","PanicButton","Shockwave","Armaments","Spot Weakness+1"],"special_seed":0,"relics":["Burning Blood","Golden Idol","WingedGreaves","Red Skull","Fusion Hammer","Vajra","The Courier","Bottled Flame"],"potions_floor_usage":[27,27,33],"damage_taken":[{"damage":8.0,"enemies":"Small Slimes","floor":1.0,"turns":3.0},{"damage":2.0,"enemies":"2 Louse","floor":2.0,"turns":3.0},{"damage":0.0,"enemies":"Jaw Worm","floor":8.0,"turns":1.0},{"damage":9.0,"enemies":"Exordium Wildlife","floor":11.0,"turns":4.0},{"damage":4.0,"enemies":"Looter","floor":13.0,"turns":3.0},{"damage":11.0,"enemies":"Blue Slaver","floor":14.0,"turns":4.0},{"damage":47.0,"enemies":"Hexaghost","floor":16.0,"turns":10.0},{"damage":34.0,"enemies":"2 Thieves","floor":18.0,"turns":5.0},{"damage":21.0,"enemies":"Colosseum Slavers","floor":20.0,"turns":4.0},{"damage":0,"enemies":"Chosen","floor":25,"turns":3},{"damage":35,"enemies":"Slavers","floor":27,"turns":5},{"damage":14,"enemies":"Snake Plant","floor":29,"turns":3},{"damage":20,"enemies":"Snecko","floor":31,"turns":5},{"damage":95,"enemies":"Automaton","floor":33,"turns":6}],"seed_played":"-522691160501121788","potions_obtained":[{"floor":1.0,"key":"SteroidPotion"},{"floor":2.0,"key":"FearPotion"},{"floor":8.0,"key":"Regen Potion"},{"floor":13.0,"key":"BloodPotion"},{"floor":29,"key":"AttackPotion"}],"is_trial":false,"path_per_floor":["M","M","?","?","?","R","R","M","T","R","M","?","M","M","R","B",null,"M","$","?","?","$","R","$","M","T","E","R","M","R","M","R","B"],"character_chosen":"IRONCLAD","items_purchased":["Vajra","PanicButton","Shockwave","SteroidPotion"],"campfire_rested":5,"item_purchase_floors":[19,19,19,19],"current_hp_per_floor":[70,72,72,54,29,29,50,56,56,56,53,42,44,39,39,13,57,29,29,14,14,14,35,35,41,41,19,40,32,53,39,60,0],"gold":175,"neow_bonus":"THREE_RARE_CARDS","is_prod":false,"is_daily":false,"chose_seed":false,"campfire_upgraded":3,"win_rate":0,"timestamp":1546068138,"path_taken":["M","M","?","?","?","R","R","?","T","R","M","?","M","M","R","BOSS","M","$","?","?","?","R","$","M","T","E","R","M","R","M","R","BOSS"],"build_version":"2018-12-20","purchased_purges":1,"victory":false,"max_hp_per_floor":[72,72,72,72,72,72,72,72,72,72,72,72,72,72,72,72,72,72,72,72,72,72,72,72,72,72,72,72,72,72,72,72,72],"card_choices":[{"not_picked":["Brutality","Demon Form"],"picked":"Limit Break","floor":0.0},{"not_picked":["Dropkick","Warcry"],"picked":"Bloodletting","floor":1.0},{"not_picked":["Wild Strike","Warcry"],"picked":"Infernal Blade","floor":2.0},{"not_picked":["Rupture","Heavy Blade"],"picked":"Thunderclap","floor":8.0},{"not_picked":["Headbutt","Havoc"],"picked":"Shrug It Off","floor":11.0},{"not_picked":["Entrench","Corruption"],"picked":"Body Slam","floor":13.0},{"not_picked":["Corruption","Pommel Strike","Sword Boomerang"],"picked":"SKIP","floor":14.0},{"not_picked":["Limit Break","Offering"],"picked":"Demon Form","floor":16.0},{"not_picked":["Warcry","Anger+1"],"picked":"Heavy Blade","floor":18.0},{"not_picked":["Flex","Evolve"],"picked":"Armaments","floor":25},{"not_picked":["Metallicize+1","True Grit","Pommel Strike"],"picked":"SKIP","floor":27},{"not_picked":["Iron Wave","Rampage"],"picked":"Spot Weakness+1","floor":29},{"not_picked":["Fire Breathing","Perfected Strike","Hemokinesis"],"picked":"SKIP","floor":31}],"player_experience":270461,"relics_obtained":[{"floor":9.0,"key":"Red Skull"},{"floor":26,"key":"The Courier"},{"floor":27,"key":"Bottled Flame"}],"event_choices":[{"damage_healed":0.0,"max_hp_gain":0.0,"max_hp_loss":0.0,"gold_gain":0.0,"event_name":"Living Wall","player_choice":"Grow","floor":3.0,"gold_loss":0.0,"damage_taken":0.0,"cards_upgraded":["Bash"]},{"damage_healed":0.0,"max_hp_gain":0.0,"max_hp_loss":0.0,"gold_gain":0.0,"event_name":"Golden Idol","player_choice":"Take Damage","floor":4.0,"gold_loss":0.0,"damage_taken":18.0,"relics_obtained":["Golden Idol"]},{"damage_healed":0.0,"max_hp_gain":0.0,"max_hp_loss":0.0,"gold_gain":0.0,"event_name":"Scrap Ooze","player_choice":"Success","floor":5.0,"gold_loss":0.0,"damage_taken":25.0,"relics_obtained":["WingedGreaves"]},{"damage_healed":0.0,"max_hp_gain":0.0,"max_hp_loss":0.0,"gold_gain":75.0,"event_name":"World of Goop","player_choice":"Gather Gold","floor":12.0,"gold_loss":0.0,"damage_taken":11.0},{"damage_healed":0.0,"max_hp_gain":0.0,"max_hp_loss":0.0,"gold_gain":0.0,"event_name":"Colosseum","player_choice":"Fight","floor":20.0,"gold_loss":0.0,"damage_taken":0.0},{"damage_healed":0.0,"max_hp_gain":0.0,"max_hp_loss":0.0,"gold_gain":0.0,"event_name":"Colosseum","player_choice":"Fled From Nobs","floor":20.0,"gold_loss":0.0,"damage_taken":0.0},{"damage_healed":0,"gold_gain":0,"player_choice":"Ignored","damage_taken":0,"max_hp_gain":0,"max_hp_loss":0,"event_name":"The Mausoleum","floor":21,"gold_loss":0}],"is_beta":false,"boss_relics":[{"not_picked":["Tiny House","Runic Pyramid"],"picked":"Fusion Hammer"}],"items_purged_floors":[19],"is_endless":false,"potions_floor_spawned":[1,2,8,13,20,29],"killed_by":"Automaton","ascension_level":5}