{"gold_per_floor":[110,140,164,105,125,152,152,168,194,214,244,244,244,270,270,371,371,388,398,398,410,37,37,52,70,70,70,25,43,63,79,79,179,179,199,216,216,226,226,258,258,24,24,44,64,64,64,77,77,77],"floor_reached":50,"playtime":2496,"items_purged":["Defend_G+1"],"score":859,"play_id":"7d295761-3f06-4d41-8e6f-6b8005e7f56d","local_time":"20190114233524","is_ascension_mode":true,"campfire_choices":[{"data":"Neutralize","floor":7.0,"key":"SMITH"},{"floor":13.0,"key":"REST"},{"data":"Blur","floor":15.0,"key":"SMITH"},{"data":"Escape Plan","floor":23.0,"key":"SMITH"},{"floor":27.0,"key":"REST"},{"floor":32.0,"key":"REST"},{"floor":41,"key":"REST"},{"data":"Noxious Fumes","floor":46,"key":"SMITH"},{"floor":49,"key":"REST"}],"neow_cost":"NONE","seed_source_timestamp":857645931447092,"circlet_count":0,"master_deck":["AscendersBane","Defend_G","Defend_G","Defend_G","Defend_G","Strike_G","Strike_G","Strike_G","Strike_G+1","Strike_G","Survivor+1","Neutralize+1","Escape Plan+1","Leg Sweep","Slice","Blur+1","Catalyst","Dagger Spray+1","Leg Sweep","Die Die Die+1","Flying Knee+1","Deadly Poison","Dagger Spray","Noxious Fumes+1","Glass Knife","Infinite Blades+1","Adrenaline","Blur+1","PiercingWail+1","Adrenaline","Bouncing Flask","Dash","Doppelganger","Madness","Prepared"],"special_seed":0,"relics":["Ring of the Snake","NeowsBlessing","Tiny Chest","Oddly Smooth Stone","Torii","Du-Vu Doll","Vajra","War Paint","Bottled Flame","Cursed Key","Happy Flower","Potion Belt","Runic Dome","Regal Pillow"],"potions_floor_usage":[40,40,40,50,50],"damage_taken":[{"damage":0.0,"enemies":"Cultist","floor":1.0,"turns":1.0},{"damage":0.0,"enemies":"Jaw Worm","floor":5.0,"turns":1.0},{"damage":0.0,"enemies":"Lagavulin","floor":6.0,"turns":1.0},{"damage":0.0,"enemies":"Small Slimes","floor":8.0,"turns":3.0},{"damage":0.0,"enemies":"Red Slaver","floor":10.0,"turns":4.0},{"damage":2.0,"enemies":"3 Sentries","floor":11.0,"turns":7.0},{"damage":3.0,"enemies":"Lagavulin","floor":14.0,"turns":7.0},{"damage":52.0,"enemies":"Slime Boss","floor":16.0,"turns":19.0},{"damage":7.0,"enemies":"Chosen","floor":18.0,"turns":5.0},{"damage":0.0,"enemies":"Shell Parasite","floor":19.0,"turns":5.0},{"damage":0.0,"enemies":"Centurion and Healer","floor":21.0,"turns":8.0},{"damage":0.0,"enemies":"Snake Plant","floor":24.0,"turns":4.0},{"damage":14.0,"enemies":"Snecko","floor":25.0,"turns":5.0},{"damage":9.0,"enemies":"Shelled Parasite and Fungi","floor":29.0,"turns":5.0},{"damage":0.0,"enemies":"Snake Plant","floor":30.0,"turns":4.0},{"damage":0.0,"enemies":"Snecko","floor":31.0,"turns":5.0},{"damage":31.0,"enemies":"Collector","floor":33.0,"turns":8.0},{"damage":18.0,"enemies":"3 Shapes","floor":35.0,"turns":6.0},{"damage":12.0,"enemies":"3 Darklings","floor":36.0,"turns":5.0},{"damage":1.0,"enemies":"Transient","floor":38.0,"turns":5.0},{"damage":13,"enemies":"Reptomancer","floor":40,"turns":6},{"damage":0,"enemies":"Sphere and 2 Shapes","floor":44,"turns":4},{"damage":1,"enemies":"Jaw Worm Horde","floor":45,"turns":2},{"damage":13,"enemies":"3 Darklings","floor":48,"turns":4},{"damage":71,"enemies":"Awakened One","floor":50,"turns":14}],"seed_played":"-4389406072212802455","potions_obtained":[{"floor":5.0,"key":"FearPotion"},{"floor":6.0,"key":"EntropicBrew"},{"floor":11.0,"key":"Swift Potion"},{"floor":18.0,"key":"Poison Potion"},{"floor":25.0,"key":"Dexterity Potion"},{"floor":29.0,"key":"Dexterity Potion"},{"floor":30.0,"key":"SteroidPotion"},{"floor":36.0,"key":"Strength Potion"},{"floor":40,"key":"Dexterity Potion"},{"floor":45,"key":"PowerPotion"}],"is_trial":false,"path_per_floor":["M","T","T","?","M","E","R","M","T","M","E","?","R","E","R","B",null,"M","M","?","M","$","R","M","M","T","R","$","M","M","M","R","B",null,"M","M","?","M","?","E","R","$","T","M","M","R","?","M","R","B"],"character_chosen":"THE_SILENT","items_purchased":["Happy Flower","Potion Belt","Dagger Spray","Bouncing Flask","Dash","Doppelganger"],"campfire_rested":5,"item_purchase_floors":[22,22,28,42,42,42],"current_hp_per_floor":[63,63,63,63,63,63,63,63,63,63,61,47,68,65,65,13,56,49,49,49,49,49,49,49,35,35,56,56,47,47,47,68,37,62,44,32,32,31,31,18,52,52,52,52,51,51,51,38,66,0],"gold":77,"neow_bonus":"THREE_ENEMY_KILL","is_prod":false,"is_daily":false,"chose_seed":false,"campfire_upgraded":4,"win_rate":0,"timestamp":1547476524,"path_taken":["M","?","?","?","M","E","R","M","T","?","E","?","R","E","R","BOSS","M","M","?","M","$","R","M","M","T","R","?","M","?","M","R","BOSS","M","?","?","?","?","E","R","$","T","M","M","R","?","M","R","BOSS"],"build_version":"2019-01-10","purchased_purges":1,"victory":false,"max_hp_per_floor":[70,70,70,70,70,70,70,70,70,70,70,70,70,70,70,70,70,70,70,70,70,70,70,70,70,70,70,70,70,70,70,70,70,70,70,70,70,70,66,66,66,66,66,66,66,66,66,66,66,66],"card_choices":[{"not_picked":["Dagger Throw","Deadly Poison"],"picked":"Escape Plan","floor":1.0},{"not_picked":["Predator","Blade Dance"],"picked":"Leg Sweep","floor":5.0},{"not_picked":["Setup","Outmaneuver"],"picked":"Slice","floor":6.0},{"not_picked":["Deadly Poison","Eviscerate"],"picked":"Blur","floor":8.0},{"not_picked":["PiercingWail","Underhanded Strike"],"picked":"Catalyst","floor":10.0},{"not_picked":["Flechettes","Underhanded Strike"],"picked":"Dagger Spray","floor":11.0},{"not_picked":["Endless Agony","Quick Slash"],"picked":"Leg Sweep","floor":14.0},{"not_picked":["Wraith Form v2","Grand Finale"],"picked":"Die Die Die","floor":16.0},{"not_picked":["Bane","Underhanded Strike","Deflect"],"picked":"SKIP","floor":18.0},{"not_picked":["Backflip","PiercingWail"],"picked":"Flying Knee+1","floor":19.0},{"not_picked":["Choke","Eviscerate","Deflect+1"],"picked":"SKIP","floor":21.0},{"not_picked":["Underhanded Strike+1","Terror"],"picked":"Deadly Poison","floor":24.0},{"not_picked":["Deflect","Choke+1","Concentrate"],"picked":"SKIP","floor":25.0},{"not_picked":["Sucker Punch+1","Deflect"],"picked":"Noxious Fumes","floor":29.0},{"not_picked":["Acrobatics","Slice"],"picked":"Glass Knife","floor":30.0},{"not_picked":["Concentrate","Finisher+1"],"picked":"Infinite Blades+1","floor":31.0},{"not_picked":["Wraith Form v2","Unload"],"picked":"Adrenaline","floor":33.0},{"not_picked":["Poisoned Stab","Deflect"],"picked":"Blur+1","floor":35.0},{"not_picked":["Accuracy","Footwork"],"picked":"PiercingWail+1","floor":36.0},{"not_picked":["Deadly Poison","Choke","Blade Dance"],"picked":"SKIP","floor":38.0},{"not_picked":["Phantasmal Killer","Eviscerate+1","Underhanded Strike"],"picked":"SKIP","floor":40},{"not_picked":["Concentrate","Dodge and Roll","Noxious Fumes"],"picked":"SKIP","floor":44},{"not_picked":["Sucker Punch","Skewer","Cloak And Dagger"],"picked":"SKIP","floor":45},{"not_picked":["Master of Strategy","Forethought"],"picked":"Madness","floor":47},{"not_picked":["Slice","Endless Agony"],"picked":"Prepared","floor":48}],"player_experience":376487,"relics_obtained":[{"floor":2.0,"key":"Tiny Chest"},{"floor":3.0,"key":"Oddly Smooth Stone"},{"floor":6.0,"key":"Du-Vu Doll"},{"floor":9.0,"key":"Vajra"},{"floor":11.0,"key":"War Paint"},{"floor":14.0,"key":"Bottled Flame"},{"floor":40,"key":"Regal Pillow"}],"event_choices":[{"damage_healed":0.0,"max_hp_gain":0.0,"max_hp_loss":0.0,"gold_gain":0.0,"event_name":"WeMeetAgain","player_choice":"Paid Gold","floor":4.0,"gold_loss":59.0,"damage_taken":0.0,"relics_obtained":["Torii"]},{"damage_healed":0.0,"max_hp_gain":0.0,"max_hp_loss":0.0,"gold_gain":0.0,"event_name":"Shining Light","player_choice":"Entered Light","floor":12.0,"gold_loss":0.0,"damage_taken":14.0,"cards_upgraded":["Strike_G","Dagger Spray"]},{"damage_healed":0.0,"max_hp_gain":0.0,"max_hp_loss":0.0,"gold_gain":0.0,"event_name":"Upgrade Shrine","player_choice":"Upgraded","floor":20.0,"gold_loss":0.0,"damage_taken":0.0,"cards_upgraded":["Die Die Die"]},{"damage_healed":0.0,"max_hp_gain":0.0,"max_hp_loss":0.0,"gold_gain":0.0,"event_name":"Duplicator","player_choice":"Copied","floor":37.0,"gold_loss":0.0,"damage_taken":0.0,"cards_obtained":["Adrenaline"]},{"damage_healed":0.0,"max_hp_gain":0.0,"max_hp_loss":4.0,"gold_gain":0.0,"event_name":"Winding Halls","player_choice":"Max HP","floor":39.0,"gold_loss":0.0,"damage_taken":0.0},{"damage_healed":0,"gold_gain":0,"player_choice":"Memory 1","damage_taken":0,"max_hp_gain":0,"max_hp_loss":0,"event_name":"SensoryStone","floor":47,"gold_loss":0}],"is_beta":false,"boss_relics":[{"not_picked":["Runic Pyramid","Snecko Eye"],"picked":"Cursed Key"},{"not_picked":["Orrery","Black Star"],"picked":"Runic Dome"}],"items_purged_floors":[22],"is_endless":false,"potions_floor_spawned":[5,6,11,18,25,29,30,36,40,45],"killed_by":"Awakened One","ascension_level":12}