{"gold_per_floor":[116,133,147,147,25,25,25,43,119,163,163,177,202,215,215,334,334,347,55,68,89,89,132,157,157,157,157,182,182],"floor_reached":29,"playtime":2637,"items_purged":["Injury"],"score":311,"play_id":"34e7ec38-5506-44dd-b913-639d4294565a","local_time":"20180715192722","is_ascension_mode":true,"campfire_choices":[{"data":"Dash","floor":6,"key":"SMITH"},{"data":"Neutralize","floor":11,"key":"SMITH"},{"data":"Flechettes","floor":15,"key":"SMITH"},{"floor":25,"key":"REST"},{"floor":27,"key":"REST"}],"neow_cost":"","seed_source_timestamp":334576694853439,"circlet_count":0,"master_deck":["Defend_G","Defend_G","Defend_G","Defend_G","Defend_G","Strike_G","Strike_G","Strike_G","Strike_G","Strike_G","Survivor","Neutralize+1","Deadly Poison","Dash+1","Predator","Outmaneuver","PiercingWail","Flechettes","Well Laid Plans","Flechettes+1","Outmaneuver","Bullet Time","PiercingWail","Noxious Fumes","Deadly Poison+1","Crippling Poison","PiercingWail","Flechettes"],"relics":["Ring of the Snake","Golden Idol","Question Card","Boot","Busted Crown","Kunai","Potion Belt","Matryoshka"],"potions_floor_usage":[16,16,23,23,24],"damage_taken":[{"damage":0,"enemies":"2 Louse","floor":1,"turns":4},{"damage":0,"enemies":"Cultist","floor":2,"turns":3},{"damage":2,"enemies":"Jaw Worm","floor":3,"turns":4},{"damage":0,"enemies":"Exordium Wildlife","floor":8,"turns":3},{"damage":26,"enemies":"3 Sentries","floor":10,"turns":10},{"damage":0,"enemies":"Looter","floor":12,"turns":3},{"damage":0,"enemies":"Blue Slaver","floor":13,"turns":4},{"damage":0,"enemies":"Red Slaver","floor":14,"turns":4},{"damage":15,"enemies":"The Guardian","floor":16,"turns":13},{"damage":2,"enemies":"Chosen","floor":18,"turns":6},{"damage":12,"enemies":"2 Thieves","floor":20,"turns":4},{"damage":6,"enemies":"Sentry and Sphere","floor":21,"turns":6},{"damage":51,"enemies":"Gremlin Leader","floor":23,"turns":10},{"damage":1,"enemies":"3 Cultists","floor":24,"turns":5},{"damage":36,"enemies":"Snecko","floor":28,"turns":6},{"damage":16,"enemies":"Book of Stabbing","floor":29,"turns":4}],"seed_played":"98693031348125510","potions_obtained":[{"floor":2,"key":"SteroidPotion"},{"floor":13,"key":"SteroidPotion"},{"floor":16,"key":"EssenceOfSteel"},{"floor":21,"key":"Dexterity Potion"},{"floor":23,"key":"Explosive Potion"}],"is_trial":false,"path_per_floor":["M","M","M","?","$","R","$","M","T","E","R","M","M","M","R","B",null,"M","$","M","M","?","E","M","R","T","R","M"],"character_chosen":"THE_SILENT","items_purchased":["Outmaneuver","Kunai","PiercingWail"],"campfire_rested":2,"item_purchase_floors":[5,19,19],"current_hp_per_floor":[70,70,68,68,68,68,68,68,68,42,42,42,42,42,42,27,59,57,57,45,39,62,11,10,31,31,52,16,0],"gold":182,"neow_bonus":"","is_prod":false,"is_daily":false,"chose_seed":false,"campfire_upgraded":3,"win_rate":0,"timestamp":1531648642,"path_taken":["M","M","M","?","?","R","$","M","T","E","R","M","M","M","R","BOSS","M","$","M","M","?","E","M","R","T","R","M","E"],"build_version":"2018-07-12","purchased_purges":1,"victory":false,"max_hp_per_floor":[70,70,70,70,70,70,70,70,70,70,70,70,70,70,70,70,70,70,70,70,70,70,70,70,70,70,70,70,70],"card_choices":[{"not_picked":["Prepared","Acrobatics"],"picked":"Deadly Poison","floor":1},{"not_picked":["Terror","Sucker Punch"],"picked":"Dash","floor":2},{"not_picked":["Cloak And Dagger","Flying Knee"],"picked":"Predator","floor":3},{"not_picked":["Bane","Leg Sweep"],"picked":"PiercingWail","floor":8},{"not_picked":["Underhanded Strike","Acrobatics","Cloak And Dagger"],"picked":"Flechettes","floor":10},{"not_picked":["Leg Sweep","Quick Slash","Slice"],"picked":"Well Laid Plans","floor":12},{"not_picked":["Dagger Spray","Poisoned Stab","Bane"],"picked":"Flechettes","floor":13},{"not_picked":["Calculated Gamble","Cloak And Dagger","Skewer"],"picked":"Outmaneuver","floor":14},{"not_picked":["Venomology","Adrenaline","Glass Knife"],"picked":"Bullet Time","floor":16},{"not_picked":["Reflex","All Out Attack"],"picked":"SKIP","floor":18},{"not_picked":["Cloak And Dagger"],"picked":"Noxious Fumes","floor":20},{"not_picked":["Eviscerate"],"picked":"Deadly Poison+1","floor":21},{"not_picked":["Acrobatics"],"picked":"Crippling Poison","floor":23},{"not_picked":["Dagger Throw"],"picked":"PiercingWail","floor":24},{"not_picked":["Underhanded Strike+1"],"picked":"Flechettes","floor":28}],"player_experience":150222,"relics_obtained":[{"floor":9,"key":"Question Card"},{"floor":10,"key":"Boot"},{"floor":23,"key":"Potion Belt"},{"floor":26,"key":"Matryoshka"}],"event_choices":[{"event_name":"Golden Idol","player_choice":"Take Wound","floor":4,"damage_taken":0},{"event_name":"The Library","player_choice":"Heal","floor":22,"damage_taken":0}],"boss_relics":[{"not_picked":["Philosopher\u0027s Stone","Velvet Choker"],"picked":"Busted Crown"}],"items_purged_floors":[5],"is_endless":false,"potions_floor_spawned":[2,13,16,21,23],"killed_by":"Book of Stabbing","ascension_level":5}