{"gold_per_floor":[114,114,129,129,79,104,104,118,118,136,136,164,71,89,89,188,188,199,199,214,224,58,58],"floor_reached":23,"playtime":1616,"items_purged":["Sadistic Nature"],"score":237,"play_id":"bc21bd94-c4e3-4559-b598-702aae0b9d22","local_time":"20190212112529","is_ascension_mode":true,"campfire_choices":[{"data":"Dual Wield","floor":7,"key":"SMITH"},{"data":"Armaments","floor":11,"key":"SMITH"},{"data":"Enlightenment","floor":15,"key":"SMITH"}],"neow_cost":"NONE","seed_source_timestamp":87469198830652,"circlet_count":0,"master_deck":["Strike_R","Strike_R","Strike_R","Strike_R","Strike_R","Defend_R+1","Defend_R+1","Defend_R","Defend_R","Bash","Clash","Dual Wield+1","Armaments+1","Juggernaut","Metallicize+1","Flex","Battle Trance"],"relics":["Burning Blood","NeowsBlessing","Singing Bowl","Red Skull","Vajra","War Paint","Dream Catcher","Black Star"],"potions_floor_usage":[16,23,23],"damage_taken":[{"damage":0,"enemies":"2 Louse","floor":1,"turns":1},{"damage":0,"enemies":"Small Slimes","floor":3,"turns":1},{"damage":0,"enemies":"Gremlin Nob","floor":6,"turns":1},{"damage":0,"enemies":"Cultist","floor":8,"turns":4},{"damage":12,"enemies":"Large Slime","floor":10,"turns":6},{"damage":12,"enemies":"3 Sentries","floor":12,"turns":9},{"damage":0,"enemies":"Blue Slaver","floor":14,"turns":3},{"damage":32,"enemies":"The Guardian","floor":16,"turns":8},{"damage":22,"enemies":"Spheric Guardian","floor":18,"turns":6},{"damage":32,"enemies":"2 Thieves","floor":20,"turns":4},{"damage":25,"enemies":"Centurion and Healer","floor":21,"turns":5},{"damage":47,"enemies":"Slavers","floor":23,"turns":3}],"seed_played":"6994119699781243720","potions_obtained":[{"floor":3,"key":"Regen Potion"},{"floor":8,"key":"SneckoOil"},{"floor":10,"key":"Strength Potion"},{"floor":16,"key":"Fire Potion"},{"floor":20,"key":"FairyPotion"}],"is_trial":false,"path_per_floor":["M","?","M","?","?","E","R","M","T","M","R","E","$","M","R","B",null,"M","?","M","M","$","E"],"character_chosen":"IRONCLAD","items_purchased":["Enlightenment","Flex","Battle Trance"],"campfire_rested":0,"item_purchase_floors":[13,22,22],"current_hp_per_floor":[80,80,80,68,68,76,76,84,84,78,78,74,74,82,82,56,88,72,72,48,31,31,0],"gold":58,"neow_bonus":"THREE_ENEMY_KILL","is_prod":false,"is_daily":false,"chose_seed":false,"campfire_upgraded":3,"win_rate":0,"timestamp":1549999529,"path_taken":["M","?","M","?","?","E","R","M","T","M","R","E","$","M","R","BOSS","M","?","?","M","$","E"],"build_version":"2019-01-23","purchased_purges":1,"victory":false,"max_hp_per_floor":[80,80,80,80,80,82,82,84,84,84,84,86,86,88,88,88,88,88,88,90,92,92,92],"card_choices":[{"not_picked":["Pommel Strike","Bloodletting"],"picked":"Clash","floor":1},{"not_picked":["Cleave","Burning Pact"],"picked":"Dual Wield","floor":3},{"not_picked":["Headbutt","Searing Blow","Heavy Blade"],"picked":"Singing Bowl","floor":6},{"not_picked":["True Grit","Headbutt","Iron Wave"],"picked":"Singing Bowl","floor":8},{"not_picked":["Heavy Blade","Warcry"],"picked":"Armaments","floor":10},{"not_picked":["Shrug It Off","Warcry","Perfected Strike"],"picked":"Singing Bowl","floor":12},{"not_picked":["Armaments","Whirlwind","Entrench"],"picked":"Singing Bowl","floor":14},{"not_picked":["Exhume","Dark Embrace"],"picked":"Juggernaut","floor":16},{"not_picked":["Iron Wave","Headbutt"],"picked":"Metallicize+1","floor":18},{"not_picked":["Inflame","Intimidate","Twin Strike"],"picked":"Singing Bowl","floor":20},{"not_picked":["Perfected Strike","Bloodletting","Headbutt"],"picked":"Singing Bowl","floor":21}],"player_experience":211522,"relics_obtained":[{"floor":6,"key":"Vajra"},{"floor":9,"key":"War Paint"},{"floor":12,"key":"Dream Catcher"}],"event_choices":[{"damage_healed":0,"gold_gain":0,"player_choice":"Box","damage_taken":0,"relics_obtained":["Singing Bowl"],"max_hp_gain":0,"max_hp_loss":0,"event_name":"Big Fish","floor":2,"gold_loss":0,"cards_obtained":["Regret"]},{"damage_healed":0,"gold_gain":0,"player_choice":"Success","damage_taken":12,"relics_obtained":["Red Skull"],"max_hp_gain":0,"max_hp_loss":0,"event_name":"Scrap Ooze","floor":4,"gold_loss":0},{"cards_removed":["Regret"],"damage_healed":0,"gold_gain":0,"player_choice":"Card Removal","damage_taken":0,"max_hp_gain":0,"max_hp_loss":0,"event_name":"The Cleric","floor":5,"gold_loss":50},{"damage_healed":0,"gold_gain":0,"cards_transformed":["Enlightenment"],"player_choice":"Transformed","damage_taken":0,"max_hp_gain":0,"max_hp_loss":0,"event_name":"Transmorgrifier","floor":19,"gold_loss":0,"cards_obtained":["Sadistic Nature"]}],"is_beta":false,"boss_relics":[{"not_picked":["Philosopher\u0027s Stone","Calling Bell"],"picked":"Black Star"}],"items_purged_floors":[22],"is_endless":false,"potions_floor_spawned":[3,8,10,16,20],"killed_by":"Slavers","ascension_level":1}