{"gold_per_floor":[148,0,12,28,40,40,68,68,68,94,94,19,37,212,212,315,315,332,342,99,116,31,62,62],"floor_reached":24,"playtime":2993,"items_purged":["Strike_G","Injury"],"score":274,"play_id":"18434e8e-75f1-44cc-833f-c131e52fda26","local_time":"20180711185357","is_ascension_mode":true,"campfire_choices":[{"data":"Bouncing Flask","floor":6,"key":"SMITH"},{"data":"Deadly Poison","floor":8,"key":"SMITH"},{"data":"Deadly Poison","floor":11,"key":"SMITH"},{"data":"Bouncing Flask","floor":15,"key":"SMITH"}],"neow_cost":"NONE","seed_source_timestamp":111938402074722,"circlet_count":0,"master_deck":["Defend_G","Defend_G","Defend_G+1","Defend_G","Defend_G","Strike_G","Strike_G","Survivor","Neutralize","Calculated Gamble","Deadly Poison+1","Calculated Gamble","Bouncing Flask+1","Outmaneuver","Deadly Poison+1","Bouncing Flask+1","Corpse Explosion","Concentrate+1","Sucker Punch+1","Poisoned Stab","Bane","Deadly Poison+1","Die Die Die"],"relics":["Tiny House","Pen Nib","Gambling Chip","Darkstone Periapt","Ornamental Fan","Astrolabe","Orichalcum","Calipers","Smiling Mask"],"potions_floor_usage":[5,10,10,16,19,24],"damage_taken":[{"damage":7,"enemies":"Small Slimes","floor":1,"turns":6},{"damage":0,"enemies":"Cultist","floor":3,"turns":4},{"damage":0,"enemies":"2 Louse","floor":4,"turns":3},{"damage":19,"enemies":"Gremlin Gang","floor":5,"turns":6},{"damage":2,"enemies":"Gremlin Nob","floor":7,"turns":3},{"damage":11,"enemies":"3 Sentries","floor":10,"turns":9},{"damage":3,"enemies":"Red Slaver","floor":13,"turns":3},{"damage":12,"enemies":"Hexaghost","floor":16,"turns":6},{"damage":0,"enemies":"Chosen","floor":18,"turns":4},{"damage":21,"enemies":"2 Thieves","floor":19,"turns":3},{"damage":19,"enemies":"Chosen and Byrds","floor":21,"turns":7},{"damage":39,"enemies":"Slavers","floor":23,"turns":3},{"damage":11,"enemies":"Snake Plant","floor":24,"turns":2}],"seed_played":"-4785324709949389030","potions_obtained":[{"floor":0,"key":"Weak Potion"},{"floor":4,"key":"Weak Potion"},{"floor":7,"key":"EssenceOfSteel"},{"floor":13,"key":"AttackPotion"},{"floor":16,"key":"GamblersBrew"},{"floor":18,"key":"GhostInAJar"}],"is_trial":false,"path_per_floor":["M","$","M","M","M","R","E","R","T","E","R","$","M","?","R","B",null,"M","M","$","M","?","E"],"character_chosen":"THE_SILENT","items_purchased":["Pen Nib","Orichalcum"],"campfire_rested":0,"item_purchase_floors":[2,20],"current_hp_per_floor":[68,68,68,68,49,49,47,47,47,36,36,36,33,39,39,27,87,87,66,66,47,47,8,0],"gold":62,"neow_bonus":"BOSS_RELIC","is_prod":false,"is_daily":false,"chose_seed":false,"campfire_upgraded":4,"win_rate":0,"timestamp":1531301037,"path_taken":["M","$","M","M","M","R","E","R","T","E","R","$","M","?","R","BOSS","M","M","$","M","?","E","M"],"build_version":"2018-07-05","purchased_purges":2,"victory":false,"max_hp_per_floor":[75,75,75,75,75,75,75,75,75,75,75,75,75,81,81,81,87,87,87,87,87,87,87,87],"card_choices":[{"not_picked":["Flying Knee","Dagger Throw"],"picked":"Calculated Gamble","floor":0},{"not_picked":["Flying Knee","Leg Sweep"],"picked":"Deadly Poison","floor":1},{"not_picked":["Dodge and Roll","Underhanded Strike"],"picked":"Calculated Gamble","floor":3},{"not_picked":["Reflex","Skewer"],"picked":"Bouncing Flask","floor":4},{"not_picked":["Expertise","Dodge and Roll","Dash"],"picked":"SKIP","floor":5},{"not_picked":["Footwork","Prepared"],"picked":"Outmaneuver","floor":7},{"not_picked":["Bane","Cloak And Dagger"],"picked":"Deadly Poison","floor":10},{"not_picked":["Dagger Throw","PiercingWail"],"picked":"Bouncing Flask","floor":13},{"not_picked":["A Thousand Cuts","Venomology"],"picked":"Corpse Explosion","floor":16},{"not_picked":["Concentrate+1","Setup"],"picked":"Poisoned Stab","floor":18},{"not_picked":["Backflip","Flechettes"],"picked":"Bane","floor":19},{"not_picked":["Dodge and Roll+1","Heel Hook"],"picked":"Deadly Poison+1","floor":21},{"not_picked":["Concentrate","Riddle With Holes"],"picked":"Die Die Die","floor":23}],"player_experience":100446,"relics_obtained":[{"floor":7,"key":"Gambling Chip"},{"floor":9,"key":"Darkstone Periapt"},{"floor":10,"key":"Ornamental Fan"},{"floor":23,"key":"Smiling Mask"}],"event_choices":[{"event_name":"Liars Game","player_choice":"agreed","floor":14,"damage_taken":0},{"event_name":"Addict","player_choice":"Obtained Relic","floor":22,"damage_taken":0}],"boss_relics":[{"not_picked":["White Beast Statue","Philosopher\u0027s Stone"],"picked":"Astrolabe"}],"items_purged_floors":[12,20],"is_endless":false,"potions_floor_spawned":[4,7,13,16,18],"killed_by":"Snake Plant","ascension_level":2}