{"path_per_floor":["M","?","?","M","M","R","E","?","T","M","M","M","$","M","R","B",null,"M","M","?"],"character_chosen":"IRONCLAD","items_purchased":["Apotheosis","True Grit"],"gold_per_floor":[116,116,116,131,143,143,171,171,171,187,205,217,5,16,16,121,121,138,149,149,149],"floor_reached":21,"campfire_rested":2,"playtime":1543,"current_hp_per_floor":[79,79,63,63,63,80,79,79,79,74,47,35,35,22,50,29,94,78,42,26,0],"items_purged":[],"gold":149,"score":183,"play_id":"bcadd474-09a7-48d5-954e-ee90676209fa","local_time":"20180521091842","is_prod":false,"is_daily":false,"chose_seed":false,"is_ascension_mode":false,"campfire_upgraded":0,"timestamp":1526908722,"campfire_choices":[{"floor":6,"key":"REST"},{"floor":15,"key":"REST"}],"path_taken":["M","?","?","?","M","R","E","?","T","?","M","M","?","M","R","BOSS","M","M","?","M"],"build_version":"2018-05-17","seed_source_timestamp":20097219966829,"purchased_purges":0,"victory":false,"master_deck":["Strike_R","Strike_R","Strike_R+1","Strike_R","Defend_R","Defend_R","Defend_R","Defend_R","Bash","Fire Breathing+1","Thunderclap+1","Dropkick","Thunderclap","Demon Form","Fire Breathing","Dropkick","Apotheosis","True Grit","Shrug It Off","Barricade","Carnage","Pommel Strike+1","Necronomicurse"],"max_hp_per_floor":[80,80,80,80,80,80,94,94,94,94,94,94,94,94,94,94,94,94,94,94,94],"relics":["Mark of Pain","Mango","Centennial Puzzle","Black Star","Necronomicon"],"card_choices":[{"not_picked":["Flex","Flame Barrier"],"picked":"Fire Breathing","floor":1},{"not_picked":["Heavy Blade","Pummel"],"picked":"Thunderclap","floor":4},{"not_picked":["Sword Boomerang","True Grit"],"picked":"Dropkick","floor":5},{"not_picked":["Entrench","Inflame"],"picked":"Thunderclap","floor":7},{"not_picked":["Sword Boomerang","Headbutt"],"picked":"Demon Form","floor":10},{"not_picked":["Sword Boomerang","Uppercut"],"picked":"Fire Breathing","floor":11},{"not_picked":["Seeing Red","Uppercut"],"picked":"Dropkick","floor":12},{"not_picked":["Thunderclap","Flex"],"picked":"Shrug It Off","floor":14},{"not_picked":["Berserk","Dark Embrace"],"picked":"Barricade","floor":16},{"not_picked":["Entrench","Flex+1"],"picked":"Carnage","floor":18},{"not_picked":["Clothesline","Feel No Pain"],"picked":"Pommel Strike+1","floor":19}],"player_experience":15991,"potions_floor_usage":[16,16,16,19],"damage_taken":[{"damage":1,"enemies":"Jaw Worm","floor":1,"turns":3},{"damage":0,"enemies":"Cultist","floor":4,"turns":3},{"damage":0,"enemies":"Small Slimes","floor":5,"turns":3},{"damage":15,"enemies":"Gremlin Nob","floor":7,"turns":4},{"damage":5,"enemies":"Looter","floor":10,"turns":2},{"damage":27,"enemies":"Exordium Wildlife","floor":11,"turns":4},{"damage":12,"enemies":"Blue Slaver","floor":12,"turns":2},{"damage":13,"enemies":"2 Fungi Beasts","floor":14,"turns":4},{"damage":21,"enemies":"Hexaghost","floor":16,"turns":6},{"damage":16,"enemies":"Chosen","floor":18,"turns":5},{"damage":36,"enemies":"2 Thieves","floor":19,"turns":5},{"damage":26,"enemies":"3 Cultists","floor":21,"turns":4}],"relics_obtained":[{"floor":7,"key":"Mango"},{"floor":9,"key":"Centennial Puzzle"},{"floor":20,"key":"Necronomicon"}],"event_choices":[{"event_name":"Purifier","player_choice":"One Purge","floor":2,"damage_taken":0},{"event_name":"Shining Light","player_choice":"Entered Light","floor":3,"damage_taken":0},{"event_name":"Living Wall","player_choice":"Grow","floor":8,"damage_taken":0},{"event_name":"Cursed Tome","player_choice":"Obtained Book","floor":20,"damage_taken":0}],"boss_relics":[{"not_picked":["Snecko Eye","Sozu"],"picked":"Black Star"}],"potions_floor_spawned":[1,7,12,16,18],"seed_played":"5371785081478056337","killed_by":"3 Cultists","ascension_level":0,"potions_obtained":[{"floor":1,"key":"Swift Potion"},{"floor":7,"key":"Fire Potion"},{"floor":12,"key":"AttackPotion"},{"floor":16,"key":"GamblersBrew"},{"floor":18,"key":"Ancient Potion"}],"is_trial":false}