{"gold_per_floor":[113,126,126,142,155,155,183,183,238,260,272,307,319,356,368,475,487,522,534,546,558,591,603,615],"floor_reached":24,"playtime":1252,"items_purged":[],"score":337,"play_id":"b1056955-dd79-415a-85cf-254644206d25","local_time":"20180808173646","is_ascension_mode":true,"campfire_choices":[{"floor":6,"key":"REST"},{"data":"Zap","floor":8,"key":"SMITH"},{"floor":15,"key":"REST"},{"floor":23,"key":"REST"}],"neow_cost":"","seed_source_timestamp":100878022682788,"circlet_count":0,"master_deck":["Strike_B+1","Strike_B+1","Strike_B+1","Strike_B+1","Defend_B+1","Defend_B+1","Defend_B+1","Defend_B+1","Zap+1","Dualcast","AscendersBane","Coolheaded","Defragment","Core Surge","Cold Snap","Go for the Eyes+1","Cold Snap+1","Injury","Capacitor","Parasite","Coolheaded","Core Surge+1","Hologram"],"relics":["Cracked Core","Molten Egg 2","MawBank","Golden Idol","Inserter","Happy Flower"],"potions_floor_usage":[7,14,24],"damage_taken":[{"damage":1,"enemies":"Cultist","floor":1,"turns":4},{"damage":8,"enemies":"2 Louse","floor":2,"turns":3},{"damage":12,"enemies":"Jaw Worm","floor":4,"turns":2},{"damage":13,"enemies":"Looter","floor":5,"turns":3},{"damage":19,"enemies":"Lagavulin","floor":7,"turns":6},{"damage":16,"enemies":"3 Louse","floor":10,"turns":4},{"damage":7,"enemies":"2 Fungi Beasts","floor":12,"turns":3},{"damage":10,"enemies":"Blue Slaver","floor":14,"turns":4},{"damage":27,"enemies":"The Guardian","floor":16,"turns":19},{"damage":24,"enemies":"Shell Parasite","floor":18,"turns":8},{"damage":5,"enemies":"Spheric Guardian","floor":22,"turns":6},{"damage":84,"enemies":"Gremlin Leader","floor":24,"turns":9}],"seed_played":"2400871099719798807","potions_obtained":[{"floor":2,"key":"Fire Potion"},{"floor":3,"key":"FairyPotion"},{"floor":10,"key":"GamblersBrew"},{"floor":16,"key":"GamblersBrew"},{"floor":22,"key":"EssenceOfSteel"}],"is_trial":false,"path_per_floor":["M","M","?","M","M","R","E","R","T","M","?","M","?","M","R","B",null,"M","?","?","?","M","R"],"character_chosen":"DEFECT","items_purchased":[],"campfire_rested":3,"item_purchase_floors":[],"current_hp_per_floor":[63,55,55,43,30,51,32,32,32,16,16,9,26,16,37,10,56,32,32,55,55,50,71,0],"gold":615,"neow_bonus":"","is_prod":false,"is_daily":false,"chose_seed":false,"campfire_upgraded":1,"win_rate":0,"timestamp":1533764206,"path_taken":["M","M","?","M","?","R","E","R","T","M","?","M","?","M","R","BOSS","M","?","?","?","M","R","E"],"build_version":"2018-08-02","purchased_purges":0,"victory":false,"max_hp_per_floor":[71,71,71,71,71,71,71,71,71,71,71,71,71,71,71,71,71,71,71,71,71,71,71,71],"card_choices":[{"not_picked":["Streamline","Undo"],"picked":"Coolheaded","floor":1},{"not_picked":["Sweeping Beam","Rebound"],"picked":"Defragment","floor":2},{"not_picked":["Leap","Conserve Battery"],"picked":"Core Surge","floor":4},{"not_picked":["Gash","Hologram"],"picked":"Cold Snap","floor":5},{"not_picked":["Aggregate","Hyperbeam"],"picked":"Go for the Eyes","floor":7},{"not_picked":["Steam Power","Stack"],"picked":"Cold Snap+1","floor":10},{"not_picked":["Beam Cell+1","Static Discharge"],"picked":"Capacitor","floor":12},{"not_picked":["Turbo","Hello World"],"picked":"Coolheaded","floor":14},{"not_picked":["Seek","Electrodynamics"],"picked":"Core Surge+1","floor":16},{"not_picked":["Go for the Eyes+1","Static Discharge"],"picked":"Hologram","floor":18},{"not_picked":["Chaos","Force Field","White Noise"],"picked":"SKIP","floor":22}],"player_experience":1460971,"relics_obtained":[{"floor":7,"key":"Molten Egg 2"},{"floor":9,"key":"MawBank"}],"event_choices":[{"event_name":"The Lab","player_choice":"Got Potions","floor":3,"damage_taken":0},{"event_name":"Golden Idol","player_choice":"Take Wound","floor":11,"damage_taken":0},{"event_name":"Mushrooms","player_choice":"Healed and dodged fight","floor":13,"damage_taken":0},{"event_name":"The Mausoleum","player_choice":"Yes","floor":19,"damage_taken":0},{"event_name":"The Library","player_choice":"Heal","floor":20,"damage_taken":0},{"event_name":"Back to Basics","player_choice":"Simplicity","floor":21,"damage_taken":0}],"is_beta":false,"boss_relics":[{"not_picked":["Nuclear Battery","Empty Cage"],"picked":"Inserter"}],"items_purged_floors":[],"is_endless":false,"potions_floor_spawned":[2,5,10,16,18,22],"killed_by":"Gremlin Leader","ascension_level":14}