{"gold_per_floor":[111,111,61,71,20,20,45,61,85,112,34,34,46,61,61,166,166,179,196,214,214],"floor_reached":21,"playtime":859,"items_purged":[],"score":227,"play_id":"0ce81e0a-8b8a-41e3-be9e-e069c951b85b","local_time":"20190212131037","is_ascension_mode":true,"campfire_choices":[{"data":"Zap","floor":6,"key":"SMITH"},{"data":"Go for the Eyes","floor":12,"key":"SMITH"},{"data":"Hologram","floor":15,"key":"SMITH"}],"neow_cost":"NONE","seed_source_timestamp":94537819927823,"circlet_count":0,"master_deck":["Strike_B","Strike_B","Strike_B","Strike_B","Defend_B","Defend_B","Defend_B","Defend_B","Zap+1","Dualcast","Gash","Gash","Gash","Rebound","Turbo","Melter","Go for the Eyes+1","Sweeping Beam","Sweeping Beam","Hologram+1","Electrodynamics"],"relics":["Cracked Core","NeowsBlessing","Strawberry","Ancient Tea Set","Bottled Flame","Velvet Choker"],"potions_floor_usage":[16,20],"damage_taken":[{"damage":0,"enemies":"Small Slimes","floor":1,"turns":1},{"damage":0,"enemies":"2 Louse","floor":4,"turns":1},{"damage":0,"enemies":"Lagavulin","floor":7,"turns":1},{"damage":1,"enemies":"Jaw Worm","floor":8,"turns":2},{"damage":26,"enemies":"3 Sentries","floor":10,"turns":6},{"damage":9,"enemies":"Exordium Wildlife","floor":13,"turns":3},{"damage":0,"enemies":"Red Slaver","floor":14,"turns":3},{"damage":29,"enemies":"The Guardian","floor":16,"turns":12},{"damage":22,"enemies":"3 Byrds","floor":18,"turns":4},{"damage":5,"enemies":"Spheric Guardian","floor":19,"turns":3},{"damage":36,"enemies":"Snecko","floor":20,"turns":6},{"damage":19,"enemies":"Snake Plant","floor":21,"turns":3}],"seed_played":"-5873814388245464674","potions_obtained":[{"floor":1,"key":"Swift Potion"},{"floor":4,"key":"FearPotion"},{"floor":10,"key":"Weak Potion"},{"floor":18,"key":"EssenceOfSteel"}],"is_trial":false,"path_per_floor":["M","?","?","M","$","R","E","M","T","E","$","R","M","M","R","B",null,"M","M","M","M"],"character_chosen":"DEFECT","items_purchased":["Gash","Go for the Eyes","Sweeping Beam"],"campfire_rested":0,"item_purchase_floors":[5,11,11],"current_hp_per_floor":[75,82,82,82,82,82,82,81,81,55,55,55,46,46,46,17,82,60,55,19,0],"gold":214,"neow_bonus":"THREE_ENEMY_KILL","is_prod":false,"is_daily":false,"chose_seed":false,"campfire_upgraded":3,"win_rate":0,"timestamp":1550005837,"path_taken":["M","?","?","M","$","R","E","M","T","E","?","R","?","M","R","BOSS","M","M","M","M"],"build_version":"2019-01-23","purchased_purges":0,"victory":false,"max_hp_per_floor":[75,82,82,82,82,82,82,82,82,82,82,82,82,82,82,82,82,82,82,82,82],"card_choices":[{"not_picked":["Defragment","Consume"],"picked":"Gash","floor":1},{"not_picked":["Consume","Conserve Battery"],"picked":"Gash","floor":4},{"not_picked":["Heatsinks","Capacitor"],"picked":"Rebound","floor":7},{"not_picked":["Gash","Chaos"],"picked":"Turbo","floor":8},{"not_picked":["Coolheaded","Chaos"],"picked":"Melter","floor":10},{"not_picked":["Storm","Coolheaded"],"picked":"Sweeping Beam","floor":13},{"not_picked":["Coolheaded","Rebound"],"picked":"Hologram","floor":14},{"not_picked":["Biased Cognition","Seek"],"picked":"Electrodynamics","floor":16},{"not_picked":["Hologram+1","Genetic Algorithm","Beam Cell+1"],"picked":"SKIP","floor":18},{"not_picked":["Streamline","Conserve Battery+1","Rebound+1"],"picked":"SKIP","floor":19},{"not_picked":["Genetic Algorithm","Sweeping Beam","FTL"],"picked":"SKIP","floor":20}],"player_experience":218535,"relics_obtained":[{"floor":7,"key":"Ancient Tea Set"},{"floor":10,"key":"Bottled Flame"}],"event_choices":[{"damage_healed":0,"gold_gain":0,"player_choice":"Box","damage_taken":0,"relics_obtained":["Strawberry"],"max_hp_gain":0,"max_hp_loss":0,"event_name":"Big Fish","floor":2,"gold_loss":0,"cards_obtained":["Regret"]},{"cards_removed":["Regret"],"damage_healed":0,"gold_gain":0,"player_choice":"Card Removal","damage_taken":0,"max_hp_gain":0,"max_hp_loss":0,"event_name":"The Cleric","floor":3,"gold_loss":50}],"is_beta":false,"boss_relics":[{"not_picked":["Busted Crown","Ectoplasm"],"picked":"Velvet Choker"}],"items_purged_floors":[],"is_endless":false,"potions_floor_spawned":[1,4,10,14,18,19],"killed_by":"Snake Plant","ascension_level":1}