{"path_per_floor":["M","M","?","M","M","R","$","M","T","M","M","R","?","?","R","B",null,"M","?","M","M","M","R","M","R","T","M","$","R","E","M","R","B",null,"M","$","M","M"],"character_chosen":"DEFECT","items_purchased":["Singing Bowl","Defragment","Bronze Scales","Strawberry","Leap"],"gold_per_floor":[112,124,124,134,153,153,5,23,23,37,50,50,50,50,50,154,154,170,170,189,200,217,217,235,235,235,246,66,66,100,117,117,221,221,239,19,34,48,48],"floor_reached":39,"campfire_rested":6,"playtime":1690,"item_purchase_floors":[],"current_hp_per_floor":[68,68,61,61,55,75,75,70,70,53,34,57,76,76,76,67,75,65,51,36,26,12,37,44,69,69,48,48,73,54,39,65,61,81,39,46,46,17,0],"items_purged":["Strike_B"],"gold":48,"score":544,"play_id":"05c0c589-48e3-4d47-b11d-c114193a227e","local_time":"20180618160209","is_prod":false,"is_daily":false,"chose_seed":false,"is_ascension_mode":true,"campfire_upgraded":1,"win_rate":0,"timestamp":1529352129,"campfire_choices":[{"floor":6.0,"key":"REST"},{"floor":12.0,"key":"REST"},{"data":"Defragment","floor":15.0,"key":"SMITH"},{"floor":23,"key":"REST"},{"floor":25,"key":"REST"},{"floor":29,"key":"REST"},{"floor":32,"key":"REST"}],"path_taken":["M","M","?","M","M","R","?","M","T","M","M","R","?","?","R","BOSS","M","?","M","?","M","R","M","R","T","M","$","R","E","M","R","BOSS","M","$","M","M","M"],"build_version":"2018-06-14v2","seed_source_timestamp":389696569370202,"purchased_purges":1,"victory":false,"master_deck":["Strike_B","Strike_B","Strike_B","Defend_B","Defend_B","Defend_B","Defend_B","Zap","Dualcast","Fusion","Heatsinks","Self Repair","Ball Lightning","Defragment+1","Defragment+1","Parasite","Rainbow","Loop","Chill+1","Redo","Loop+1","Defragment","Cold Snap","Creative AI","Cold Snap+1","Leap"],"max_hp_per_floor":[75,75,75,75,75,75,75,75,75,77,77,77,77,77,77,77,77,77,82,82,82,84,84,84,84,84,86,86,86,86,88,88,88,88,88,95,97,99,99],"special_seed":0,"relics":["Cracked Core","NeowsBlessing","Centennial Puzzle","Singing Bowl","Cables","Inserter","Bottled Lightning","Bronze Scales","Smiling Mask","Cursed Key","Strawberry"],"card_choices":[{"not_picked":["Chaos","Conserve Battery"],"picked":"Fusion","floor":1.0},{"not_picked":["Stack","Sweeping Beam"],"picked":"Heatsinks","floor":2.0},{"not_picked":["Blizzard","Compile Driver"],"picked":"Self Repair","floor":4.0},{"not_picked":["Conserve Battery","Hologram"],"picked":"Ball Lightning","floor":5.0},{"not_picked":["Heatsinks","Hologram"],"picked":"Defragment","floor":8.0},{"not_picked":["Turbo","Compile Driver","Rebound"],"picked":"Singing Bowl","floor":10.0},{"not_picked":["Cold Snap","Reboot"],"picked":"Defragment","floor":11.0},{"not_picked":["Hyperbeam","Multi-Cast"],"picked":"Rainbow","floor":16.0},{"not_picked":["Coolheaded","Ball Lightning"],"picked":"Loop","floor":18.0},{"not_picked":["Stack","Redo"],"picked":"Chill+1","floor":20.0},{"not_picked":["Barrage","Ball Lightning"],"picked":"Redo","floor":21.0},{"not_picked":["Rip and Tear+1","Compile Driver","White Noise"],"picked":"Singing Bowl","floor":22},{"not_picked":["Gash","Beam Cell+1"],"picked":"Loop+1","floor":24},{"not_picked":["Compile Driver+1","Conserve Battery","Undo+1"],"picked":"Singing Bowl","floor":27},{"not_picked":["White Noise","Sunder"],"picked":"Cold Snap","floor":30},{"not_picked":["Compile Driver","Gash","Tempest"],"picked":"Singing Bowl","floor":31},{"not_picked":["All For One","Biased Cognition"],"picked":"Creative AI","floor":33},{"not_picked":["Barrage+1","Redo"],"picked":"Cold Snap+1","floor":35},{"not_picked":["Go for the Eyes+1","Sweeping Beam+1","Sunder"],"picked":"Singing Bowl","floor":37},{"not_picked":["Coolheaded+1","Barrage+1","Cold Snap"],"picked":"Singing Bowl","floor":38}],"player_experience":649491,"potions_floor_usage":[22,22,30],"damage_taken":[{"damage":0.0,"enemies":"Small Slimes","floor":1.0,"turns":1.0},{"damage":0.0,"enemies":"2 Louse","floor":2.0,"turns":1.0},{"damage":0.0,"enemies":"Cultist","floor":4.0,"turns":1.0},{"damage":13.0,"enemies":"Exordium Thugs","floor":5.0,"turns":3.0},{"damage":12.0,"enemies":"2 Fungi Beasts","floor":8.0,"turns":3.0},{"damage":26.0,"enemies":"Exordium Wildlife","floor":10.0,"turns":3.0},{"damage":26.0,"enemies":"Blue Slaver","floor":11.0,"turns":3.0},{"damage":16.0,"enemies":"The Guardian","floor":16.0,"turns":6.0},{"damage":17.0,"enemies":"Spheric Guardian","floor":18.0,"turns":4.0},{"damage":22.0,"enemies":"Chosen","floor":20.0,"turns":6.0},{"damage":17.0,"enemies":"Centurion and Healer","floor":21.0,"turns":6.0},{"damage":23,"enemies":"Snake Plant","floor":22,"turns":4},{"damage":0,"enemies":"Chosen and Byrds","floor":24,"turns":6},{"damage":30,"enemies":"Centurion and Healer","floor":27,"turns":7},{"damage":26,"enemies":"Book of Stabbing","floor":30,"turns":5},{"damage":24,"enemies":"Snake Plant","floor":31,"turns":5},{"damage":11,"enemies":"Champ","floor":33,"turns":8},{"damage":49,"enemies":"3 Darklings","floor":35,"turns":5},{"damage":9,"enemies":"Orb Walker","floor":37,"turns":3},{"damage":38,"enemies":"3 Darklings","floor":38,"turns":5},{"damage":18,"enemies":"Maw","floor":39,"turns":2}],"relics_obtained":[{"floor":9.0,"key":"Cables"},{"floor":26,"key":"Bottled Lightning"},{"floor":30,"key":"Smiling Mask"}],"event_choices":[{"event_name":"Scrap Ooze","player_choice":"success","floor":3.0,"damage_taken":7.0},{"event_name":"Mushrooms","player_choice":"Healed and dodged fight","floor":13.0,"damage_taken":0.0},{"event_name":"Accursed Blacksmith","player_choice":"Forge","floor":14.0,"damage_taken":0.0},{"event_name":"Forgotten Altar","player_choice":"Shed Blood","floor":19.0,"damage_taken":0.0}],"boss_relics":[{"not_picked":["Astrolabe","Fusion Hammer"],"picked":"Inserter"},{"not_picked":["Tiny House","Runic Dome"],"picked":"Cursed Key"}],"items_purged_floors":[36],"is_endless":false,"potions_floor_spawned":[1,2,8,11,20,21,22,24,37],"seed_played":"5389913658059686329","killed_by":"Maw","ascension_level":6,"potions_obtained":[{"floor":1.0,"key":"AttackPotion"},{"floor":2.0,"key":"AttackPotion"},{"floor":8.0,"key":"Poison Potion"},{"floor":11.0,"key":"Weak Potion"},{"floor":20.0,"key":"EssenceOfSteel"},{"floor":21.0,"key":"LiquidBronze"},{"floor":24,"key":"Weak Potion"},{"floor":37,"key":"Strength Potion"}],"is_trial":false}