{"gold_per_floor":[116,116,191,210,227,253,253,287,287,287],"floor_reached":10,"playtime":238,"items_purged":[],"score":87,"play_id":"68c97b66-3a4c-45d0-8e5c-c13683352b51","local_time":"20181023112531","is_ascension_mode":true,"campfire_choices":[],"neow_cost":"NONE","seed_source_timestamp":245965839614101,"circlet_count":0,"master_deck":["Strike_R","Strike_R","Strike_R","Strike_R","Strike_R","Defend_R","Defend_R","Defend_R","Defend_R","Bash","Reaper","Sword Boomerang","Perfected Strike","Flex","Disarm","Rampage"],"relics":["Burning Blood","Letter Opener","Bottled Flame","Omamori","Bottled Lightning"],"potions_floor_usage":[4,6,10],"damage_taken":[{"damage":1,"enemies":"Cultist","floor":1,"turns":4},{"damage":2,"enemies":"Jaw Worm","floor":4,"turns":3},{"damage":1,"enemies":"2 Louse","floor":5,"turns":3},{"damage":25,"enemies":"Gremlin Nob","floor":6,"turns":4},{"damage":55,"enemies":"Lagavulin","floor":8,"turns":7},{"damage":23,"enemies":"3 Sentries","floor":10,"turns":2}],"seed_played":"-7391825119928603809","potions_obtained":[{"floor":1,"key":"Energy Potion"},{"floor":4,"key":"Weak Potion"},{"floor":8,"key":"Dexterity Potion"}],"is_trial":false,"path_per_floor":["M","T","?","M","M","E","?","E","T"],"character_chosen":"IRONCLAD","items_purchased":[],"campfire_rested":0,"item_purchase_floors":[],"current_hp_per_floor":[80,80,69,73,78,59,59,15,15,0],"gold":287,"neow_bonus":"ONE_RANDOM_RARE_CARD","is_prod":false,"is_daily":false,"chose_seed":false,"campfire_upgraded":0,"win_rate":0,"timestamp":1540311931,"path_taken":["M","?","?","M","M","E","?","E","T","E"],"build_version":"2018-10-19","purchased_purges":0,"victory":false,"max_hp_per_floor":[80,80,80,80,80,80,80,80,80,80],"card_choices":[{"not_picked":["Rupture","Armaments"],"picked":"Sword Boomerang","floor":1},{"not_picked":["Fire Breathing","Sword Boomerang"],"picked":"Perfected Strike","floor":4},{"not_picked":["Shrug It Off","True Grit"],"picked":"Flex","floor":5},{"not_picked":["Armaments","Headbutt"],"picked":"Disarm","floor":6},{"not_picked":["Clothesline","Disarm"],"picked":"Rampage","floor":8}],"player_experience":461068,"relics_obtained":[{"floor":2,"key":"Letter Opener"},{"floor":6,"key":"Bottled Flame"},{"floor":8,"key":"Omamori"},{"floor":9,"key":"Bottled Lightning"}],"event_choices":[{"damage_healed":0,"gold_gain":75,"player_choice":"Gather Gold","damage_taken":11,"max_hp_gain":0,"max_hp_loss":0,"event_name":"World of Goop","floor":3,"gold_loss":0},{"damage_healed":0,"gold_gain":0,"player_choice":"Ignored","damage_taken":0,"max_hp_gain":0,"max_hp_loss":0,"event_name":"Liars Game","floor":7,"gold_loss":0}],"is_beta":true,"boss_relics":[],"items_purged_floors":[],"is_endless":false,"potions_floor_spawned":[1,4,8],"killed_by":"3 Sentries","ascension_level":3}