{"gold_per_floor":[211,211,43,62,73,73,106,106,133,37,37,53,64,83,83,180,180,195,195,211,211,221,221,237,237,237,237],"floor_reached":27,"playtime":892,"items_purged":["Strike_B"],"score":269,"play_id":"c8ae6a80-39dd-4a0e-9b34-e7ae65cef4d4","local_time":"20181112214547","is_ascension_mode":true,"campfire_choices":[{"data":"Zap","floor":6,"key":"SMITH"},{"data":"Ball Lightning","floor":8,"key":"SMITH"},{"data":"Beam Cell","floor":11,"key":"SMITH"},{"floor":15,"key":"REST"},{"data":"Rainbow","floor":23,"key":"SMITH"},{"data":"Glacier","floor":25,"key":"SMITH"}],"neow_cost":"NONE","seed_source_timestamp":424615099197664,"circlet_count":0,"master_deck":["Strike_B","Strike_B","Strike_B","Defend_B","Defend_B","Defend_B","Defend_B","Zap+1","Dualcast","Ball Lightning+1","Sweeping Beam","Leap","Swift Strike","Melter","Compile Driver","Beam Cell+1","Conserve Battery","BootSequence","Rainbow+1","Ball Lightning+1","Glacier+1","Chill","Conserve Battery+1"],"relics":["FrozenCore","Smiling Mask","DataDisk","Symbiotic Virus"],"potions_floor_usage":[16,24,27],"damage_taken":[{"damage":0,"enemies":"2 Louse","floor":1,"turns":2},{"damage":1,"enemies":"Cultist","floor":4,"turns":3},{"damage":0,"enemies":"Jaw Worm","floor":5,"turns":2},{"damage":16,"enemies":"Lagavulin","floor":7,"turns":5},{"damage":3,"enemies":"Blue Slaver","floor":12,"turns":3},{"damage":11,"enemies":"Exordium Thugs","floor":13,"turns":4},{"damage":0,"enemies":"2 Fungi Beasts","floor":14,"turns":2},{"damage":11,"enemies":"The Guardian","floor":16,"turns":8},{"damage":0,"enemies":"Chosen","floor":18,"turns":4},{"damage":5,"enemies":"Shell Parasite","floor":20,"turns":4},{"damage":0,"enemies":"Centurion and Healer","floor":22,"turns":5},{"damage":15,"enemies":"3 Cultists","floor":24,"turns":6},{"damage":64,"enemies":"Gremlin Leader","floor":27,"turns":6}],"seed_played":"1392684875199423033","potions_obtained":[{"floor":1,"key":"Ancient Potion"},{"floor":4,"key":"GamblersBrew"},{"floor":12,"key":"Swift Potion"},{"floor":16,"key":"SteroidPotion"},{"floor":20,"key":"Block Potion"},{"floor":24,"key":"Poison Potion"}],"is_trial":false,"path_per_floor":["M","?","$","M","M","R","E","R","T","$","R","M","M","M","R","B",null,"M","?","M","?","M","R","M","R","T","E"],"character_chosen":"DEFECT","items_purchased":["Sweeping Beam","Leap","Swift Strike","Beam Cell"],"campfire_rested":1,"item_purchase_floors":[3,3,3,10],"current_hp_per_floor":[75,75,75,74,74,74,58,58,58,58,58,55,44,44,66,55,70,70,70,65,75,75,75,60,60,60,0],"gold":237,"neow_bonus":"HUNDRED_GOLD","is_prod":false,"is_daily":false,"chose_seed":false,"campfire_upgraded":5,"win_rate":0,"timestamp":1542080747,"path_taken":["M","?","$","M","M","R","E","R","T","$","R","M","M","?","R","BOSS","M","?","M","?","M","R","M","R","T","E"],"build_version":"2018-11-08","purchased_purges":1,"victory":false,"max_hp_per_floor":[75,75,75,75,75,75,75,75,75,75,75,75,75,75,75,75,75,75,75,75,75,75,75,75,75,75,75],"card_choices":[{"not_picked":["Beam Cell","Melter"],"picked":"Ball Lightning","floor":1},{"not_picked":["Ball Lightning","Tempest"],"picked":"Melter","floor":4},{"not_picked":["Blizzard","Aggregate"],"picked":"Compile Driver","floor":5},{"not_picked":["Gash","Compile Driver","Hologram"],"picked":"SKIP","floor":7},{"not_picked":["Coolheaded","Steam"],"picked":"Conserve Battery","floor":12},{"not_picked":["White Noise","Compile Driver","Scrape"],"picked":"SKIP","floor":13},{"not_picked":["Stack","Barrage"],"picked":"BootSequence","floor":14},{"not_picked":["Buffer","Machine Learning"],"picked":"Rainbow","floor":16},{"not_picked":["Chaos","Gash+1"],"picked":"Ball Lightning+1","floor":18},{"not_picked":["Genetic Algorithm","Sweeping Beam+1"],"picked":"Chill","floor":20},{"not_picked":["Hologram","Darkness","Barrage"],"picked":"SKIP","floor":22},{"not_picked":["Rip and Tear","Steam Power+1"],"picked":"Conserve Battery+1","floor":24}],"player_experience":528683,"relics_obtained":[{"floor":7,"key":"Smiling Mask"},{"floor":9,"key":"DataDisk"},{"floor":26,"key":"Symbiotic Virus"}],"event_choices":[{"damage_healed":0,"gold_gain":0,"player_choice":"Bought 0 Potions","damage_taken":0,"max_hp_gain":0,"max_hp_loss":0,"event_name":"The Woman in Blue","floor":2,"gold_loss":0},{"damage_healed":0,"gold_gain":0,"player_choice":"Read","damage_taken":0,"max_hp_gain":0,"max_hp_loss":0,"event_name":"The Library","floor":19,"gold_loss":0,"cards_obtained":["Glacier"]},{"damage_healed":10,"gold_gain":0,"player_choice":"Full Heal","damage_taken":0,"max_hp_gain":0,"max_hp_loss":0,"event_name":"Wheel of Change","floor":21,"gold_loss":0}],"is_beta":true,"boss_relics":[{"not_picked":["Velvet Choker","Pandora\u0027s Box"],"picked":"FrozenCore"}],"items_purged_floors":[10],"is_endless":false,"potions_floor_spawned":[1,4,12,16,20,24],"killed_by":"Gremlin Leader","ascension_level":5}