{"path_per_floor":["M","?","$","M","?","E","M","E","T","R","$","R","E","?","R","B",null,"M","?","?","M","M","E","R","M","T","E","R","$","R","M","R","B",null,"M","M","?","?","?","E","?","M","T","E","M","E","M","E","R","B"],"character_chosen":"IRONCLAD","items_purchased":["Apotheosis","Ornamental Fan"],"gold_per_floor":[211,211,10,27,27,62,72,103,127,127,52,52,85,85,85,190,190,210,210,210,230,244,274,274,289,339,371,371,27,27,41,41,142,142,162,182,182,182,282,300,300,320,320,349,369,396,414,449,449,449],"floor_reached":51,"campfire_rested":1,"playtime":7347,"item_purchase_floors":[],"current_hp_per_floor":[69,62,62,68,73,70,76,69,69,69,69,69,49,32,57,37,73,76,76,76,84,85,80,80,80,80,80,80,80,80,85,85,48,76,63,74,64,70,70,31,74,74,74,73,74,52,59,71,71,42],"items_purged":["Strike_R","Strike_R"],"gold":449,"score":988,"play_id":"d0172071-56de-4897-8408-95bea2f2a300","local_time":"20180627102827","is_prod":false,"is_daily":false,"chose_seed":false,"is_ascension_mode":true,"campfire_upgraded":6,"win_rate":0,"timestamp":1530088107,"campfire_choices":[{"data":"Iron Wave","floor":10.0,"key":"SMITH"},{"data":"Shrug It Off","floor":12.0,"key":"SMITH"},{"floor":15.0,"key":"REST"},{"data":"Reaper","floor":24.0,"key":"SMITH"},{"data":"True Grit","floor":28.0,"key":"SMITH"},{"data":"Ghostly Armor","floor":30.0,"key":"SMITH"},{"data":"Uppercut","floor":32.0,"key":"SMITH"}],"path_taken":["M","?","$","?","?","E","M","E","T","R","?","R","E","?","R","BOSS","M","?","?","?","M","E","R","M","T","E","R","$","R","M","R","BOSS","M","M","?","?","?","E","?","M","T","E","M","E","M","E","R","BOSS"],"build_version":"2018-06-21","seed_source_timestamp":370801730071736,"purchased_purges":2,"circlet_count":0,"victory":true,"master_deck":["Strike_R+1","Defend_R","Defend_R","Defend_R","Defend_R+1","Bash","Iron Wave+1","Apotheosis+1","Shrug It Off+1","Uppercut+1","Bludgeon+1","Shrug It Off","Reaper+1","True Grit+1","Sentinel","Ghostly Armor+1","Pummel+1","Battle Trance","Hemokinesis+1","Pommel Strike+1","Berserk","Headbutt+1","Disarm+1","Bandage Up","Enlightenment","Panacea","Madness","Madness","Iron Wave+1","Iron Wave+1","Flex+1","Clothesline+1","Twin Strike+1","Body Slam+1","Cleave"],"max_hp_per_floor":[80,80,80,80,85,85,85,85,85,85,85,85,85,85,85,85,85,85,85,85,85,85,85,85,85,85,85,85,85,85,85,85,85,85,85,85,85,85,85,85,74,74,74,74,74,74,74,74,74,74],"special_seed":0,"relics":["Burning Blood","Bronze Scales","War Paint","Potion Belt","Mercury Hourglass","Coffee Dripper","Orichalcum","Boot","Bag of Preparation","Ornamental Fan","Fusion Hammer","The Courier","Pen Nib","Ancient Tea Set","Pantograph"],"card_choices":[{"not_picked":["Sword Boomerang","Entrench"],"picked":"Iron Wave","floor":1.0},{"not_picked":["Sword Boomerang","Rupture","Clash"],"picked":"SKIP","floor":4.0},{"not_picked":["Bloodletting","Sword Boomerang"],"picked":"Shrug It Off","floor":6.0},{"not_picked":["Sword Boomerang","Power Through"],"picked":"Uppercut","floor":7.0},{"not_picked":["Burning Pact","Uppercut"],"picked":"Bludgeon","floor":8.0},{"not_picked":["Feel No Pain","True Grit"],"picked":"Shrug It Off","floor":13.0},{"not_picked":["Fiend Fire","Limit Break"],"picked":"Reaper","floor":16.0},{"not_picked":["Havoc","Fire Breathing"],"picked":"True Grit","floor":18.0},{"not_picked":["Armaments+1","Evolve"],"picked":"Sentinel","floor":21.0},{"not_picked":["Thunderclap","Wild Strike"],"picked":"Ghostly Armor","floor":22.0},{"not_picked":["Clothesline","Twin Strike"],"picked":"Pummel+1","floor":23.0},{"not_picked":["Clash","Heavy Blade"],"picked":"Battle Trance","floor":25.0},{"not_picked":["Havoc+1","Armaments"],"picked":"Hemokinesis+1","floor":27.0},{"not_picked":["Rupture+1","Anger"],"picked":"Pommel Strike+1","floor":31.0},{"not_picked":["Demon Form","Limit Break"],"picked":"Berserk","floor":33.0},{"not_picked":["Pommel Strike+1","Twin Strike"],"picked":"Headbutt+1","floor":35.0},{"not_picked":["Headbutt+1","Clash+1"],"picked":"Disarm+1","floor":36.0},{"not_picked":["Jack Of All Trades","Finesse"],"picked":"Bandage Up","floor":37.0},{"not_picked":["Panache","Apotheosis"],"picked":"Enlightenment","floor":37.0},{"not_picked":["Dark Shackles","Swift Strike"],"picked":"Panacea","floor":37.0},{"not_picked":["Spot Weakness","Inflame"],"picked":"Iron Wave+1","floor":40.0},{"not_picked":["Warcry","Battle Trance"],"picked":"Iron Wave+1","floor":42.0},{"not_picked":["Anger","Sever Soul+1"],"picked":"Flex+1","floor":44.0},{"not_picked":["Pummel+1","Pommel Strike"],"picked":"Clothesline+1","floor":45.0},{"not_picked":["Feel No Pain+1","Brutality"],"picked":"Twin Strike+1","floor":46.0},{"not_picked":["Shrug It Off+1","Anger+1"],"picked":"Body Slam+1","floor":47.0},{"not_picked":["Clash","Heavy Blade"],"picked":"Cleave","floor":48.0}],"player_experience":167747,"potions_floor_usage":[50,50,50,50,50],"damage_taken":[{"damage":17.0,"enemies":"Small Slimes","floor":1.0,"turns":4.0},{"damage":0.0,"enemies":"2 Louse","floor":4.0,"turns":4.0},{"damage":9.0,"enemies":"Gremlin Nob","floor":6.0,"turns":3.0},{"damage":0.0,"enemies":"Cultist","floor":7.0,"turns":4.0},{"damage":13.0,"enemies":"3 Sentries","floor":8.0,"turns":8.0},{"damage":26.0,"enemies":"Gremlin Nob","floor":13.0,"turns":4.0},{"damage":26.0,"enemies":"Slime Boss","floor":16.0,"turns":9.0},{"damage":3.0,"enemies":"Spheric Guardian","floor":18.0,"turns":3.0},{"damage":4.0,"enemies":"3 Byrds","floor":21.0,"turns":3.0},{"damage":2.0,"enemies":"Snake Plant","floor":22.0,"turns":2.0},{"damage":11.0,"enemies":"Gremlin Leader","floor":23.0,"turns":5.0},{"damage":6.0,"enemies":"Centurion and Healer","floor":25.0,"turns":7.0},{"damage":6.0,"enemies":"Slavers","floor":27.0,"turns":4.0},{"damage":4.0,"enemies":"Sentry and Sphere","floor":31.0,"turns":3.0},{"damage":43.0,"enemies":"Automaton","floor":33.0,"turns":11.0},{"damage":29.0,"enemies":"3 Darklings","floor":35.0,"turns":7.0},{"damage":2.0,"enemies":"Flame Bruiser 1 Orb","floor":36.0,"turns":4.0},{"damage":2.0,"enemies":"Maw","floor":38.0,"turns":7.0},{"damage":56.0,"enemies":"Giant Head","floor":40.0,"turns":10.0},{"damage":8.0,"enemies":"Maw","floor":42.0,"turns":7.0},{"damage":7.0,"enemies":"Nemesis","floor":44.0,"turns":5.0},{"damage":2.0,"enemies":"3 Darklings","floor":45.0,"turns":4.0},{"damage":28.0,"enemies":"Giant Head","floor":46.0,"turns":7.0},{"damage":20.0,"enemies":"Flame Bruiser 2 Orb","floor":47.0,"turns":6.0},{"damage":0.0,"enemies":"Nemesis","floor":48.0,"turns":5.0},{"damage":61,"enemies":"Donu and Deca","floor":50,"turns":8}],"relics_obtained":[{"floor":6.0,"key":"Bronze Scales"},{"floor":8.0,"key":"War Paint"},{"floor":9.0,"key":"Potion Belt"},{"floor":13.0,"key":"Mercury Hourglass"},{"floor":23.0,"key":"Orichalcum"},{"floor":26.0,"key":"Boot"},{"floor":27.0,"key":"Bag of Preparation"},{"floor":43.0,"key":"The Courier"},{"floor":44.0,"key":"Pen Nib"},{"floor":46.0,"key":"Ancient Tea Set"},{"floor":48.0,"key":"Pantograph"}],"event_choices":[{"event_name":"Golden Wing","player_choice":"Card Removal","floor":2.0,"damage_taken":0.0},{"event_name":"Big Fish","player_choice":"Donut","floor":5.0,"damage_taken":0.0},{"event_name":"Shining Light","player_choice":"Entered Light","floor":14.0,"damage_taken":0.0},{"event_name":"Bonfire Elementals","player_choice":"BASIC","floor":19.0,"damage_taken":0.0},{"event_name":"Ghosts","player_choice":"Ignored","floor":20.0,"damage_taken":0.0},{"event_name":"SensoryStone","player_choice":"Memory 3","floor":37.0,"damage_taken":0.0},{"event_name":"Winding Halls","player_choice":"Embrace Madness","floor":38.0,"damage_taken":0.0},{"event_name":"Golden Shrine","player_choice":"Pray","floor":39.0,"damage_taken":0.0},{"event_name":"The Moai Head","player_choice":"Heal","floor":41.0,"damage_taken":0.0}],"boss_relics":[{"not_picked":["Ectoplasm","Mark of Pain"],"picked":"Coffee Dripper"},{"not_picked":["Runic Pyramid","Tiny House"],"picked":"Fusion Hammer"}],"items_purged_floors":[],"is_endless":false,"potions_floor_spawned":[1,4,6,21,25,27,31,35,38,42,45,47],"seed_played":"637713237533636326","ascension_level":5,"potions_obtained":[{"floor":1.0,"key":"FearPotion"},{"floor":4.0,"key":"BloodPotion"},{"floor":6.0,"key":"Weak Potion"},{"floor":21.0,"key":"Poison Potion"},{"floor":25.0,"key":"Dexterity Potion"},{"floor":27.0,"key":"Dexterity Potion"},{"floor":31.0,"key":"SpeedPotion"},{"floor":35.0,"key":"Fire Potion"},{"floor":42.0,"key":"SpeedPotion"},{"floor":45.0,"key":"Fire Potion"},{"floor":47.0,"key":"Ancient Potion"}],"is_trial":false}