{"gold_per_floor":[214,232,182,34,49,49,82,82,82,100,116,116,130,205,205,307,307,292,292,311,311,0,0,26,125,125,136,166,166,181,200,200,200],"floor_reached":33,"playtime":2463,"items_purged":["Strike_R"],"score":387,"play_id":"68992dd8-5163-4d4d-bcf2-59a327b0f1da","local_time":"20180720101142","is_ascension_mode":true,"campfire_choices":[{"data":"Bash","floor":6,"key":"SMITH"},{"floor":8,"key":"REST"},{"data":"Clothesline","floor":12,"key":"SMITH"},{"floor":15,"key":"REST"},{"floor":23,"key":"REST"},{"floor":29,"key":"REST"},{"floor":32,"key":"REST"}],"neow_cost":"NONE","seed_source_timestamp":557870968082934,"circlet_count":0,"master_deck":["Strike_R+1","Strike_R+1","Strike_R+1","Defend_R+1","Defend_R+1","Defend_R+1","Defend_R+1","Bash+1","Heavy Blade","Bloodletting","Carnage","Exhume","Intimidate","Clothesline+1","Flex","Barricade","Shrug It Off+1","Necronomicurse","Uppercut","Rupture","True Grit","Shrug It Off","Power Through","Metallicize+1","Evolve"],"relics":["Burning Blood","War Paint","Self Forming Clay","Lizard Tail","Necronomicon","Pantograph","Gremlin Horn","Pear","Potion Belt"],"potions_floor_usage":[10,16,16,16,28,31,33],"damage_taken":[{"damage":7,"enemies":"Small Slimes","floor":1,"turns":3},{"damage":18,"enemies":"Jaw Worm","floor":2,"turns":5},{"damage":3,"enemies":"2 Louse","floor":5,"turns":3},{"damage":32,"enemies":"Gremlin Nob","floor":7,"turns":4},{"damage":4,"enemies":"2 Fungi Beasts","floor":10,"turns":3},{"damage":19,"enemies":"Exordium Thugs","floor":11,"turns":5},{"damage":23,"enemies":"Exordium Wildlife","floor":13,"turns":5},{"damage":32,"enemies":"Hexaghost","floor":16,"turns":10},{"damage":21,"enemies":"2 Thieves","floor":18,"turns":4},{"damage":17,"enemies":"Shell Parasite","floor":20,"turns":5},{"damage":28,"enemies":"Book of Stabbing","floor":24,"turns":4},{"damage":1,"enemies":"Centurion and Healer","floor":27,"turns":4},{"damage":29,"enemies":"Slavers","floor":28,"turns":6},{"damage":27,"enemies":"Snake Plant","floor":30,"turns":3},{"damage":15,"enemies":"Sentry and Sphere","floor":31,"turns":5},{"damage":118,"enemies":"Collector","floor":33,"turns":13}],"seed_played":"7983716416073092793","potions_obtained":[{"floor":5,"key":"LiquidBronze"},{"floor":7,"key":"Fire Potion"},{"floor":11,"key":"SteroidPotion"},{"floor":13,"key":"Poison Potion"},{"floor":20,"key":"SteroidPotion"},{"floor":30,"key":"FearPotion"},{"floor":31,"key":"Fire Potion"}],"is_trial":false,"path_per_floor":["M","M","?","$","M","R","E","R","T","M","M","R","M","?","R","B",null,"M","?","M","?","$","R","E","?","T","M","E","R","M","M","R"],"character_chosen":"IRONCLAD","items_purchased":["Carnage","Pantograph","Rupture"],"campfire_rested":5,"item_purchase_floors":[4,22,22],"current_hp_per_floor":[71,59,59,59,62,62,36,60,60,62,49,49,32,21,45,19,65,50,34,23,23,23,47,25,25,35,40,17,44,23,14,41,0],"gold":200,"neow_bonus":"HUNDRED_GOLD","is_prod":false,"is_daily":false,"chose_seed":false,"campfire_upgraded":2,"win_rate":0,"timestamp":1532095902,"path_taken":["M","M","?","$","M","R","E","R","T","M","M","R","M","?","R","BOSS","M","?","M","?","$","R","E","?","T","M","E","R","?","M","R","BOSS"],"build_version":"2018-07-12","purchased_purges":1,"victory":false,"max_hp_per_floor":[80,80,80,80,80,80,80,80,80,80,80,80,80,80,80,80,80,80,80,80,80,80,80,80,80,90,90,90,90,90,90,90,90],"card_choices":[{"not_picked":["Iron Wave","Cleave"],"picked":"Heavy Blade","floor":1},{"not_picked":["Sword Boomerang","Perfected Strike"],"picked":"Bloodletting","floor":2},{"not_picked":["Wild Strike","Corruption"],"picked":"Exhume","floor":5},{"not_picked":["Havoc","Dual Wield"],"picked":"Intimidate","floor":7},{"not_picked":["Pommel Strike","Iron Wave"],"picked":"Clothesline","floor":10},{"not_picked":["Fire Breathing","Wild Strike","Havoc"],"picked":"SKIP","floor":11},{"not_picked":["Body Slam","Perfected Strike"],"picked":"Flex","floor":13},{"not_picked":["Fiend Fire","Feed"],"picked":"Barricade","floor":16},{"not_picked":["Uppercut","Pummel"],"picked":"Shrug It Off+1","floor":18},{"not_picked":["Wild Strike","Iron Wave"],"picked":"Uppercut","floor":20},{"not_picked":["Body Slam","Seeing Red+1"],"picked":"True Grit","floor":24},{"not_picked":["Armaments","Juggernaut"],"picked":"Shrug It Off","floor":27},{"not_picked":["Rupture","Clothesline"],"picked":"Power Through","floor":28},{"not_picked":["Havoc","Twin Strike"],"picked":"Metallicize+1","floor":30},{"not_picked":["Perfected Strike+1","Wild Strike+1"],"picked":"Evolve","floor":31}],"player_experience":1180273,"relics_obtained":[{"floor":7,"key":"War Paint"},{"floor":9,"key":"Self Forming Clay"},{"floor":19,"key":"Necronomicon"},{"floor":24,"key":"Gremlin Horn"},{"floor":26,"key":"Pear"},{"floor":28,"key":"Potion Belt"}],"event_choices":[{"event_name":"The Cleric","player_choice":"Card Removal","floor":3,"damage_taken":0},{"event_name":"World of Goop","player_choice":"Gather Gold","floor":14,"damage_taken":0},{"event_name":"Cursed Tome","player_choice":"Obtained Book","floor":19,"damage_taken":0},{"event_name":"Back to Basics","player_choice":"Simplicity","floor":21,"damage_taken":0},{"event_name":"Nest","player_choice":"Stole From Cult","floor":25,"damage_taken":0}],"boss_relics":[{"not_picked":["White Beast Statue","Astrolabe"],"picked":"Lizard Tail"}],"items_purged_floors":[4],"is_endless":false,"potions_floor_spawned":[5,7,11,13,20,30,31],"killed_by":"Collector","ascension_level":7}