{"path_per_floor":["M","?","?","M","M","R","M","?","T","R","M","R","$","M","R","B",null,"M","$","M","M","M","R","M","R","T","M","R","M","$","M","R","B",null,"M","M","$","?","?","R","M","M","T","M","R","E","R","?","R","B"],"character_chosen":"IRONCLAD","items_purchased":["Apotheosis+1","Bronze Scales"],"gold_per_floor":[113,113,113,124,136,136,156,106,175,175,190,190,115,131,131,227,227,237,61,72,87,105,105,125,125,125,137,137,156,56,66,66,161,191,208,225,72,119,0,0,12,22,22,38,38,71,71,71,71,71],"floor_reached":51,"campfire_rested":6,"playtime":3085,"item_purchase_floors":[19,37],"current_hp_per_floor":[79,72,72,73,73,73,51,51,51,51,47,47,47,47,80,48,80,56,56,50,38,12,51,42,80,80,72,72,63,63,71,71,49,90,80,85,85,70,70,70,37,34,34,25,67,14,56,54,90,43],"items_purged":["Defend_R","Strike_R"],"gold":71,"score":1000,"play_id":"4024dd2d-7f95-414d-9d6c-f10112780067","local_time":"20180613171341","is_prod":false,"is_daily":false,"chose_seed":false,"is_ascension_mode":true,"campfire_upgraded":6,"win_rate":0,"timestamp":1528924421,"campfire_choices":[{"data":"Carnage","floor":6,"key":"SMITH"},{"data":"Shrug It Off","floor":10,"key":"SMITH"},{"data":"Bash","floor":12,"key":"SMITH"},{"floor":15,"key":"REST"},{"floor":23,"key":"REST"},{"floor":25,"key":"REST"},{"data":"Brutality","floor":28,"key":"SMITH"},{"data":"Demon Form","floor":32,"key":"SMITH"},{"data":"Heavy Blade","floor":40,"key":"SMITH"},{"floor":45,"key":"REST"},{"floor":47,"key":"REST"},{"floor":49,"key":"REST"}],"path_taken":["M","?","?","M","?","R","M","?","T","R","M","R","$","M","R","BOSS","M","$","M","?","M","R","M","R","T","M","R","M","$","M","R","BOSS","M","?","$","?","?","R","M","?","T","M","R","E","R","?","R","BOSS"],"build_version":"2018-06-07v3","seed_source_timestamp":595618230576738,"purchased_purges":2,"victory":true,"master_deck":["Strike_R","Strike_R","Defend_R","Defend_R","Defend_R","Bash+1","Carnage+1","Inflame","Shrug It Off+1","Intimidate+1","True Grit+1","Power Through+1","Brutality+1","Apotheosis+1","Shrug It Off+1","Demon Form+1","Cleave","Thunderclap","Infernal Blade+1","Limit Break+1","Flex+1","Heavy Blade+1","Battle Trance+1","Battle Trance+1","Flex+1"],"max_hp_per_floor":[80,80,80,80,80,80,80,80,80,80,80,80,80,80,80,80,80,80,80,80,80,80,80,80,80,80,80,80,80,80,85,85,85,90,90,90,90,90,90,90,90,90,90,90,90,90,90,90,90,90],"relics":["Burning Blood","Regal Pillow","Toxic Egg 2","Velvet Choker","Mercury Hourglass","Tiny House","Bronze Scales","Gambling Chip","Red Mask","The Courier","Pen Nib","Charon\u0027s Ashes"],"card_choices":[{"not_picked":["Armaments","Body Slam"],"picked":"Carnage","floor":1},{"not_picked":["Clash","Dual Wield"],"picked":"Inflame","floor":4},{"not_picked":["Bloodletting","Fiend Fire"],"picked":"Shrug It Off","floor":5},{"not_picked":["True Grit","Armaments"],"picked":"Intimidate","floor":7},{"not_picked":["Inflame","Power Through+1"],"picked":"True Grit+1","floor":11},{"not_picked":["Metallicize","Anger"],"picked":"Power Through+1","floor":14},{"not_picked":["Bludgeon","Fiend Fire"],"picked":"Brutality","floor":16},{"not_picked":["Anger","Clothesline+1","Havoc+1"],"picked":"SKIP","floor":18},{"not_picked":["Dual Wield+1","Sword Boomerang"],"picked":"Shrug It Off+1","floor":20},{"not_picked":["Fire Breathing","Pummel"],"picked":"Demon Form","floor":21},{"not_picked":["Anger","True Grit+1","Sever Soul"],"picked":"SKIP","floor":22},{"not_picked":["Clothesline","Clash"],"picked":"Cleave","floor":24},{"not_picked":["Clothesline","Perfected Strike"],"picked":"Thunderclap","floor":27},{"not_picked":["Pommel Strike","Iron Wave+1"],"picked":"Infernal Blade+1","floor":29},{"not_picked":["Bloodletting+1","Iron Wave+1","Infernal Blade+1"],"picked":"SKIP","floor":31},{"not_picked":["Barricade","Double Tap+1"],"picked":"Limit Break+1","floor":33},{"not_picked":["Reckless Charge+1","Thunderclap"],"picked":"Flex+1","floor":35},{"not_picked":["Cleave","Uppercut+1"],"picked":"Heavy Blade","floor":36},{"not_picked":["Iron Wave+1","Reckless Charge+1","Rampage"],"picked":"SKIP","floor":41},{"not_picked":["Feed","Perfected Strike+1"],"picked":"Battle Trance+1","floor":42},{"not_picked":["Searing Blow","Clash"],"picked":"Battle Trance+1","floor":44},{"not_picked":["True Grit+1","Fire Breathing"],"picked":"Flex+1","floor":46}],"player_experience":517522,"potions_floor_usage":[16,31,33,36,36,46,50],"damage_taken":[{"damage":7,"enemies":"Jaw Worm","floor":1,"turns":3},{"damage":5,"enemies":"Small Slimes","floor":4,"turns":4},{"damage":6,"enemies":"Cultist","floor":5,"turns":3},{"damage":28,"enemies":"Lots of Slimes","floor":7,"turns":5},{"damage":10,"enemies":"Gremlin Gang","floor":11,"turns":5},{"damage":6,"enemies":"Blue Slaver","floor":14,"turns":3},{"damage":38,"enemies":"Slime Boss","floor":16,"turns":17},{"damage":30,"enemies":"3 Byrds","floor":18,"turns":8},{"damage":12,"enemies":"2 Thieves","floor":20,"turns":4},{"damage":18,"enemies":"Centurion and Healer","floor":21,"turns":7},{"damage":32,"enemies":"Snake Plant","floor":22,"turns":4},{"damage":15,"enemies":"Snecko","floor":24,"turns":5},{"damage":14,"enemies":"Chosen and Byrds","floor":27,"turns":7},{"damage":15,"enemies":"Snake Plant","floor":29,"turns":3},{"damage":3,"enemies":"Centurion and Healer","floor":31,"turns":4},{"damage":28,"enemies":"Automaton","floor":33,"turns":8},{"damage":16,"enemies":"Orb Walker","floor":35,"turns":3},{"damage":37,"enemies":"3 Shapes","floor":36,"turns":9},{"damage":21,"floor":38,"turns":4},{"damage":39,"enemies":"3 Darklings","floor":41,"turns":4},{"damage":9,"enemies":"4 Shapes","floor":42,"turns":2},{"damage":15,"enemies":"Maw","floor":44,"turns":6},{"damage":59,"enemies":"2 Orb Walkers","floor":46,"turns":4},{"damage":8,"floor":48,"turns":4},{"damage":53,"enemies":"Time Eater","floor":50,"turns":5}],"relics_obtained":[{"floor":9,"key":"Toxic Egg 2"},{"floor":26,"key":"Mercury Hourglass"},{"floor":38,"key":"Gambling Chip"},{"floor":43,"key":"The Courier"},{"floor":46,"key":"Pen Nib"},{"floor":48,"key":"Charon\u0027s Ashes"}],"event_choices":[{"event_name":"Golden Wing","player_choice":"Card Removal","floor":2,"damage_taken":0},{"event_name":"The Woman in Blue","player_choice":"Bought 0 Potions","floor":3,"damage_taken":0},{"event_name":"The Cleric","player_choice":"Card Removal","floor":8,"damage_taken":0},{"event_name":"Mysterious Sphere","player_choice":"Fight","floor":38,"damage_taken":0},{"event_name":"Tomb of Lord Red Mask","player_choice":"Paid","floor":39,"damage_taken":0},{"event_name":"MindBloom","player_choice":"Fight","floor":48,"damage_taken":0}],"boss_relics":[{"not_picked":["Astrolabe","Orrery"],"picked":"Velvet Choker"},{"not_picked":["Busted Crown","Eternal Feather"],"picked":"Tiny House"}],"items_purged_floors":[13,30],"potions_floor_spawned":[1,14,16,24,27,29,31,33,35,42,46],"seed_played":"-8458428684581664433","ascension_level":3,"potions_obtained":[{"floor":1,"key":"Block Potion"},{"floor":14,"key":"FairyPotion"},{"floor":16,"key":"SpeedPotion"},{"floor":24,"key":"Block Potion"},{"floor":27,"key":"Dexterity Potion"},{"floor":29,"key":"Fruit Juice"},{"floor":31,"key":"Weak Potion"},{"floor":33,"key":"SkillPotion"},{"floor":34,"key":"Regen Potion"},{"floor":42,"key":"LiquidBronze"},{"floor":46,"key":"Explosive Potion"}],"is_trial":false}