{"gold_per_floor":[117,137,9,9,24,24,53,70,96,108,126,126,126,142,142,142],"floor_reached":16,"playtime":684,"items_purged":[],"score":198,"play_id":"6759b0ee-74bb-4f5f-a558-e238d947c278","local_time":"20190129215411","is_ascension_mode":true,"campfire_choices":[{"floor":6,"key":"REST"},{"floor":12,"key":"REST"},{"floor":15,"key":"REST"}],"neow_cost":"NONE","seed_source_timestamp":466044706334794,"circlet_count":0,"master_deck":["AscendersBane","Strike_B","Strike_B","Defend_B","Defend_B","Defend_B","Defend_B","Zap","Dualcast","Coolheaded","Conserve Battery","Coolheaded","Dramatic Entrance","Sweeping Beam","Go for the Eyes","Cold Snap","Ball Lightning","Self Repair","Redo"],"relics":["Cracked Core","Art of War","Orichalcum","Golden Idol"],"potions_floor_usage":[14,16],"damage_taken":[{"damage":9,"enemies":"2 Louse","floor":1,"turns":2},{"damage":8,"enemies":"Jaw Worm","floor":2,"turns":4},{"damage":0,"enemies":"Cultist","floor":5,"turns":4},{"damage":30,"enemies":"3 Sentries","floor":7,"turns":10},{"damage":2,"enemies":"Large Slime","floor":8,"turns":5},{"damage":10,"enemies":"3 Louse","floor":10,"turns":2},{"damage":13,"enemies":"Exordium Wildlife","floor":11,"turns":3},{"damage":25,"enemies":"Exordium Thugs","floor":14,"turns":6},{"damage":34,"enemies":"The Guardian","floor":16,"turns":13}],"seed_played":"8800393851101208418","potions_obtained":[{"floor":2,"key":"SpeedPotion"},{"floor":7,"key":"Swift Potion"}],"is_trial":false,"path_per_floor":["M","M","$","?","M","R","E","M","T","M","M","R","?","M","R","B"],"character_chosen":"DEFECT","items_purchased":["Coolheaded","Dramatic Entrance"],"campfire_rested":3,"item_purchase_floors":[3,3],"current_hp_per_floor":[55,47,47,40,40,61,31,29,29,19,6,27,27,9,28,0],"gold":142,"neow_bonus":"REMOVE_CARD","is_prod":false,"is_daily":false,"chose_seed":false,"campfire_upgraded":0,"win_rate":0,"timestamp":1548816851,"path_taken":["M","M","$","?","M","R","E","M","T","M","M","R","?","M","R","BOSS"],"build_version":"2019-01-23","purchased_purges":0,"victory":false,"max_hp_per_floor":[71,71,71,71,71,71,71,71,71,71,71,71,64,64,64,64],"card_choices":[{"not_picked":["Darkness","Scrape"],"picked":"Coolheaded","floor":1},{"not_picked":["Beam Cell","Redo"],"picked":"Conserve Battery","floor":2},{"not_picked":["Cold Snap","Streamline"],"picked":"Sweeping Beam","floor":5},{"not_picked":["Barrage","Thunder Strike"],"picked":"Go for the Eyes","floor":7},{"not_picked":["Rebound","Darkness"],"picked":"Cold Snap","floor":8},{"not_picked":["Gash","Coolheaded"],"picked":"Ball Lightning","floor":10},{"not_picked":["Compile Driver","Go for the Eyes"],"picked":"Self Repair","floor":11},{"not_picked":["Gash","Aggregate"],"picked":"Redo","floor":14}],"player_experience":2219198,"relics_obtained":[{"floor":7,"key":"Art of War"},{"floor":9,"key":"Orichalcum"}],"event_choices":[{"cards_removed":["Strike_B"],"damage_healed":0,"gold_gain":0,"player_choice":"Card Removal","damage_taken":7,"max_hp_gain":0,"max_hp_loss":0,"event_name":"Golden Wing","floor":4,"gold_loss":0},{"damage_healed":0,"gold_gain":0,"player_choice":"Lose Max HP","damage_taken":0,"relics_obtained":["Golden Idol"],"max_hp_gain":0,"max_hp_loss":7,"event_name":"Golden Idol","floor":13,"gold_loss":0}],"is_beta":false,"boss_relics":[],"items_purged_floors":[],"is_endless":false,"potions_floor_spawned":[2,7],"killed_by":"The Guardian","ascension_level":18}