{"gold_per_floor":[110,110,110,25,25,25,25,40,40,40,55,94,94,110,110,200,200,214,233,93,18,38,38,38,63,63,63,83,83,83,107,107,205,205,223,223,144,165,189,189,522,522,569,569,569,594,423,440,440,440],"floor_reached":50,"playtime":1940,"items_purged":[],"score":867,"play_id":"ac3b2294-dfd8-4f67-8e53-d8befd38f345","local_time":"20181217134828","is_ascension_mode":true,"campfire_choices":[{"data":"Melter","floor":6.0,"key":"SMITH"},{"data":"Zap","floor":10.0,"key":"SMITH"},{"floor":13.0,"key":"REST"},{"floor":15.0,"key":"REST"},{"floor":23.0,"key":"REST"},{"floor":27.0,"key":"REST"},{"floor":32.0,"key":"RECALL"},{"data":"Storm","floor":40.0,"key":"SMITH"},{"data":"Static Discharge","floor":42.0,"key":"SMITH"},{"floor":44.0,"key":"REST"},{"floor":49.0,"key":"REST"}],"neow_cost":"NONE","seed_source_timestamp":128472350567509,"circlet_count":0,"master_deck":["AscendersBane","Zap+1","Melter+1","Defragment","Undo","Self Repair","Defragment","Self Repair","Streamline","Go for the Eyes","Conserve Battery+1","Fission+1","Static Discharge","Heatsinks","Rainbow+1","Consume+1","Heatsinks","Core Surge","Conserve Battery+1","Redo+1","Static Discharge+1","Steam+1","Storm+1","Coolheaded+1","Doom and Gloom","Reboot+1","Reinforced Body+1","Thunder Strike","Stack+1","Good Instincts+1","Storm+1","Steam+1","Reinforced Body+1","Hello World","Storm","Bandage Up+1","Hologram+1","Beam Cell+1"],"special_seed":0,"relics":["White Beast Statue","Dream Catcher","Toxic Egg 2","Pandora\u0027s Box","Mummified Hand","Busted Crown","Smiling Mask"],"potions_floor_usage":[50],"damage_taken":[{"damage":11.0,"enemies":"Jaw Worm","floor":1.0,"turns":4.0},{"damage":7.0,"enemies":"2 Louse","floor":8.0,"turns":2.0},{"damage":5.0,"enemies":"Cultist","floor":11.0,"turns":4.0},{"damage":41.0,"enemies":"Gremlin Nob","floor":12.0,"turns":5.0},{"damage":18.0,"enemies":"Large Slime","floor":14.0,"turns":5.0},{"damage":12.0,"enemies":"Slime Boss","floor":16.0,"turns":10.0},{"damage":26.0,"enemies":"3 Byrds","floor":18.0,"turns":4.0},{"damage":18.0,"enemies":"Shell Parasite","floor":19.0,"turns":6.0},{"damage":19.0,"enemies":"Snake Plant","floor":22.0,"turns":5.0},{"damage":25.0,"enemies":"Centurion and Healer","floor":25.0,"turns":4.0},{"damage":4.0,"enemies":"3 Cultists","floor":28.0,"turns":3.0},{"damage":0.0,"enemies":"Cultist and Chosen","floor":31.0,"turns":2.0},{"damage":52.0,"enemies":"Champ","floor":33.0,"turns":9.0},{"damage":33.0,"enemies":"3 Shapes","floor":35.0,"turns":3.0},{"damage":0.0,"enemies":"Orb Walker","floor":38.0,"turns":2.0},{"damage":2.0,"enemies":"Spire Growth","floor":39.0,"turns":3.0},{"damage":6.0,"enemies":"Nemesis","floor":46.0,"turns":7.0},{"damage":30.0,"enemies":"Jaw Worm Horde","floor":48.0,"turns":4.0},{"damage":63,"enemies":"Awakened One","floor":50,"turns":3}],"seed_played":"331480911234556605","potions_obtained":[{"floor":1.0,"key":"SpeedPotion"},{"floor":8.0,"key":"Swift Potion"},{"floor":11.0,"key":"Energy Potion"},{"floor":12.0,"key":"Energy Potion"},{"floor":14.0,"key":"Fire Potion"},{"floor":16.0,"key":"Energy Potion"},{"floor":18.0,"key":"Dexterity Potion"},{"floor":22.0,"key":"SpeedPotion"},{"floor":28.0,"key":"Poison Potion"},{"floor":31.0,"key":"Swift Potion"},{"floor":33.0,"key":"SkillPotion"},{"floor":39.0,"key":"FearPotion"}],"is_trial":false,"path_per_floor":["M","?","?","$","?","R","$","M","T","R","M","E","R","M","R","B",null,"M","M","$","?","M","R","?","M","T","R","M","?","?","M","R","B",null,"M","?","$","M","M","R","?","R","T","R","?","E","$","M","R","B"],"character_chosen":"DEFECT","items_purchased":["Defragment","Static Discharge","Steam+1","Storm","Storm","Bandage Up+1"],"campfire_rested":6,"item_purchase_floors":[4,20,20,37,47,47],"current_hp_per_floor":[53,58,58,58,58,58,58,51,51,51,53,19,39,35,55,50,64,45,41,41,41,36,56,56,38,38,58,68,68,68,69,69,31,60,34,34,34,41,46,46,46,46,46,66,66,60,60,37,57,0],"gold":440,"neow_bonus":"BOSS_RELIC","is_prod":false,"is_daily":false,"chose_seed":false,"campfire_upgraded":4,"win_rate":0,"timestamp":1545072508,"path_taken":["M","?","?","$","?","R","$","M","T","R","M","E","R","?","R","BOSS","M","M","$","?","M","R","?","?","T","R","M","?","?","M","R","BOSS","M","?","$","M","M","R","?","R","T","R","?","E","$","?","R","BOSS"],"build_version":"2018-12-13","purchased_purges":0,"victory":false,"max_hp_per_floor":[71,76,69,69,69,69,69,69,69,69,69,69,69,69,69,69,69,69,69,69,69,69,69,69,69,69,69,69,69,69,69,69,69,69,69,69,69,69,69,69,69,69,69,69,69,69,69,69,69,69],"card_choices":[{"not_picked":["Leap","Loop"],"picked":"Melter","floor":1.0},{"not_picked":["Barrage","Beam Cell"],"picked":"Self Repair","floor":8.0},{"not_picked":["Doom and Gloom","Sunder"],"picked":"Defragment","floor":11.0},{"not_picked":["Stack","Barrage"],"picked":"Self Repair","floor":12.0},{"not_picked":["Rip and Tear","Hyperbeam"],"picked":"Streamline","floor":13.0},{"not_picked":["Stack+1","Cold Snap"],"picked":"Go for the Eyes","floor":14.0},{"not_picked":["Rebound","Redo+1"],"picked":"Conserve Battery+1","floor":15.0},{"not_picked":["Reboot+1","All For One"],"picked":"Fission+1","floor":16.0},{"not_picked":["Gash+1","Go for the Eyes"],"picked":"Conserve Battery+1","floor":18.0},{"not_picked":["Compile Driver","Barrage"],"picked":"Redo+1","floor":19.0},{"not_picked":["Fusion+1","Lockon+1"],"picked":"Storm","floor":22.0},{"not_picked":["Rebound","Hologram+1"],"picked":"Coolheaded+1","floor":23.0},{"not_picked":["Rip and Tear","Cold Snap"],"picked":"Doom and Gloom","floor":25.0},{"not_picked":["Reprogram+1","Streamline"],"picked":"Reboot+1","floor":27.0},{"not_picked":["Coolheaded+1","Chaos+1"],"picked":"Reinforced Body+1","floor":28.0},{"not_picked":["Sweeping Beam","Ball Lightning","Rebound+1"],"picked":"SKIP","floor":31.0},{"not_picked":["Meteor Strike","Reboot+1"],"picked":"Thunder Strike","floor":33.0},{"not_picked":[],"picked":"Stack+1","floor":35.0},{"not_picked":[],"picked":"Good Instincts+1","floor":36.0},{"not_picked":[],"picked":"Steam+1","floor":38.0},{"not_picked":["Rebound"],"picked":"SKIP","floor":39.0},{"not_picked":[],"picked":"Reinforced Body+1","floor":44.0},{"not_picked":["Recycle+1"],"picked":"SKIP","floor":46.0},{"not_picked":[],"picked":"Hologram+1","floor":48.0},{"not_picked":[],"picked":"Beam Cell+1","floor":49.0}],"player_experience":1913210,"relics_obtained":[{"floor":9.0,"key":"Dream Catcher"},{"floor":12.0,"key":"Toxic Egg 2"},{"floor":26.0,"key":"Mummified Hand"},{"floor":46.0,"key":"Smiling Mask"}],"event_choices":[{"damage_healed":0.0,"max_hp_gain":5.0,"max_hp_loss":0.0,"gold_gain":0.0,"event_name":"Big Fish","player_choice":"Donut","floor":2.0,"gold_loss":0.0,"damage_taken":0.0},{"damage_healed":0.0,"max_hp_gain":0.0,"max_hp_loss":7.0,"gold_gain":0.0,"event_name":"Golden Idol","player_choice":"Lose Max HP","floor":3.0,"gold_loss":0.0,"damage_taken":0.0,"relics_obtained":["Golden Idol"]},{"damage_healed":0.0,"max_hp_gain":0.0,"max_hp_loss":0.0,"gold_gain":0.0,"cards_transformed":["Strike_B"],"event_name":"Transmorgrifier","player_choice":"Transformed","floor":5.0,"gold_loss":0.0,"damage_taken":0.0,"cards_obtained":["Undo"]},{"cards_removed":["Aggregate"],"damage_healed":0.0,"max_hp_gain":0.0,"max_hp_loss":0.0,"gold_gain":0.0,"event_name":"Beggar","player_choice":"Gave Gold","floor":21.0,"gold_loss":75.0,"damage_taken":0.0},{"damage_healed":0.0,"max_hp_gain":0.0,"max_hp_loss":0.0,"gold_gain":0.0,"event_name":"Accursed Blacksmith","player_choice":"Forge","floor":24.0,"gold_loss":0.0,"damage_taken":0.0,"cards_upgraded":["Storm"]},{"damage_healed":0.0,"max_hp_gain":0.0,"max_hp_loss":0.0,"gold_gain":0.0,"event_name":"Vampires","player_choice":"Ignored","floor":29.0,"gold_loss":0.0,"damage_taken":0.0},{"damage_healed":0.0,"max_hp_gain":0.0,"max_hp_loss":0.0,"gold_gain":0.0,"event_name":"The Mausoleum","player_choice":"Ignored","floor":30.0,"gold_loss":0.0,"damage_taken":0.0},{"damage_healed":0.0,"max_hp_gain":0.0,"max_hp_loss":0.0,"gold_gain":0.0,"event_name":"SensoryStone","player_choice":"Memory 1","floor":36.0,"gold_loss":0.0,"damage_taken":0.0},{"damage_healed":0.0,"max_hp_gain":0.0,"max_hp_loss":0.0,"gold_gain":333.0,"event_name":"The Moai Head","player_choice":"Gave Idol","floor":41.0,"relics_lost":["Golden Idol"],"gold_loss":0.0,"damage_taken":0.0},{"damage_healed":0.0,"max_hp_gain":0.0,"max_hp_loss":0.0,"gold_gain":0.0,"cards_transformed":["Dualcast"],"event_name":"Transmorgrifier","player_choice":"Transformed","floor":45.0,"gold_loss":0.0,"damage_taken":0.0,"cards_obtained":["Hello World"]}],"is_beta":false,"boss_relics":[{"not_picked":["Calling Bell","Empty Cage"],"picked":"Pandora\u0027s Box"},{"not_picked":["Velvet Choker","Lizard Tail"],"picked":"Busted Crown"}],"items_purged_floors":[],"is_endless":false,"potions_floor_spawned":[1,8,11,12,14,16,18,19,22,25,28,31,33,35,38,39,46,48],"killed_by":"Awakened One","ascension_level":16}