{"gold_per_floor":[116,132,97,115,126,154,168,168,195,195],"floor_reached":10,"playtime":533,"items_purged":[],"score":109,"play_id":"bdbcf9d0-7815-4e17-9634-82feebe33926","local_time":"20180806163844","is_ascension_mode":true,"campfire_choices":[{"data":"Neutralize","floor":8,"key":"SMITH"}],"neow_cost":"","seed_source_timestamp":916021009038211,"circlet_count":0,"master_deck":["Defend_G","Defend_G","Defend_G","Defend_G","Defend_G","Strike_G","Strike_G","Strike_G","Strike_G","Strike_G","Survivor","Neutralize+1","AscendersBane","Well Laid Plans","Sucker Punch","Bane","Escape Plan","Dodge and Roll"],"relics":["Ring of the Snake","Bottled Flame","Orichalcum"],"potions_floor_usage":[5,6,7],"damage_taken":[{"damage":1,"enemies":"2 Louse","floor":1,"turns":4},{"damage":4,"enemies":"Small Slimes","floor":2,"turns":4},{"damage":2,"enemies":"Cultist","floor":4,"turns":4},{"damage":21,"enemies":"Lots of Slimes","floor":5,"turns":3},{"damage":29,"enemies":"3 Sentries","floor":6,"turns":9},{"damage":5,"enemies":"Exordium Wildlife","floor":7,"turns":4},{"damage":35,"enemies":"Gremlin Nob","floor":10,"turns":4}],"seed_played":"6412063736064740154","potions_obtained":[{"floor":2,"key":"Explosive Potion"},{"floor":4,"key":"AttackPotion"},{"floor":6,"key":"AttackPotion"}],"is_trial":false,"path_per_floor":["M","M","?","M","M","E","M","R","T"],"character_chosen":"THE_SILENT","items_purchased":[],"campfire_rested":0,"item_purchase_floors":[],"current_hp_per_floor":[62,58,70,68,47,18,13,13,13,0],"gold":195,"neow_bonus":"","is_prod":false,"is_daily":false,"chose_seed":false,"campfire_upgraded":1,"win_rate":0,"timestamp":1533591524,"path_taken":["M","M","?","M","?","E","M","R","T","E"],"build_version":"2018-08-01","purchased_purges":0,"victory":false,"max_hp_per_floor":[70,70,70,70,70,70,70,70,70,70],"card_choices":[{"not_picked":["Underhanded Strike","Calculated Gamble"],"picked":"Well Laid Plans","floor":1},{"not_picked":["Prepared","Acrobatics","Deadly Poison"],"picked":"SKIP","floor":2},{"not_picked":["Backflip","Escape Plan"],"picked":"Sucker Punch","floor":4},{"not_picked":["Acrobatics","Prepared"],"picked":"Bane","floor":5},{"not_picked":["Quick Slash","Slice"],"picked":"Escape Plan","floor":6},{"not_picked":["Outmaneuver","PiercingWail"],"picked":"Dodge and Roll","floor":7}],"player_experience":345208,"relics_obtained":[{"floor":6,"key":"Bottled Flame"},{"floor":9,"key":"Orichalcum"}],"event_choices":[{"event_name":"The Cleric","player_choice":"Healed","floor":3,"damage_taken":0}],"is_beta":true,"boss_relics":[],"items_purged_floors":[],"is_endless":false,"potions_floor_spawned":[2,4,6],"killed_by":"Gremlin Nob","ascension_level":11}