{"gold_per_floor":[109,126,126,138,138,153,163,163],"floor_reached":8,"playtime":376,"items_purged":[],"score":93,"play_id":"86be3d74-0cf1-4208-b785-a554d027e679","local_time":"20190209192414","is_ascension_mode":true,"campfire_choices":[],"neow_cost":"NONE","seed_source_timestamp":1503857252279372,"circlet_count":0,"master_deck":["AscendersBane","Defend_G","Defend_G","Defend_G","Defend_G","Strike_G","Strike_G","Strike_G","Strike_G","Survivor","Neutralize","Backstab","Cloak And Dagger","Distraction"],"relics":["Ring of the Snake","Sundial"],"potions_floor_usage":[7,8],"damage_taken":[{"damage":12,"enemies":"Cultist","floor":1,"turns":5},{"damage":0,"enemies":"2 Louse","floor":2,"turns":4},{"damage":1,"enemies":"Small Slimes","floor":4,"turns":5},{"damage":0,"enemies":"Red Slaver","floor":6,"turns":4},{"damage":1,"enemies":"3 Louse","floor":7,"turns":3},{"damage":24,"enemies":"Large Slime","floor":8,"turns":11}],"seed_played":"630339657773615878","potions_obtained":[{"floor":2,"key":"SteroidPotion"},{"floor":6,"key":"Weak Potion"},{"floor":7,"key":"Energy Potion"}],"is_trial":false,"path_per_floor":["M","M","?","M","?","M","M","M"],"character_chosen":"THE_SILENT","items_purchased":[],"campfire_rested":0,"item_purchase_floors":[],"current_hp_per_floor":[47,47,21,20,20,20,19,0],"gold":163,"neow_bonus":"REMOVE_CARD","is_prod":false,"is_daily":false,"chose_seed":false,"campfire_upgraded":0,"win_rate":0,"timestamp":1549707854,"path_taken":["M","?","?","M","?","M","M","M"],"build_version":"2019-01-23","purchased_purges":0,"victory":false,"max_hp_per_floor":[66,66,66,66,66,66,66,66],"card_choices":[{"not_picked":["Dagger Throw","Terror"],"picked":"Backstab","floor":1},{"not_picked":["Slice","Setup","Poisoned Stab"],"picked":"SKIP","floor":2},{"not_picked":["Acrobatics","Bane"],"picked":"Cloak And Dagger","floor":4},{"not_picked":["Eviscerate","Bane","Outmaneuver"],"picked":"SKIP","floor":6},{"not_picked":["Acrobatics","Underhanded Strike"],"picked":"Distraction","floor":7}],"player_experience":505525,"relics_obtained":[],"event_choices":[{"damage_healed":0,"gold_gain":0,"player_choice":"Success","damage_taken":26,"relics_obtained":["Sundial"],"max_hp_gain":0,"max_hp_loss":0,"event_name":"Scrap Ooze","floor":3,"gold_loss":0},{"cards_removed":["Defend_G"],"damage_healed":0,"gold_gain":0,"player_choice":"Card Removal","damage_taken":0,"max_hp_gain":0,"max_hp_loss":0,"event_name":"Wheel of Change","floor":5,"gold_loss":0}],"is_beta":false,"boss_relics":[],"items_purged_floors":[],"is_endless":false,"potions_floor_spawned":[2,6,7],"killed_by":"Large Slime","ascension_level":17}