{"gold_per_floor":[112,128,128,128,138,138,165,165,246,265,285,40,40,55,55,55],"floor_reached":16,"playtime":1420,"items_purged":[],"score":163,"play_id":"24ae2a81-616d-4b01-83a9-923ddb59ea8d","local_time":"20181025081857","is_ascension_mode":true,"campfire_choices":[{"data":"Blade Dance","floor":6,"key":"SMITH"},{"data":"Neutralize","floor":8,"key":"SMITH"},{"floor":15,"key":"REST"}],"neow_cost":"NONE","seed_source_timestamp":1312462067281131,"circlet_count":0,"master_deck":["Defend_G","Defend_G","Defend_G","Defend_G","Defend_G","Strike_G","Strike_G","Strike_G","Strike_G","Strike_G","Survivor","Neutralize+1","AscendersBane","Poisoned Stab","Poisoned Stab","Blade Dance+1","Expertise","Footwork","Footwork","Caltrops"],"relics":["HoveringKite","Pen Nib","Blue Candle","Shuriken"],"potions_floor_usage":[7,16],"damage_taken":[{"damage":19,"enemies":"Jaw Worm","floor":1,"turns":8},{"damage":2,"enemies":"Cultist","floor":2,"turns":5},{"damage":12,"enemies":"2 Louse","floor":5,"turns":3},{"damage":22,"enemies":"3 Sentries","floor":7,"turns":13},{"damage":13,"enemies":"Lots of Slimes","floor":10,"turns":5},{"damage":9,"enemies":"Exordium Wildlife","floor":11,"turns":5},{"damage":7,"enemies":"2 Fungi Beasts","floor":14,"turns":5},{"damage":29,"enemies":"Slime Boss","floor":16,"turns":8}],"seed_played":"4546029155498308723","potions_obtained":[{"floor":2,"key":"GamblersBrew"},{"floor":5,"key":"EssenceOfSteel"},{"floor":7,"key":"FearPotion"}],"is_trial":false,"path_per_floor":["M","M","?","?","M","R","E","R","T","M","M","$","?","M","R"],"character_chosen":"THE_SILENT","items_purchased":["Shuriken"],"campfire_rested":1,"item_purchase_floors":[12],"current_hp_per_floor":[44,42,65,65,53,53,31,31,31,18,9,9,9,2,23,0],"gold":55,"neow_bonus":"BOSS_RELIC","is_prod":false,"is_daily":false,"chose_seed":false,"campfire_upgraded":2,"win_rate":0,"timestamp":1540469937,"path_taken":["M","M","?","?","M","R","E","R","T","M","M","$","?","M","R","BOSS"],"build_version":"2018-10-18","purchased_purges":0,"victory":false,"max_hp_per_floor":[70,70,70,70,70,70,70,70,70,70,70,70,70,70,70,70],"card_choices":[{"not_picked":["Flying Knee","Deadly Poison"],"picked":"Poisoned Stab","floor":1},{"not_picked":["Accuracy","Setup"],"picked":"Poisoned Stab","floor":2},{"not_picked":["Masterful Stab","Slice"],"picked":"Blade Dance","floor":5},{"not_picked":["Outmaneuver","Dash"],"picked":"Expertise","floor":7},{"not_picked":["Slice","Malaise"],"picked":"Footwork","floor":10},{"not_picked":["Dagger Throw","Slice"],"picked":"Footwork","floor":11},{"not_picked":["Deadly Poison","Heel Hook"],"picked":"Caltrops","floor":14}],"player_experience":1576483,"relics_obtained":[{"floor":7,"key":"Pen Nib"},{"floor":9,"key":"Blue Candle"}],"event_choices":[{"damage_healed":23,"gold_gain":0,"player_choice":"Banana","damage_taken":0,"max_hp_gain":0,"max_hp_loss":0,"event_name":"Big Fish","floor":3,"gold_loss":0},{"damage_healed":0,"gold_gain":0,"player_choice":"Bought 0 Potions","damage_taken":0,"max_hp_gain":0,"max_hp_loss":0,"event_name":"The Woman in Blue","floor":4,"gold_loss":0},{"damage_healed":0,"gold_gain":30,"player_choice":"Searched \u00271\u0027 times","damage_taken":0,"max_hp_gain":0,"max_hp_loss":0,"event_name":"Dead Adventurer","floor":13,"gold_loss":0}],"is_beta":false,"boss_relics":[],"items_purged_floors":[],"is_endless":false,"potions_floor_spawned":[2,5,7,14],"killed_by":"Slime Boss","ascension_level":12}