{"gold_per_floor":[12,25,175,41,41,41,73,73,100,100,6,26,45,61,61,135,135,135,35,0,0,0,0,0],"floor_reached":24,"playtime":969,"items_purged":["Doubt","Defend_B"],"score":396,"play_id":"82c3959e-1f02-417f-99c3-2a21fbc32f77","local_time":"20190211022746","is_ascension_mode":true,"campfire_choices":[{"floor":6,"key":"REST"},{"floor":8,"key":"REST"},{"data":"Zap","floor":10,"key":"SMITH"},{"floor":15,"key":"REST"}],"neow_cost":"NO_GOLD","seed_source_timestamp":1634735954997943,"circlet_count":0,"master_deck":["AscendersBane","Strike_B","Strike_B","Strike_B","Defend_B","Defend_B","Zap+1","Dualcast","Hello World","Reboot","Genetic Algorithm","Ball Lightning","Gash","Fission","Go for the Eyes"],"relics":["Cracked Core","Shuriken","Letter Opener","Bronze Scales","Matryoshka","Ectoplasm"],"potions_floor_usage":[7,7,21,22,22,24],"damage_taken":[{"damage":1,"enemies":"Small Slimes","floor":1,"turns":4},{"damage":2,"enemies":"Jaw Worm","floor":2,"turns":3},{"damage":24,"enemies":"Gremlin Nob","floor":7,"turns":4},{"damage":1,"enemies":"Cultist","floor":12,"turns":3},{"damage":6,"enemies":"Lots of Slimes","floor":13,"turns":2},{"damage":0,"enemies":"2 Fungi Beasts","floor":14,"turns":2},{"damage":50,"enemies":"Hexaghost","floor":16,"turns":8},{"damage":25,"enemies":"Shell Parasite","floor":18,"turns":4},{"damage":19,"enemies":"2 Thieves","floor":21,"turns":3},{"damage":3,"enemies":"Snake Plant","floor":22,"turns":3},{"damage":7,"enemies":"Chosen and Byrds","floor":23,"turns":5},{"damage":18,"enemies":"Snecko","floor":24,"turns":2}],"seed_played":"6542804352764247452","potions_obtained":[{"floor":1,"key":"Ancient Potion"},{"floor":7,"key":"Fruit Juice"},{"floor":16,"key":"SmokeBomb"},{"floor":18,"key":"Weak Potion"},{"floor":21,"key":"Weak Potion"},{"floor":23,"key":"Fire Potion"}],"is_trial":false,"path_per_floor":["M","M","?","$","?","R","E","R","T","R","?","M","M","M","R","B",null,"M","$","?","M","M","M","M"],"character_chosen":"DEFECT","items_purchased":["Ball Lightning"],"campfire_rested":3,"item_purchase_floors":[4],"current_hp_per_floor":[63,61,61,61,26,47,28,50,50,50,50,49,43,43,65,15,61,36,36,36,17,14,7,0],"gold":0,"neow_bonus":"TRANSFORM_TWO_CARDS","is_prod":false,"is_daily":false,"chose_seed":false,"campfire_upgraded":1,"win_rate":0,"timestamp":1549873666,"path_taken":["M","M","?","$","?","R","E","R","T","R","?","M","?","M","R","BOSS","M","?","?","M","M","M","M"],"build_version":"2019-02-06","purchased_purges":2,"victory":false,"max_hp_per_floor":[71,71,71,71,71,71,76,76,76,76,76,76,76,76,76,76,76,76,76,76,76,76,76,76],"card_choices":[{"not_picked":["Sweeping Beam","Turbo"],"picked":"Genetic Algorithm","floor":1},{"not_picked":["Rebound","Beam Cell","Static Discharge"],"picked":"SKIP","floor":2},{"not_picked":["Amplify","Stack","Hologram"],"picked":"SKIP","floor":7},{"not_picked":["Aggregate","Double Energy"],"picked":"Gash","floor":12},{"not_picked":["Genetic Algorithm","White Noise","Leap"],"picked":"SKIP","floor":13},{"not_picked":["Genetic Algorithm","Static Discharge","Barrage"],"picked":"SKIP","floor":14},{"not_picked":["Thunder Strike","Multi-Cast"],"picked":"Fission","floor":16},{"not_picked":["Barrage","Hologram"],"picked":"Go for the Eyes","floor":18},{"not_picked":["Conserve Battery","Turbo","Compile Driver+1"],"picked":"SKIP","floor":21},{"not_picked":["Static Discharge","Lockon","Redo"],"picked":"SKIP","floor":23}],"player_experience":813339,"relics_obtained":[{"floor":7,"key":"Letter Opener"},{"floor":9,"key":"Bronze Scales"}],"event_choices":[{"damage_healed":0,"gold_gain":150,"player_choice":"AGREE","damage_taken":0,"max_hp_gain":0,"max_hp_loss":0,"event_name":"Liars Game","floor":3,"gold_loss":0,"cards_obtained":["Doubt"]},{"damage_healed":0,"gold_gain":0,"player_choice":"Success","damage_taken":35,"relics_obtained":["Shuriken"],"max_hp_gain":0,"max_hp_loss":0,"event_name":"Scrap Ooze","floor":5,"gold_loss":0},{"damage_healed":0,"gold_gain":0,"player_choice":"Paid Gold","damage_taken":0,"relics_obtained":["Matryoshka"],"max_hp_gain":0,"max_hp_loss":0,"event_name":"WeMeetAgain","floor":11,"gold_loss":94},{"damage_healed":0,"gold_gain":0,"player_choice":"Paid Fearfully","damage_taken":0,"max_hp_gain":0,"max_hp_loss":0,"event_name":"Masked Bandits","floor":20,"gold_loss":35}],"is_beta":true,"boss_relics":[{"not_picked":["Inserter","FrozenCore"],"picked":"Ectoplasm"}],"items_purged_floors":[4,19],"is_endless":false,"potions_floor_spawned":[1,7,16,18,21,23],"killed_by":"Snecko","ascension_level":20}