{"gold_per_floor":[114,114,114,132,82,82,99,99,145,145,180,197,197,115,115,220,220,233,233,200,200,211,211,136,136,211,126,144,144,73,73,73,168,168,185,185,199,252,252,277,277,18,18,118,118,118,132,147,147,147],"floor_reached":51,"playtime":1954,"items_purged":[],"score":744,"play_id":"10c6e3f8-ee47-4170-a6e0-b5f8185faa96","local_time":"20190208102051","is_ascension_mode":false,"campfire_choices":[{"data":"Uppercut","floor":6,"key":"SMITH"},{"data":"Double Tap","floor":8,"key":"SMITH"},{"data":"Disarm","floor":13,"key":"SMITH"},{"data":"Flash of Steel","floor":15,"key":"SMITH"},{"data":"Demon Form","floor":23,"key":"SMITH"},{"floor":25,"key":"REST"},{"floor":29,"key":"REST"},{"data":"Seeing Red","floor":32,"key":"SMITH"},{"data":"Limit Break","floor":41,"key":"SMITH"},{"data":"Evolve","floor":49,"key":"SMITH"}],"neow_cost":"NONE","seed_source_timestamp":1383271535640759,"circlet_count":0,"master_deck":["Strike_R+1","Strike_R+1","Defend_R+1","Defend_R+1","Defend_R+1","Double Tap+1","Uppercut+1","Shrug It Off","Disarm+1","Flash of Steel+1","Demon Form+1","Evolve+1","Rampage+1","Seeing Red+1","Ghostly","Ghostly","Ghostly","Ghostly","Ghostly","Limit Break+1","Berserk"],"relics":["Burning Blood","Blood Vial","Omamori","Pear","Lizard Tail","Mummified Hand","Ornamental Fan","Mark of Pain","Champion Belt","Bronze Scales","Bottled Tornado","Paper Frog","Unceasing Top"],"potions_floor_usage":[19,22,33,38,50],"damage_taken":[{"damage":8,"enemies":"Jaw Worm","floor":1,"turns":4},{"damage":1,"enemies":"2 Louse","floor":4,"turns":3},{"damage":4,"enemies":"Cultist","floor":7,"turns":3},{"damage":6,"enemies":"Lagavulin","floor":11,"turns":4},{"damage":3,"enemies":"Lots of Slimes","floor":12,"turns":7},{"damage":21,"enemies":"Hexaghost","floor":16,"turns":12},{"damage":23,"enemies":"Shell Parasite","floor":18,"turns":5},{"damage":40,"enemies":"Colosseum Slavers","floor":19,"turns":5},{"damage":25,"enemies":"2 Thieves","floor":20,"turns":5},{"damage":7,"enemies":"3 Cultists","floor":22,"turns":4},{"damage":9,"enemies":"Snake Plant","floor":28,"turns":4},{"damage":16,"enemies":"Champ","floor":33,"turns":9},{"damage":3,"enemies":"3 Darklings","floor":35,"turns":7},{"damage":0,"enemies":"3 Shapes","floor":37,"turns":6},{"damage":5,"enemies":"2 Orb Walkers","floor":38,"turns":6},{"damage":17,"enemies":"Nemesis","floor":40,"turns":7},{"damage":2,"enemies":"Mind Bloom Boss Battle","floor":44,"turns":5},{"damage":2,"enemies":"Spire Growth","floor":47,"turns":5},{"damage":1,"enemies":"Transient","floor":48,"turns":5},{"damage":16,"enemies":"Awakened One","floor":50,"turns":8}],"seed_played":"2969886772392994136","potions_obtained":[{"floor":7,"key":"Swift Potion"},{"floor":11,"key":"SkillPotion"},{"floor":12,"key":"Ancient Potion"},{"floor":20,"key":"AttackPotion"},{"floor":28,"key":"SteroidPotion"},{"floor":38,"key":"FairyPotion"},{"floor":40,"key":"BloodPotion"},{"floor":44,"key":"Energy Potion"}],"is_trial":false,"path_per_floor":["M","?","?","M","?","R","M","R","T","?","E","M","R","$","R","B",null,"M","?","M","?","M","R","?","R","T","?","M","R","$","?","R","B",null,"M","$","M","?","?","E","R","$","T","?","$","?","M","M","R","B",null],"character_chosen":"IRONCLAD","items_purchased":["Flash of Steel","Seeing Red","Bottled Tornado"],"campfire_rested":2,"item_purchase_floors":[14,30,42],"current_hp_per_floor":[78,71,64,71,71,71,75,75,75,75,87,90,90,90,90,75,90,73,41,24,24,25,25,25,52,52,52,51,78,78,45,45,35,45,45,45,45,45,45,34,34,34,34,40,40,40,45,45,45,35],"gold":147,"neow_bonus":"ONE_RANDOM_RARE_CARD","is_prod":false,"is_daily":false,"chose_seed":false,"campfire_upgraded":8,"win_rate":0,"timestamp":1549588851,"path_taken":["M","?","?","M","?","R","M","R","T","?","E","?","R","?","R","BOSS","M","?","M","?","M","R","?","R","T","?","M","R","$","?","R","BOSS","M","$","M","?","?","E","R","$","T","?","$","?","?","M","R","BOSS"],"build_version":"2019-01-23","purchased_purges":0,"victory":true,"max_hp_per_floor":[80,80,80,80,80,80,80,80,80,80,90,90,90,90,90,90,90,90,90,90,90,90,90,90,90,90,90,90,90,90,45,45,45,45,45,45,45,45,45,45,45,45,45,45,45,45,45,45,45,45],"card_choices":[{"not_picked":["Pommel Strike","Sever Soul"],"picked":"Uppercut","floor":1},{"not_picked":["True Grit","Headbutt","Anger"],"picked":"SKIP","floor":4},{"not_picked":["Armaments","Body Slam"],"picked":"Clash","floor":7},{"not_picked":["Double Tap","Warcry"],"picked":"Shrug It Off","floor":11},{"not_picked":["Clothesline","Searing Blow"],"picked":"Disarm","floor":12},{"not_picked":["Immolate","Limit Break"],"picked":"Demon Form","floor":16},{"not_picked":["Iron Wave","Sword Boomerang","Havoc"],"picked":"SKIP","floor":18},{"not_picked":["Clothesline","Pommel Strike"],"picked":"Evolve","floor":20},{"not_picked":["Iron Wave","Hemokinesis"],"picked":"Rampage+1","floor":22},{"not_picked":["Pommel Strike","Thunderclap","Body Slam"],"picked":"SKIP","floor":28},{"not_picked":["Reaper","Barricade"],"picked":"Limit Break","floor":33},{"not_picked":["Perfected Strike+1","Iron Wave","Shrug It Off+1"],"picked":"SKIP","floor":35},{"not_picked":["Rampage","Sentinel+1","Wild Strike"],"picked":"SKIP","floor":37},{"not_picked":["Iron Wave","Sword Boomerang","Evolve+1"],"picked":"SKIP","floor":40},{"not_picked":["Rage+1","Disarm+1"],"picked":"Berserk","floor":44},{"not_picked":["Shrug It Off+1","Fire Breathing","Infernal Blade+1"],"picked":"SKIP","floor":47},{"not_picked":["Combust","Searing Blow","Fire Breathing"],"picked":"SKIP","floor":48}],"player_experience":488877,"relics_obtained":[{"floor":9,"key":"Omamori"},{"floor":11,"key":"Pear"},{"floor":26,"key":"Mummified Hand"},{"floor":38,"key":"Champion Belt"},{"floor":40,"key":"Bronze Scales"},{"floor":43,"key":"Paper Frog"},{"floor":44,"key":"Unceasing Top"}],"event_choices":[{"cards_removed":["Bash"],"damage_healed":0,"gold_gain":0,"player_choice":"Card Removal","damage_taken":7,"max_hp_gain":0,"max_hp_loss":0,"event_name":"Golden Wing","floor":2,"gold_loss":0},{"damage_healed":0,"gold_gain":0,"player_choice":"Success","damage_taken":7,"relics_obtained":["Blood Vial"],"max_hp_gain":0,"max_hp_loss":0,"event_name":"Scrap Ooze","floor":3,"gold_loss":0},{"cards_removed":["Strike_R"],"damage_healed":0,"gold_gain":0,"player_choice":"Card Removal","damage_taken":0,"max_hp_gain":0,"max_hp_loss":0,"event_name":"The Cleric","floor":5,"gold_loss":50},{"cards_removed":["Defend_R"],"damage_healed":0,"gold_gain":0,"player_choice":"Purged","damage_taken":0,"max_hp_gain":0,"max_hp_loss":0,"event_name":"Purifier","floor":10,"gold_loss":0},{"damage_healed":0,"gold_gain":0,"player_choice":"Fight","damage_taken":0,"max_hp_gain":0,"max_hp_loss":0,"event_name":"Colosseum","floor":19,"gold_loss":0},{"damage_healed":0,"gold_gain":0,"player_choice":"Fled From Nobs","damage_taken":0,"max_hp_gain":0,"max_hp_loss":0,"event_name":"Colosseum","floor":19,"gold_loss":0},{"damage_healed":0,"gold_gain":0,"player_choice":"Simplicity","damage_taken":0,"max_hp_gain":0,"max_hp_loss":0,"event_name":"Back to Basics","floor":21,"gold_loss":0,"cards_upgraded":["Strike_R","Strike_R","Strike_R","Strike_R","Defend_R","Defend_R","Defend_R"]},{"cards_removed":["Strike_R"],"damage_healed":0,"gold_gain":0,"player_choice":"Gave Gold","damage_taken":0,"max_hp_gain":0,"max_hp_loss":0,"event_name":"Beggar","floor":24,"gold_loss":75},{"damage_healed":0,"gold_gain":0,"player_choice":"Obtained Relic","damage_taken":0,"relics_obtained":["Ornamental Fan"],"max_hp_gain":0,"max_hp_loss":0,"event_name":"Addict","floor":27,"gold_loss":85},{"damage_healed":0,"gold_gain":0,"player_choice":"Became a Ghost","damage_taken":0,"max_hp_gain":0,"max_hp_loss":45,"event_name":"Ghosts","floor":31,"gold_loss":0,"cards_obtained":["Ghostly","Ghostly","Ghostly","Ghostly","Ghostly"]},{"damage_healed":0,"gold_gain":0,"player_choice":"Fight","damage_taken":0,"max_hp_gain":0,"max_hp_loss":0,"event_name":"Mysterious Sphere","floor":38,"gold_loss":0},{"cards_removed":["Clash"],"damage_healed":0,"gold_gain":0,"player_choice":"Removed Attack","damage_taken":0,"max_hp_gain":0,"max_hp_loss":0,"event_name":"Falling","floor":39,"gold_loss":0},{"damage_healed":0,"gold_gain":0,"player_choice":"Fight","damage_taken":0,"max_hp_gain":0,"max_hp_loss":0,"event_name":"MindBloom","floor":44,"gold_loss":0},{"cards_removed":["Strike_R"],"damage_healed":0,"gold_gain":0,"player_choice":"Purged","damage_taken":0,"max_hp_gain":0,"max_hp_loss":0,"event_name":"Purifier","floor":46,"gold_loss":0}],"is_beta":false,"boss_relics":[{"not_picked":["Pandora\u0027s Box","Orrery"],"picked":"Lizard Tail"},{"not_picked":["Astrolabe","Calling Bell"],"picked":"Mark of Pain"}],"items_purged_floors":[],"is_endless":false,"potions_floor_spawned":[7,11,12,18,20,28,38,40,44,48],"ascension_level":0}