{"gold_per_floor":[117,127,140,140,140,175,191,201,224,224,224,236,236,252,252,355,355,372,372,297,376,79,104,19,19,319,338,372,4,23,51,51,151,151,170,170,200,230,72,100,116,116,116,16,27,39,65,84,84,84],"floor_reached":51,"playtime":5422,"items_purged":["Strike_B","Strike_B","HandOfGreed"],"score":1011,"play_id":"1dec1e53-b10d-45a1-b273-e80c733befbe","local_time":"20180726162627","is_ascension_mode":true,"campfire_choices":[{"data":"Go for the Eyes","floor":11.0,"key":"SMITH"},{"data":"Hologram","floor":13.0,"key":"SMITH"},{"data":"Zap","floor":15.0,"key":"SMITH"},{"data":"Machine Learning","floor":25.0,"key":"SMITH"},{"data":"Capacitor","floor":32.0,"key":"SMITH"},{"data":"Electrodynamics","floor":42,"key":"SMITH"},{"data":"Conserve Battery","floor":49,"key":"SMITH"}],"neow_cost":"NONE","seed_source_timestamp":0,"circlet_count":0,"master_deck":["Defend_B","Defend_B","Defend_B","Defend_B","Zap+1","Leap","Go for the Eyes+1","Cold Snap","Hologram+1","Cold Snap","Cold Snap","Machine Learning+1","Coolheaded","Ball Lightning","Ball Lightning","Go for the Eyes","Conserve Battery+1","FTL+1","FTL","Capacitor+1","Meteor Strike","Machine Learning+1","Genetic Algorithm+1","Echo Form+1","Cold Snap","Conserve Battery","Seek","Coolheaded+1","Electrodynamics+1","Ball Lightning+1"],"special_seed":0,"relics":["Coffee Dripper","Bronze Scales","DataDisk","Symbiotic Virus","Orrery","Pear","Thread and Needle","Anchor","Centennial Puzzle","Old Coin","The Courier","Ice Cream","Cables","Astrolabe","Toxic Egg 2","Kunai","Lantern"],"potions_floor_usage":[41,50,50],"damage_taken":[{"damage":7.0,"enemies":"Jaw Worm","floor":1.0,"turns":3.0},{"damage":0.0,"enemies":"2 Louse","floor":2.0,"turns":2.0},{"damage":1.0,"enemies":"Cultist","floor":3.0,"turns":5.0},{"damage":22.0,"enemies":"3 Sentries","floor":6.0,"turns":10.0},{"damage":15.0,"enemies":"3 Louse","floor":7.0,"turns":4.0},{"damage":5.0,"enemies":"Exordium Wildlife","floor":8.0,"turns":4.0},{"damage":9.0,"enemies":"Exordium Thugs","floor":12.0,"turns":4.0},{"damage":0.0,"enemies":"Blue Slaver","floor":14.0,"turns":3.0},{"damage":0.0,"enemies":"Hexaghost","floor":16.0,"turns":7.0},{"damage":0.0,"enemies":"3 Byrds","floor":18.0,"turns":3.0},{"damage":0.0,"enemies":"Book of Stabbing","floor":23.0,"turns":5.0},{"damage":0.0,"enemies":"2 Thieves","floor":27.0,"turns":4.0},{"damage":22.0,"enemies":"Gremlin Leader","floor":28.0,"turns":7.0},{"damage":0.0,"enemies":"Snecko","floor":30.0,"turns":4.0},{"damage":3.0,"enemies":"Slavers","floor":31.0,"turns":5.0},{"damage":34.0,"enemies":"Collector","floor":33.0,"turns":11.0},{"damage":12.0,"enemies":"3 Darklings","floor":35.0,"turns":3.0},{"damage":0.0,"enemies":"3 Shapes","floor":37.0,"turns":6.0},{"damage":5.0,"enemies":"Sphere and 2 Shapes","floor":38.0,"turns":5.0},{"damage":10.0,"enemies":"Nemesis","floor":40.0,"turns":9.0},{"damage":11,"enemies":"Flame Bruiser 2 Orb","floor":41,"turns":6},{"damage":13,"enemies":"3 Darklings","floor":45,"turns":4},{"damage":0,"enemies":"4 Shapes","floor":46,"turns":5},{"damage":1,"enemies":"Spire Growth","floor":48,"turns":5},{"damage":0,"enemies":"Donu and Deca","floor":50,"turns":10}],"seed_played":"-7392095102905161555","potions_obtained":[{"floor":2.0,"key":"Poison Potion"},{"floor":3.0,"key":"Energy Potion"},{"floor":6.0,"key":"Weak Potion"},{"floor":8.0,"key":"SpeedPotion"},{"floor":14.0,"key":"LiquidBronze"},{"floor":27.0,"key":"AttackPotion"},{"floor":28.0,"key":"Regen Potion"},{"floor":31.0,"key":"FearPotion"},{"floor":33.0,"key":"AttackPotion"},{"floor":37.0,"key":"SneckoOil"},{"floor":38.0,"key":"Swift Potion"},{"floor":41,"key":"Weak Potion"},{"floor":48,"key":"SneckoOil"}],"is_trial":false,"path_per_floor":["M","M","M","?","?","E","M","M","T","T","R","M","R","M","R","B",null,"M","?","$","T","$","E","?","R","T","M","E","$","M","E","R","B",null,"M","?","M","M","$","E","M","R","T","$","M","M","T","M","R","B"],"character_chosen":"DEFECT","items_purchased":["Thread and Needle","Ice Cream","Capacitor","Conserve Battery","Seek"],"campfire_rested":0,"item_purchase_floors":[22,29,29,39,39],"current_hp_per_floor":[68,68,67,60,60,38,23,18,18,18,18,9,9,9,9,9,75,75,61,61,71,71,71,71,71,71,71,49,49,49,60,60,26,90,78,68,68,63,63,53,42,42,42,42,29,29,29,28,28,28],"gold":84,"neow_bonus":"BOSS_RELIC","is_prod":false,"is_daily":false,"chose_seed":false,"campfire_upgraded":7,"win_rate":0,"timestamp":1532640387,"path_taken":["M","M","M","?","?","E","?","?","T","?","R","?","R","M","R","BOSS","M","?","$","?","$","E","?","R","T","?","E","$","M","E","R","BOSS","M","?","M","M","$","E","M","R","T","$","?","M","?","M","R","BOSS"],"build_version":"2018-07-25","purchased_purges":3,"victory":true,"max_hp_per_floor":[75,75,75,75,75,75,75,75,75,75,75,75,75,75,75,75,75,75,80,80,90,90,90,90,90,90,90,90,90,90,90,90,90,90,90,90,90,90,90,90,90,90,90,90,90,90,90,90,90,90],"card_choices":[{"not_picked":["Gash","Conserve Battery","Reprogram"],"picked":"SKIP","floor":1.0},{"not_picked":["Scrape","Conserve Battery"],"picked":"Leap","floor":2.0},{"not_picked":["Redo","Conserve Battery"],"picked":"Go for the Eyes","floor":3.0},{"not_picked":["Compile Driver","Force Field"],"picked":"Cold Snap","floor":6.0},{"not_picked":["Darkness","Machine Learning"],"picked":"Ball Lightning","floor":7.0},{"not_picked":["Barrage","Reprogram"],"picked":"Hologram","floor":8.0},{"not_picked":["Ball Lightning","Gash"],"picked":"Cold Snap","floor":12.0},{"not_picked":["Go for the Eyes","Rebound"],"picked":"Cold Snap","floor":14.0},{"not_picked":["Seek","Biased Cognition"],"picked":"Machine Learning","floor":16.0},{"not_picked":["Aggregate","Redo"],"picked":"Coolheaded","floor":17.0},{"not_picked":["Hello World","Hologram"],"picked":"Ball Lightning","floor":17.0},{"not_picked":["Redo","Skim"],"picked":"Ball Lightning","floor":17.0},{"not_picked":["Sunder","Aggregate"],"picked":"Go for the Eyes","floor":17.0},{"not_picked":["Aggregate","Force Field"],"picked":"Conserve Battery","floor":18.0},{"not_picked":["Recycle","Amplify"],"picked":"FTL+1","floor":23.0},{"not_picked":["Compile Driver","Ball Lightning+1"],"picked":"FTL","floor":27.0},{"not_picked":["Steam","Streamline","Storm"],"picked":"SKIP","floor":28.0},{"not_picked":["Sweeping Beam","Stack","Barrage"],"picked":"SKIP","floor":30.0},{"not_picked":["Thunder Strike","Melter+1","Steam"],"picked":"SKIP","floor":31.0},{"not_picked":["Thunder Strike","Biased Cognition"],"picked":"Meteor Strike","floor":33.0},{"not_picked":["Blizzard","Skim+1","Hologram"],"picked":"SKIP","floor":35.0},{"not_picked":["Dark Shackles","Blind"],"picked":"HandOfGreed","floor":36.0},{"not_picked":["Leap+1","Rebound+1"],"picked":"Cold Snap","floor":37.0},{"not_picked":["Stack","Turbo","Coolheaded+1"],"picked":"SKIP","floor":38.0},{"not_picked":["Doom and Gloom","Barrage+1"],"picked":"Coolheaded+1","floor":40},{"not_picked":["Stack+1","Rebound+1"],"picked":"Electrodynamics","floor":41},{"not_picked":["Capacitor","Barrage+1"],"picked":"Ball Lightning+1","floor":45},{"not_picked":["Redo+1","Undo+1","Barrage+1"],"picked":"SKIP","floor":46},{"not_picked":["Steam Power+1","Streamline","Rip and Tear"],"picked":"SKIP","floor":48}],"player_experience":291916,"relics_obtained":[{"floor":6.0,"key":"Bronze Scales"},{"floor":9.0,"key":"DataDisk"},{"floor":10.0,"key":"Symbiotic Virus"},{"floor":21.0,"key":"Pear"},{"floor":23.0,"key":"Anchor"},{"floor":26.0,"key":"Old Coin"},{"floor":28.0,"key":"The Courier"},{"floor":31.0,"key":"Cables"},{"floor":40,"key":"Toxic Egg 2"},{"floor":43,"key":"Kunai"},{"floor":47,"key":"Lantern"}],"event_choices":[{"event_name":"Golden Wing","player_choice":"Card Removal","floor":4.0,"damage_taken":0.0},{"event_name":"Shining Light","player_choice":"Ignored","floor":5.0,"damage_taken":0.0},{"event_name":"Forgotten Altar","player_choice":"Shed Blood","floor":19.0,"damage_taken":0.0},{"event_name":"Addict","player_choice":"Obtained Relic","floor":24.0,"damage_taken":0.0},{"event_name":"SensoryStone","player_choice":"Memory 3","floor":36.0,"damage_taken":0.0}],"is_beta":true,"boss_relics":[{"not_picked":["Calling Bell","Eternal Feather"],"picked":"Orrery"},{"not_picked":["White Beast Statue","Velvet Choker"],"picked":"Astrolabe"}],"items_purged_floors":[20,29,44],"is_endless":false,"potions_floor_spawned":[2,3,6,8,14,27,28,31,33,37,38,41,48],"ascension_level":3}