{"gold_per_floor":[111,22,36,48,60,60,60,76,102,115,132,147,147,161,161,259,259,269,41,41,41,41,41,94,114,138,158,170,180,180,192,192,192],"floor_reached":33,"playtime":1347,"items_purged":["Strike_B"],"score":368,"play_id":"45847d1f-f482-41cb-a04e-92cce212b3cc","local_time":"20180710173645","is_ascension_mode":true,"campfire_choices":[{"floor":6,"key":"REST"},{"floor":15,"key":"REST"},{"data":"Zap","floor":23,"key":"SMITH"},{"floor":30,"key":"REST"},{"floor":32,"key":"REST"}],"neow_cost":"","seed_source_timestamp":591818035873709,"circlet_count":0,"master_deck":["Strike_B","Strike_B+1","Strike_B","Defend_B","Defend_B","Defend_B","Defend_B","Zap+1","Dualcast","AscendersBane","Static Discharge","Storm","Leap","Melter","Loop","Streamline","BootSequence","Cold Snap","Genetic Algorithm","Seek","Leap+1","Static Discharge","Compile Driver+1","Leap","Writhe","Loop","Redo","White Noise","Glacier","Defragment","Stack"],"relics":["Cracked Core","Ancient Tea Set","Bag of Preparation","Cursed Key","Omamori","Whetstone","Vajra"],"potions_floor_usage":[8,14,16,16,29,33],"damage_taken":[{"damage":3,"enemies":"2 Louse","floor":1,"turns":4},{"damage":13,"enemies":"Jaw Worm","floor":3,"turns":4},{"damage":6,"enemies":"Small Slimes","floor":4,"turns":4},{"damage":18,"enemies":"Exordium Wildlife","floor":5,"turns":5},{"damage":0,"enemies":"3 Louse","floor":8,"turns":3},{"damage":4,"enemies":"Large Slime","floor":10,"turns":5},{"damage":11,"enemies":"Blue Slaver","floor":11,"turns":3},{"damage":12,"enemies":"Looter","floor":12,"turns":3},{"damage":14,"enemies":"Exordium Thugs","floor":14,"turns":4},{"damage":3,"enemies":"Slime Boss","floor":16,"turns":10},{"damage":16,"enemies":"Shell Parasite","floor":18,"turns":5},{"damage":0,"enemies":"Spheric Guardian","floor":25,"turns":3},{"damage":19,"enemies":"3 Cultists","floor":27,"turns":4},{"damage":13,"enemies":"Centurion and Healer","floor":28,"turns":8},{"damage":9,"enemies":"Snake Plant","floor":29,"turns":4},{"damage":9,"enemies":"Sentry and Sphere","floor":31,"turns":3},{"damage":43,"enemies":"Collector","floor":33,"turns":4}],"seed_played":"2245997908826407802","potions_obtained":[{"floor":1,"key":"Strength Potion"},{"floor":4,"key":"Fire Potion"},{"floor":5,"key":"Fire Potion"},{"floor":10,"key":"Ancient Potion"},{"floor":11,"key":"FocusPotion"},{"floor":14,"key":"FairyPotion"},{"floor":27,"key":"SpeedPotion"},{"floor":28,"key":"AttackPotion"},{"floor":29,"key":"PowerPotion"}],"is_trial":false,"path_per_floor":["M","$","M","M","M","R","?","M","T","M","M","M","?","M","R","B",null,"M","$","?","?","?","R","T","M","T","M","M","M","R","M","R"],"character_chosen":"DEFECT","items_purchased":["Storm","Leap","Static Discharge","Compile Driver","Leap"],"campfire_rested":4,"item_purchase_floors":[2,2,19,19,19],"current_hp_per_floor":[65,65,52,46,28,50,50,50,50,46,35,23,23,9,31,28,63,47,47,47,47,40,40,40,40,40,21,8,7,29,20,42,0],"gold":192,"neow_bonus":"","is_prod":false,"is_daily":false,"chose_seed":false,"campfire_upgraded":1,"win_rate":0,"timestamp":1531258605,"path_taken":["M","$","M","M","M","R","?","M","T","M","M","M","?","M","R","BOSS","M","$","?","?","?","R","?","M","T","?","M","M","R","M","R","BOSS"],"build_version":"2018-07-05","purchased_purges":1,"victory":false,"max_hp_per_floor":[75,75,75,75,75,75,75,75,75,75,75,75,75,75,75,75,75,75,75,75,75,75,75,75,75,75,75,75,75,75,75,75,75],"card_choices":[{"not_picked":["Streamline","Sweeping Beam"],"picked":"Static Discharge","floor":1},{"not_picked":["Conserve Battery","Turbo"],"picked":"Melter","floor":3},{"not_picked":["Skim","Undo"],"picked":"Loop","floor":4},{"not_picked":["Beam Cell","Scrape","Barrage"],"picked":"SKIP","floor":5},{"not_picked":["Stack","Conserve Battery"],"picked":"Streamline","floor":8},{"not_picked":["Stack","Gash","Steam"],"picked":"SKIP","floor":10},{"not_picked":["Double Energy","Sweeping Beam"],"picked":"BootSequence","floor":11},{"not_picked":["Beam Cell","Electrodynamics"],"picked":"Cold Snap","floor":12},{"not_picked":["FTL","Streamline"],"picked":"Genetic Algorithm","floor":14},{"not_picked":["Core Surge","Hyperbeam"],"picked":"Seek","floor":16},{"not_picked":["Scrape","Go for the Eyes"],"picked":"Leap+1","floor":18},{"not_picked":["Leap","Beam Cell+1"],"picked":"Redo","floor":25},{"not_picked":["Beam Cell","Undo+1"],"picked":"White Noise","floor":27},{"not_picked":["Compile Driver","Conserve Battery"],"picked":"Glacier","floor":28},{"not_picked":["Sweeping Beam","Hologram"],"picked":"Defragment","floor":29},{"not_picked":["Steam","Turbo"],"picked":"Stack","floor":31}],"player_experience":1030743,"relics_obtained":[{"floor":9,"key":"Bag of Preparation"},{"floor":24,"key":"Whetstone"},{"floor":26,"key":"Vajra"}],"event_choices":[{"event_name":"Dead Adventurer","player_choice":"Searched \u00271\u0027 times","floor":7,"damage_taken":0},{"event_name":"Shining Light","player_choice":"Ignored","floor":13,"damage_taken":0},{"event_name":"The Mausoleum","player_choice":"Yes","floor":20,"damage_taken":0},{"event_name":"Duplicator","player_choice":"One dupe","floor":21,"damage_taken":0},{"event_name":"Knowing Skull","player_choice":"","floor":22,"damage_taken":0}],"boss_relics":[{"not_picked":["Nuclear Battery","Philosopher\u0027s Stone"],"picked":"Cursed Key"}],"items_purged_floors":[19],"is_endless":false,"potions_floor_spawned":[1,4,5,10,11,14,27,28,29],"killed_by":"Collector","ascension_level":10}