{"path_per_floor":["M","?","?","$","M","E","R","E","T","R","M","?","M","?","R","B",null,"M","M","?","$","T","R","M","M","T","M","?","?","$","M","R","B",null,"M","?","?","?","M","R","?","R","T","R","?","T","M","M","R","B"],"character_chosen":"IRONCLAD","items_purchased":["Iron Wave","Corruption","Metallicize","Flex","Metallicize+1"],"gold_per_floor":[110,110,185,23,33,63,63,94,120,120,131,189,202,202,202,300,300,320,339,339,123,123,123,138,150,203,221,221,221,26,40,40,141,141,159,159,159,159,174,174,174,174,174,174,174,254,273,283,283,283],"floor_reached":51,"campfire_rested":2,"playtime":3310,"item_purchase_floors":[4,4,21,21,30],"current_hp_per_floor":[80,85,74,74,80,85,85,76,76,76,84,53,61,61,85,14,85,75,67,67,67,67,67,71,68,68,57,57,41,41,20,45,33,85,85,74,74,74,66,66,82,82,82,82,82,82,85,85,85,40],"items_purged":["Defend_R","Corruption","Strike_R"],"gold":283,"score":903,"play_id":"1ea0e7a3-458a-4144-878e-648efa65cd79","local_time":"20180620211203","is_prod":false,"is_daily":false,"chose_seed":false,"is_ascension_mode":false,"campfire_upgraded":5,"win_rate":0,"timestamp":1529543523,"campfire_choices":[{"data":"Body Slam","floor":7,"key":"SMITH"},{"data":"Limit Break","floor":10,"key":"SMITH"},{"floor":15,"key":"REST"},{"data":"Barricade","floor":23,"key":"SMITH"},{"floor":32,"key":"REST"},{"data":"Apotheosis","floor":40,"key":"SMITH"},{"data":"Entrench","floor":42,"key":"SMITH"},{"data":"Normality","floor":44,"key":"PURGE"},{"data":"Normality","floor":49,"key":"PURGE"}],"path_taken":["M","?","?","$","M","E","R","E","T","R","M","?","M","?","R","BOSS","M","M","?","$","?","R","M","M","T","M","?","?","?","M","R","BOSS","M","?","?","?","M","R","?","R","T","R","?","?","M","M","R","BOSS"],"build_version":"2018-06-14v2","seed_source_timestamp":579489793589730,"purchased_purges":3,"victory":true,"master_deck":["Strike_R","Strike_R","Strike_R","Defend_R","Defend_R","Defend_R","Bash","Battle Trance","Iron Wave","Flex","Body Slam+1","Limit Break+1","Entrench+1","Iron Wave","Barricade+1","Warcry+1","Headbutt+1","Metallicize","Flex","Body Slam","Metallicize+1","Metallicize+1","Ghostly Armor","Immolate","Madness","Madness","Apotheosis+1"],"max_hp_per_floor":[80,85,85,85,85,85,85,85,85,85,85,85,85,85,85,85,85,85,85,85,85,85,85,85,85,85,85,85,85,85,85,85,85,85,85,85,85,85,85,85,85,85,85,85,85,85,85,85,85,85],"relics":["Burning Blood","NeowsBlessing","Blood Vial","Bottled Lightning","Anchor","Mercury Hourglass","Mark of Pain","Frozen Egg 2","Juzu Bracelet","Nilry\u0027s Codex","Cursed Key","Peace Pipe","Ancient Tea Set","Toxic Egg 2"],"card_choices":[{"not_picked":["Sword Boomerang","Twin Strike"],"picked":"Battle Trance","floor":1},{"not_picked":["Twin Strike","Wild Strike"],"picked":"Flex","floor":5},{"not_picked":["Carnage","Iron Wave"],"picked":"Body Slam","floor":6},{"not_picked":["Fire Breathing","Intimidate"],"picked":"Limit Break","floor":8},{"not_picked":["Iron Wave","Havoc"],"picked":"Entrench","floor":11},{"not_picked":["Warcry","Pommel Strike"],"picked":"Iron Wave","floor":13},{"not_picked":["Reaper","Impervious"],"picked":"Barricade","floor":16},{"not_picked":["Sword Boomerang","Clothesline+1"],"picked":"Warcry+1","floor":18},{"not_picked":["Heavy Blade","Searing Blow"],"picked":"Headbutt+1","floor":19},{"not_picked":["Clash","Havoc","Reckless Charge"],"picked":"SKIP","floor":24},{"not_picked":["Wild Strike","Twin Strike"],"picked":"Body Slam","floor":25},{"not_picked":["Clash+1","Anger"],"picked":"Metallicize+1","floor":27},{"not_picked":["Sentinel","Bloodletting"],"picked":"Ghostly Armor","floor":31},{"not_picked":["Dark Embrace+1","Brutality+1"],"picked":"Immolate","floor":33},{"not_picked":["Dropkick+1","Inflame+1","True Grit+1"],"picked":"SKIP","floor":35},{"not_picked":["Dramatic Entrance","Panache+1"],"picked":"Apotheosis","floor":38},{"not_picked":["Pommel Strike+1","Wild Strike+1","Searing Blow"],"picked":"SKIP","floor":39},{"not_picked":["Anger+1","Twin Strike+1","Rampage"],"picked":"SKIP","floor":47},{"not_picked":["Inflame+1","Wild Strike+1","Evolve+1"],"picked":"SKIP","floor":48}],"player_experience":666500,"potions_floor_usage":[12,12,16,16,16,16,24,33,35,41,50],"damage_taken":[{"damage":0,"enemies":"Jaw Worm","floor":1,"turns":1},{"damage":0,"enemies":"Cultist","floor":5,"turns":1},{"damage":0,"enemies":"Lagavulin","floor":6,"turns":1},{"damage":15,"enemies":"Gremlin Nob","floor":8,"turns":4},{"damage":0,"enemies":"2 Louse","floor":11,"turns":2},{"damage":38,"enemies":"Lagavulin Event","floor":12,"turns":6},{"damage":0,"enemies":"Looter","floor":13,"turns":3},{"damage":86,"enemies":"The Guardian","floor":16,"turns":12},{"damage":16,"enemies":"2 Thieves","floor":18,"turns":5},{"damage":16,"enemies":"Chosen","floor":19,"turns":6},{"damage":4,"enemies":"Centurion and Healer","floor":24,"turns":6},{"damage":11,"enemies":"Snake Plant","floor":25,"turns":4},{"damage":19,"enemies":"Snecko","floor":27,"turns":4},{"damage":29,"enemies":"3 Cultists","floor":31,"turns":6},{"damage":20,"enemies":"Collector","floor":33,"turns":12},{"damage":0,"enemies":"Orb Walker","floor":35,"turns":4},{"damage":16,"enemies":"3 Darklings","floor":39,"turns":4},{"damage":6,"floor":41,"turns":6},{"damage":0,"enemies":"Maw","floor":47,"turns":9},{"damage":0,"enemies":"4 Shapes","floor":48,"turns":3},{"damage":51,"enemies":"Time Eater","floor":50,"turns":12}],"relics_obtained":[{"floor":6,"key":"Blood Vial"},{"floor":8,"key":"Bottled Lightning"},{"floor":9,"key":"Anchor"},{"floor":12,"key":"Mercury Hourglass"},{"floor":22,"key":"Frozen Egg 2"},{"floor":26,"key":"Juzu Bracelet"},{"floor":29,"key":"Nilry\u0027s Codex"},{"floor":41,"key":"Peace Pipe"},{"floor":43,"key":"Ancient Tea Set"},{"floor":46,"key":"Toxic Egg 2"}],"event_choices":[{"event_name":"Big Fish","player_choice":"Donut","floor":2,"damage_taken":0},{"event_name":"World of Goop","player_choice":"Gather Gold","floor":3,"damage_taken":0},{"event_name":"Dead Adventurer","player_choice":"Searched \u00271\u0027 times","floor":12,"damage_taken":0},{"event_name":"The Lab","player_choice":"Got Potions","floor":14,"damage_taken":0},{"event_name":"Drug Dealer","player_choice":"Ignored","floor":20,"damage_taken":0},{"event_name":"Ghosts","player_choice":"Ignored","floor":28,"damage_taken":0},{"event_name":"Cursed Tome","player_choice":"Obtained Book","floor":29,"damage_taken":0},{"event_name":"Winding Halls","player_choice":"Embrace Madness","floor":36,"damage_taken":0},{"event_name":"Mysterious Sphere","player_choice":"Ignore","floor":37,"damage_taken":0},{"event_name":"SensoryStone","player_choice":"Memory 1","floor":38,"damage_taken":0},{"event_name":"MindBloom","player_choice":"Fight","floor":41,"damage_taken":0},{"event_name":"Falling","player_choice":"Removed Attack","floor":45,"damage_taken":0}],"boss_relics":[{"not_picked":["Runic Dome","Velvet Choker"],"picked":"Mark of Pain"},{"not_picked":["Sozu","Orrery"],"picked":"Cursed Key"}],"items_purged_floors":[4,21,30],"is_endless":false,"potions_floor_spawned":[1,5,12,13,18,27,31,33,39,48],"seed_played":"-716060245669918617","ascension_level":0,"potions_obtained":[{"floor":1,"key":"Weak Potion"},{"floor":5,"key":"PowerPotion"},{"floor":12,"key":"Block Potion"},{"floor":13,"key":"LiquidBronze"},{"floor":14,"key":"FairyPotion"},{"floor":14,"key":"EntropicBrew"},{"floor":18,"key":"Block Potion"},{"floor":27,"key":"GamblersBrew"},{"floor":31,"key":"PowerPotion"},{"floor":33,"key":"FairyPotion"},{"floor":39,"key":"Regen Potion"},{"floor":48,"key":"Weak Potion"}],"is_trial":false}