{"gold_per_floor":[112,112,112,125,143,177,197,211,211,229,244,244,176,188,188,288,288,304,324,23,43,61,77,77,77,104,138,153,170,182,195,195,290,290,308,321,112,132,142,167,178,178,178,178,198,224,238,1,1,1],"floor_reached":51,"playtime":1818,"items_purged":[],"score":993,"play_id":"60eb3a18-90dd-43f1-9255-44af69790482","local_time":"20180707174853","daily_mods":["Draft","Heirloom","Vintage"],"is_ascension_mode":false,"campfire_choices":[{"data":"Dagger Spray","floor":12,"key":"SMITH"},{"floor":15,"key":"REST"},{"floor":25,"key":"REST"},{"floor":32,"key":"REST"},{"floor":42,"key":"REST"},{"data":"Cloak And Dagger","floor":49,"key":"SMITH"}],"neow_cost":"","seed_source_timestamp":0,"circlet_count":0,"master_deck":["Slice+1","Deadly Poison","Flying Knee","Sucker Punch","Well Laid Plans","Malaise","Noxious Fumes","Infinite Blades","Blur","Heel Hook","Flying Knee","Dagger Throw","Dagger Spray+1","Slice+1","Cloak And Dagger+1","Footwork","Storm of Steel","Cloak And Dagger","Skewer+1","After Image","Dodge and Roll+1","Backstab","Accuracy+1","Footwork+1"],"relics":["Ring of the Snake","Dead Branch","Blood Vial","Ninja Scroll","Centennial Puzzle","Mercury Hourglass","Strawberry","Darkstone Periapt","Incense Burner","Dodecahedron","Bottled Tornado","Bottled Flame","Du-Vu Doll","Art of War","Sozu","Lantern","Potion Belt","Matryoshka","Orichalcum","Vajra","Omamori","Bag of Marbles","Ancient Tea Set","Letter Opener","Snake Skull","Smiling Mask","Juzu Bracelet","Boot","The Courier","Runic Pyramid","Shuriken","Whetstone","Ornamental Fan","Paper Crane","Frozen Egg 2","Regal Pillow","Bronze Scales","Happy Flower","Meat on the Bone","The Specimen","Pen Nib","Pantograph","Oddly Smooth Stone"],"potions_floor_usage":[22],"damage_taken":[{"damage":3,"enemies":"Jaw Worm","floor":1,"turns":2},{"damage":0,"enemies":"2 Louse","floor":4,"turns":1},{"damage":0,"enemies":"Small Slimes","floor":5,"turns":1},{"damage":14,"enemies":"Gremlin Nob","floor":6,"turns":3},{"damage":0,"enemies":"Blue Slaver","floor":7,"turns":1},{"damage":0,"enemies":"3 Louse","floor":8,"turns":1},{"damage":0,"enemies":"Lots of Slimes","floor":10,"turns":1},{"damage":0,"enemies":"2 Fungi Beasts","floor":11,"turns":1},{"damage":0,"enemies":"Exordium Thugs","floor":14,"turns":1},{"damage":0,"enemies":"Slime Boss","floor":16,"turns":4},{"damage":0,"enemies":"2 Thieves","floor":18,"turns":2},{"damage":0,"enemies":"Shell Parasite","floor":19,"turns":1},{"damage":0,"enemies":"Sentry and Sphere","floor":21,"turns":1},{"damage":9,"enemies":"Snake Plant","floor":22,"turns":2},{"damage":0,"enemies":"3 Cultists","floor":23,"turns":2},{"damage":0,"enemies":"Slavers","floor":27,"turns":1},{"damage":0,"enemies":"Snecko","floor":28,"turns":3},{"damage":0,"enemies":"Slaver and Parasite","floor":29,"turns":1},{"damage":15,"enemies":"Snake Plant","floor":30,"turns":2},{"damage":0,"enemies":"Chosen and Byrds","floor":31,"turns":3},{"damage":15,"enemies":"Champ","floor":33,"turns":6},{"damage":0,"enemies":"3 Darklings","floor":35,"turns":1},{"damage":0,"enemies":"Orb Walker","floor":36,"turns":2},{"damage":0,"enemies":"3 Darklings","floor":38,"turns":1},{"damage":0,"enemies":"Sphere and 2 Shapes","floor":39,"turns":2},{"damage":0,"enemies":"2 Orb Walkers","floor":40,"turns":2},{"damage":4,"enemies":"4 Shapes","floor":41,"turns":2},{"damage":0,"enemies":"3 Darklings","floor":45,"turns":1},{"damage":0,"enemies":"Nemesis","floor":46,"turns":3},{"damage":4,"enemies":"Sphere and 2 Shapes","floor":47,"turns":1},{"damage":0,"enemies":"Donu and Deca","floor":50,"turns":4}],"seed_played":"6519586006083758224","potions_obtained":[{"floor":4,"key":"SteroidPotion"},{"floor":11,"key":"Weak Potion"},{"floor":14,"key":"SpeedPotion"}],"is_trial":true,"path_per_floor":["M","?","$","M","M","E","M","M","T","M","M","R","$","M","R","B",null,"M","M","$","M","M","M","?","R","T","E","M","M","M","M","R","B",null,"M","M","$","M","M","E","M","R","T","?","M","E","M","$","R","B"],"character_chosen":"THE_SILENT","items_purchased":["Footwork","Cloak And Dagger","Matryoshka","Ornamental Fan","Oddly Smooth Stone","Accuracy+1","Footwork+1"],"campfire_rested":4,"item_purchase_floors":[13,20,20,37,48,48,48],"current_hp_per_floor":[67,55,55,57,59,54,56,58,58,60,62,62,62,64,77,77,77,77,77,77,77,68,70,56,80,80,82,82,82,67,69,82,67,82,82,82,82,82,82,82,78,82,82,82,82,82,78,78,78,82],"gold":1,"neow_bonus":"","is_prod":false,"is_daily":false,"chose_seed":false,"campfire_upgraded":2,"win_rate":0,"timestamp":1530978533,"path_taken":["M","?","$","M","M","E","M","M","T","M","M","R","$","M","R","BOSS","M","M","$","M","M","M","?","R","T","E","M","M","M","M","R","BOSS","M","M","$","M","M","E","M","R","T","?","M","E","M","?","R","BOSS"],"build_version":"2018-07-05","purchased_purges":0,"victory":true,"max_hp_per_floor":[70,70,70,70,70,77,77,77,77,77,77,77,77,77,77,77,77,77,77,77,77,77,77,82,82,82,82,82,82,82,82,82,82,82,82,82,82,82,82,82,82,82,82,82,82,82,82,82,82,82],"card_choices":[{"not_picked":["Acrobatics","Expertise"],"picked":"Slice","floor":0},{"not_picked":["Prepared","All Out Attack"],"picked":"Deadly Poison","floor":0},{"not_picked":["Slice","Dodge and Roll"],"picked":"Flying Knee","floor":0},{"not_picked":["Deflect","PiercingWail"],"picked":"Sucker Punch","floor":0},{"not_picked":["Quick Slash","Dagger Throw"],"picked":"Well Laid Plans","floor":0},{"not_picked":["Deflect","Accuracy"],"picked":"Malaise","floor":0},{"not_picked":["Dagger Throw","Underhanded Strike"],"picked":"Poisoned Stab","floor":0},{"not_picked":["Backflip","Bouncing Flask"],"picked":"Noxious Fumes","floor":0},{"not_picked":["PiercingWail","Deadly Poison"],"picked":"Infinite Blades","floor":0},{"not_picked":["Dodge and Roll","Deadly Poison"],"picked":"Blur","floor":0},{"not_picked":["Catalyst","Quick Slash"],"picked":"Heel Hook","floor":0},{"not_picked":["Dodge and Roll","Bouncing Flask"],"picked":"Flying Knee","floor":0},{"not_picked":["Acrobatics","Concentrate"],"picked":"Dagger Throw","floor":0},{"not_picked":["Bane","Acrobatics"],"picked":"Dagger Spray","floor":0},{"not_picked":["Sucker Punch","Poisoned Stab"],"picked":"Slice","floor":0},{"not_picked":["Skewer","Storm of Steel"],"picked":"Cloak And Dagger","floor":6},{"not_picked":["Wraith Form v2","Envenom"],"picked":"Storm of Steel","floor":16},{"not_picked":["Sucker Punch","Caltrops"],"picked":"Skewer+1","floor":27},{"not_picked":["Storm of Steel","Doppelganger"],"picked":"After Image","floor":33},{"not_picked":["Well Laid Plans+1","Prepared"],"picked":"Dodge and Roll+1","floor":40},{"not_picked":["Deflect","Masterful Stab+1"],"picked":"Backstab","floor":46}],"player_experience":997181,"relics_obtained":[{"floor":1,"key":"Blood Vial"},{"floor":4,"key":"Centennial Puzzle"},{"floor":5,"key":"Mercury Hourglass"},{"floor":6,"key":"Strawberry"},{"floor":7,"key":"Darkstone Periapt"},{"floor":8,"key":"Incense Burner"},{"floor":9,"key":"Dodecahedron"},{"floor":10,"key":"Bottled Tornado"},{"floor":11,"key":"Bottled Flame"},{"floor":14,"key":"Du-Vu Doll"},{"floor":16,"key":"Art of War"},{"floor":18,"key":"Lantern"},{"floor":19,"key":"Potion Belt"},{"floor":21,"key":"Orichalcum"},{"floor":22,"key":"Vajra"},{"floor":23,"key":"Omamori"},{"floor":26,"key":"Bag of Marbles"},{"floor":26,"key":"Ancient Tea Set"},{"floor":27,"key":"Letter Opener"},{"floor":28,"key":"Snake Skull"},{"floor":29,"key":"Smiling Mask"},{"floor":30,"key":"Juzu Bracelet"},{"floor":31,"key":"Boot"},{"floor":33,"key":"The Courier"},{"floor":35,"key":"Shuriken"},{"floor":36,"key":"Whetstone"},{"floor":38,"key":"Paper Crane"},{"floor":39,"key":"Frozen Egg 2"},{"floor":40,"key":"Regal Pillow"},{"floor":41,"key":"Bronze Scales"},{"floor":43,"key":"Happy Flower"},{"floor":43,"key":"Meat on the Bone"},{"floor":45,"key":"The Specimen"},{"floor":46,"key":"Pen Nib"},{"floor":47,"key":"Pantograph"}],"event_choices":[{"event_name":"Scrap Ooze","player_choice":"success","floor":2,"damage_taken":12},{"event_name":"Forgotten Altar","player_choice":"Shed Blood","floor":24,"damage_taken":0},{"event_name":"Falling","player_choice":"Removed Attack","floor":44,"damage_taken":0}],"boss_relics":[{"not_picked":["Ectoplasm","Philosopher\u0027s Stone"],"picked":"Sozu"},{"not_picked":["Astrolabe","Coffee Dripper"],"picked":"Runic Pyramid"}],"items_purged_floors":[],"is_endless":false,"potions_floor_spawned":[4,11,14,18,19,27,29,30,33,35,40,45,46],"ascension_level":0}