{"gold_per_floor":[111,126,143,22,42,42,61,88,88,88,100,100,100,100,100,199,199,218,218],"floor_reached":19,"playtime":997,"items_purged":["Strike_B"],"score":254,"play_id":"26943f26-d4b3-4538-b21a-fdf5da0af549","local_time":"20180714121849","is_ascension_mode":true,"campfire_choices":[{"data":"Zap","floor":6,"key":"SMITH"},{"floor":10,"key":"REST"},{"data":"Capacitor","floor":12,"key":"SMITH"},{"floor":15,"key":"REST"}],"neow_cost":"","seed_source_timestamp":48640011511035,"circlet_count":0,"master_deck":["Strike_B","Strike_B","Defend_B","Defend_B","Defend_B+1","Defend_B","Zap+1","Dualcast","AscendersBane","Cold Snap","Coolheaded","Capacitor+1","Cold Snap","Heatsinks","Sweeping Beam+1","Capacitor","Echo Form","Leap+1"],"relics":["Cracked Core","Regal Pillow","Potion Belt","Lizard Tail"],"potions_floor_usage":[7],"damage_taken":[{"damage":1,"enemies":"Cultist","floor":1,"turns":4},{"damage":0,"enemies":"2 Louse","floor":2,"turns":3},{"damage":8,"enemies":"Small Slimes","floor":3,"turns":3},{"damage":11,"enemies":"3 Louse","floor":5,"turns":3},{"damage":13,"enemies":"Exordium Thugs","floor":7,"turns":5},{"damage":15,"enemies":"Blue Slaver","floor":11,"turns":4},{"damage":22,"enemies":"The Guardian","floor":16,"turns":14},{"damage":28,"enemies":"Shell Parasite","floor":18,"turns":8},{"damage":81,"enemies":"3 Byrds","floor":19,"turns":6}],"seed_played":"1985180978618788364","potions_obtained":[{"floor":1,"key":"EssenceOfSteel"},{"floor":16,"key":"Block Potion"}],"is_trial":false,"path_per_floor":["M","M","M","$","M","R","M","T","T","R","M","R","?","?","R","B",null,"M"],"character_chosen":"DEFECT","items_purchased":["Cold Snap"],"campfire_rested":2,"item_purchase_floors":[4],"current_hp_per_floor":[67,67,59,59,48,48,35,35,35,72,57,57,42,42,75,53,70,42,0],"gold":218,"neow_bonus":"","is_prod":false,"is_daily":false,"chose_seed":false,"campfire_upgraded":2,"win_rate":0,"timestamp":1531585129,"path_taken":["M","M","M","$","M","R","M","?","T","R","M","R","?","?","R","BOSS","M","M"],"build_version":"2018-07-12","purchased_purges":1,"victory":false,"max_hp_per_floor":[75,75,75,75,75,75,75,75,75,75,75,75,75,75,75,75,75,75,75],"card_choices":[{"not_picked":["Reinforced Body","Heatsinks"],"picked":"Cold Snap","floor":1},{"not_picked":["Turbo","Leap"],"picked":"Coolheaded","floor":2},{"not_picked":["Streamline","Consume"],"picked":"Capacitor","floor":3},{"not_picked":["Go for the Eyes","Hologram"],"picked":"Heatsinks","floor":5},{"not_picked":["Barrage","Beam Cell"],"picked":"Sweeping Beam","floor":7},{"not_picked":["FTL","Rebound"],"picked":"Capacitor","floor":11},{"not_picked":["Fission","Rainbow"],"picked":"Echo Form","floor":16},{"not_picked":["Cold Snap","Static Discharge"],"picked":"Leap+1","floor":18}],"player_experience":1095246,"relics_obtained":[{"floor":8,"key":"Regal Pillow"},{"floor":9,"key":"Potion Belt"}],"event_choices":[{"event_name":"Shining Light","player_choice":"Entered Light","floor":13,"damage_taken":0},{"event_name":"Purifier","player_choice":"One Purge","floor":14,"damage_taken":0}],"boss_relics":[{"not_picked":["Black Star","Pandora\u0027s Box"],"picked":"Lizard Tail"}],"items_purged_floors":[4],"is_endless":false,"potions_floor_spawned":[1,16],"killed_by":"3 Byrds","ascension_level":12}