{"path_per_floor":["M","M","$","?","?","R","?","R","T","E","$","R","?","M","R","B",null,"M","?","?","M","$","R","E","?","T","R","M","R","T","$","R","B",null,"M","M","$","?","M","R","M","?","T","R"],"character_chosen":"DEFECT","items_purchased":["Creative AI","Sweeping Beam","Redo","Steam","Redo+1"],"gold_per_floor":[114,125,0,0,0,0,0,0,0,28,5,5,5,24,24,125,125,142,142,142,154,55,55,86,86,86,86,104,104,156,32,32,132,132,152,169,44,44,60,60,79,79,157,157,157],"floor_reached":45,"campfire_rested":1,"playtime":6841,"item_purchase_floors":[3,3,11,22,31],"current_hp_per_floor":[70,70,70,70,75,75,75,75,89,58,58,86,86,89,89,45,96,80,80,48,49,49,49,13,4,4,4,15,15,15,15,15,17,52,23,14,14,14,19,19,24,17,17,17,0],"items_purged":["Strike_B","Strike_B","Strike_B"],"gold":157,"score":450,"play_id":"80616e7b-9622-4c69-9c42-ecabc4d8790e","local_time":"20180623174326","is_prod":false,"is_daily":false,"chose_seed":false,"is_ascension_mode":false,"campfire_upgraded":9,"win_rate":0.0,"timestamp":1529793806,"campfire_choices":[{"data":"Reprogram","floor":6,"key":"SMITH"},{"data":"Creative AI","floor":8,"key":"SMITH"},{"floor":12,"key":"REST"},{"data":"Redo","floor":15,"key":"SMITH"},{"data":"Ghostly","floor":23,"key":"SMITH"},{"data":"Ghostly","floor":27,"key":"SMITH"},{"data":"Ghostly","floor":29,"key":"SMITH"},{"data":"Ghostly","floor":32,"key":"SMITH"},{"data":"Ghostly","floor":40,"key":"SMITH"},{"data":"Fusion","floor":44,"key":"SMITH"}],"path_taken":["M","M","$","?","?","R","?","R","T","E","$","R","?","M","R","BOSS","M","?","?","?","?","R","E","?","T","R","M","R","?","$","R","BOSS","M","M","?","?","M","R","M","?","T","R","M"],"build_version":"2018-06-21","seed_source_timestamp":357081088297797,"purchased_purges":3,"circlet_count":0,"victory":false,"master_deck":["Strike_B","Defend_B","Defend_B","Defend_B","Defend_B","Zap","Dualcast","Streamline","Reprogram+1","Creative AI+1","Sweeping Beam","Zap","Go for the Eyes","Redo+1","Steam","Amplify","Self Repair+1","Ghostly+1","Ghostly+1","Ghostly+1","Ghostly+1","Ghostly+1","Fusion+1","Steam","Skim+1","Redo+1","Fission+1","Doom and Gloom","Chaos+1","Madness+1","Madness+1"],"max_hp_per_floor":[75,75,75,75,80,80,80,80,94,94,94,94,94,95,95,96,96,97,97,48,49,49,49,50,50,50,50,51,51,51,51,51,52,52,53,54,54,54,55,55,56,56,56,56,56],"relics":["Cracked Core","Mango","Blood Vial","FaceOfCleric","Coffee Dripper","Lantern","Toxic Egg 2","Juzu Bracelet","Busted Crown","Pantograph"],"card_choices":[{"not_picked":["Gash","Beam Cell"],"picked":"Streamline","floor":1},{"not_picked":["Steam","FTL"],"picked":"Reprogram","floor":2},{"not_picked":["Leap","Gash"],"picked":"Go for the Eyes","floor":10},{"not_picked":["Leap","Hologram"],"picked":"Steam","floor":14},{"not_picked":["Seek","Thunder Strike"],"picked":"Amplify","floor":16},{"not_picked":["Sweeping Beam+1","Doom and Gloom+1"],"picked":"Self Repair+1","floor":18},{"not_picked":["Tempest+1","Compile Driver"],"picked":"Fusion","floor":21},{"not_picked":["BootSequence","Gash","Redo+1"],"picked":"SKIP","floor":24},{"not_picked":["Redo+1","Stack+1"],"picked":"Skim+1","floor":28},{"not_picked":["Biased Cognition","Machine Learning"],"picked":"Fission+1","floor":33},{"not_picked":[],"picked":"Doom and Gloom","floor":35},{"not_picked":[],"picked":"Chaos+1","floor":36},{"not_picked":["FTL+1"],"picked":"SKIP","floor":39},{"not_picked":["Barrage"],"picked":"SKIP","floor":41},{"not_picked":["Barrage"],"picked":"SKIP","floor":41},{"not_picked":["Barrage"],"picked":"SKIP","floor":41}],"player_experience":5130,"potions_floor_usage":[16,21],"damage_taken":[{"damage":5,"enemies":"Jaw Worm","floor":1,"turns":4},{"damage":0,"enemies":"Cultist","floor":2,"turns":3},{"damage":31,"enemies":"Gremlin Nob","floor":10,"turns":4},{"damage":0,"enemies":"Small Slimes","floor":14,"turns":3},{"damage":47,"enemies":"Hexaghost","floor":16,"turns":9},{"damage":17,"enemies":"Chosen","floor":18,"turns":6},{"damage":8,"enemies":"Spheric Guardian","floor":21,"turns":5},{"damage":47,"enemies":"Gremlin Leader","floor":24,"turns":11},{"damage":2,"enemies":"Cultist and Chosen","floor":28,"turns":7},{"damage":11,"enemies":"Champ","floor":33,"turns":17},{"damage":40,"enemies":"3 Shapes","floor":35,"turns":5},{"damage":22,"enemies":"Flame Bruiser 1 Orb","floor":36,"turns":8},{"damage":8,"enemies":"Sphere and 2 Shapes","floor":39,"turns":8},{"damage":8,"enemies":"Spire Growth","floor":41,"turns":8},{"damage":21,"enemies":"3 Darklings","floor":45,"turns":1}],"relics_obtained":[{"floor":9,"key":"Mango"},{"floor":10,"key":"Blood Vial"},{"floor":24,"key":"Lantern"},{"floor":26,"key":"Toxic Egg 2"},{"floor":30,"key":"Juzu Bracelet"},{"floor":43,"key":"Pantograph"}],"event_choices":[{"event_name":"Match and Keep!","player_choice":"1 cards matched","floor":4,"damage_taken":0},{"event_name":"Big Fish","player_choice":"Donut","floor":5,"damage_taken":0},{"event_name":"Liars Game","player_choice":"disagreed","floor":7,"damage_taken":0},{"event_name":"FaceTrader","player_choice":"Took Face Of Cleric","floor":13,"damage_taken":0},{"event_name":"The Mausoleum","player_choice":"No","floor":19,"damage_taken":0},{"event_name":"Ghosts","player_choice":"Became a Ghost","floor":20,"damage_taken":0},{"event_name":"Cursed Tome","player_choice":"Stopped","floor":25,"damage_taken":0},{"event_name":"The Moai Head","player_choice":"Ignored","floor":38,"damage_taken":0},{"event_name":"Winding Halls","player_choice":"Embrace Madness","floor":42,"damage_taken":0}],"boss_relics":[{"not_picked":["Orrery","Calling Bell"],"picked":"Coffee Dripper"},{"not_picked":["Snecko Eye","Astrolabe"],"picked":"Busted Crown"}],"items_purged_floors":[22,31,37],"is_endless":false,"potions_floor_spawned":[2,10,16,18,33,39,41],"seed_played":"-1232980378233427773","killed_by":"3 Darklings","ascension_level":0,"potions_obtained":[{"floor":2,"key":"LiquidBronze"},{"floor":10,"key":"Poison Potion"},{"floor":16,"key":"LiquidBronze"},{"floor":18,"key":"Swift Potion"},{"floor":33,"key":"Block Potion"},{"floor":39,"key":"Ancient Potion"}],"is_trial":false}