{"gold_per_floor":[115,132,132,8,83,83,83,94,174,174,205,205,231,248,248,351,351,364,364,383,46,57,57,84,99,99,99,99,115,129,141,141,238,238,256,270,128,138,138,172,172,32,32,44,59,59,70,70,70,70,70,70,18,18],"floor_reached":54,"playtime":2792,"items_purged":["Strike_G+1"],"score":749,"play_id":"033e9a7e-cb65-41fd-8dfd-e11d4480883d","local_time":"20181130014013","is_ascension_mode":false,"campfire_choices":[{"data":"Neutralize","floor":7,"key":"SMITH"},{"data":"Noxious Fumes","floor":10,"key":"SMITH"},{"data":"Noxious Fumes","floor":12,"key":"SMITH"},{"data":"Footwork","floor":15,"key":"SMITH"},{"data":"Leg Sweep","floor":23,"key":"SMITH"},{"floor":32,"key":"REST"},{"floor":41,"key":"RECALL"},{"data":"PiercingWail","floor":46,"key":"SMITH"},{"floor":49,"key":"REST"},{"data":"Blur","floor":52,"key":"SMITH"}],"neow_cost":"NONE","seed_source_timestamp":2931677395975332,"circlet_count":0,"master_deck":["Defend_G+1","Defend_G+1","Defend_G+1","Defend_G+1","Defend_G+1","Strike_G+1","Strike_G+1","Strike_G+1","Strike_G+1","Survivor","Neutralize+1","Noxious Fumes+1","Deadly Poison","Noxious Fumes+1","Backflip","PiercingWail+1","Dodge and Roll","Footwork+1","Bane","Deflect+1","Leg Sweep+1","Noxious Fumes","Poisoned Stab+1","Footwork+1","Crippling Poison+1","PiercingWail","Noxious Fumes+1","Blur+1","Noxious Fumes+1","Caltrops+1","Caltrops+1"],"relics":["White Beast Statue","Pen Nib","Meat on the Bone","Tough Bandages","Centennial Puzzle","Busted Crown","OrangePellets","Molten Egg 2","Frozen Egg 2","Velvet Choker","Ginger","Art of War","Lantern"],"potions_floor_usage":[11,13,13,16,16,22,22,24,24,31,38,38,38,38,38,44,47,50,50,54,54],"damage_taken":[{"damage":0,"enemies":"2 Louse","floor":1,"turns":3},{"damage":0,"enemies":"Small Slimes","floor":2,"turns":4},{"damage":6,"enemies":"Jaw Worm","floor":8,"turns":5},{"damage":17,"enemies":"Gremlin Nob","floor":11,"turns":5},{"damage":15,"enemies":"Lagavulin","floor":13,"turns":6},{"damage":6,"enemies":"3 Louse","floor":14,"turns":6},{"damage":0,"enemies":"The Guardian","floor":16,"turns":9},{"damage":1,"enemies":"Spheric Guardian","floor":18,"turns":4},{"damage":13,"enemies":"2 Thieves","floor":20,"turns":4},{"damage":0,"enemies":"Snecko","floor":22,"turns":5},{"damage":5,"enemies":"Slavers","floor":24,"turns":6},{"damage":7,"enemies":"Snake Plant","floor":25,"turns":5},{"damage":1,"enemies":"Cultist and Chosen","floor":29,"turns":5},{"damage":6,"enemies":"Centurion and Healer","floor":30,"turns":7},{"damage":1,"enemies":"Snecko","floor":31,"turns":6},{"damage":2,"enemies":"Champ","floor":33,"turns":12},{"damage":7,"enemies":"3 Shapes","floor":35,"turns":6},{"damage":5,"enemies":"Orb Walker","floor":36,"turns":4},{"damage":0,"enemies":"4 Shapes","floor":38,"turns":5},{"damage":26,"enemies":"Nemesis","floor":40,"turns":7},{"damage":1,"enemies":"Writhing Mass","floor":44,"turns":7},{"damage":2,"enemies":"3 Darklings","floor":45,"turns":4},{"damage":2,"enemies":"Sphere and 2 Shapes","floor":47,"turns":6},{"damage":30,"enemies":"Time Eater","floor":50,"turns":12},{"damage":75,"enemies":"Shield and Spear","floor":54,"turns":6}],"seed_played":"-3804757969178866818","potions_obtained":[{"floor":1,"key":"Weak Potion"},{"floor":2,"key":"AttackPotion"},{"floor":8,"key":"Energy Potion"},{"floor":11,"key":"EssenceOfSteel"},{"floor":13,"key":"AttackPotion"},{"floor":14,"key":"Ancient Potion"},{"floor":16,"key":"Poison Potion"},{"floor":18,"key":"Fire Potion"},{"floor":22,"key":"Regen Potion"},{"floor":24,"key":"SkillPotion"},{"floor":25,"key":"Explosive Potion"},{"floor":29,"key":"AttackPotion"},{"floor":30,"key":"EssenceOfSteel"},{"floor":31,"key":"Block Potion"},{"floor":33,"key":"Strength Potion"},{"floor":35,"key":"EntropicBrew"},{"floor":36,"key":"LiquidBronze"},{"floor":38,"key":"Energy Potion"},{"floor":40,"key":"PowerPotion"},{"floor":44,"key":"Explosive Potion"},{"floor":45,"key":"Block Potion"},{"floor":47,"key":"Weak Potion"}],"is_trial":false,"path_per_floor":["M","M","?","$","?","?","R","M","T","R","E","R","E","M","R","B",null,"M","?","M","$","M","R","E","M","T","T","?","M","M","M","R","B",null,"M","M","$","M","?","E","R","$","T","M","M","R","M","T","R","B",null,"R","$","E"],"character_chosen":"THE_SILENT","items_purchased":["Noxious Fumes","Backflip","Leg Sweep","Noxious Fumes","OrangePellets","Noxious Fumes+1","Blur","Noxious Fumes+1","FearPotion"],"campfire_rested":2,"item_purchase_floors":[4,4,21,21,21,37,42,42,53],"current_hp_per_floor":[70,70,70,70,59,52,52,46,46,46,41,41,38,44,44,44,70,69,69,56,56,56,56,66,59,59,59,59,58,52,51,70,68,70,63,58,58,70,70,44,44,44,44,43,41,41,39,39,60,42,70,70,70,0],"gold":18,"neow_bonus":"BOSS_RELIC","is_prod":false,"is_daily":false,"chose_seed":false,"campfire_upgraded":7,"win_rate":0,"timestamp":1543563613,"path_taken":["M","M","?","$","?","?","R","M","T","R","E","R","E","M","R","BOSS","M","?","M","$","M","R","E","M","T","?","?","M","?","M","R","BOSS","M","?","?","M","?","E","R","$","T","M","M","R","M","?","R","BOSS","R","$","E"],"build_version":"2018-11-15","purchased_purges":1,"victory":false,"max_hp_per_floor":[70,70,70,70,70,70,70,70,70,70,70,70,70,70,70,70,70,70,70,70,70,70,70,70,70,70,70,70,70,70,70,70,70,70,70,70,70,70,70,70,70,70,70,70,70,70,70,70,70,70,70,70,70,70],"card_choices":[{"not_picked":["Catalyst","Accuracy"],"picked":"Noxious Fumes","floor":1},{"not_picked":["Choke","Sucker Punch"],"picked":"Deadly Poison","floor":2},{"not_picked":["Calculated Gamble","Prepared"],"picked":"PiercingWail","floor":8},{"not_picked":["Dash","Distraction"],"picked":"Dodge and Roll","floor":11},{"not_picked":["Infinite Blades","Underhanded Strike"],"picked":"Footwork","floor":13},{"not_picked":["Setup","Tactician"],"picked":"Bane","floor":14},{"not_picked":[],"picked":"Deflect+1","floor":18},{"not_picked":["Underhanded Strike"],"picked":"SKIP","floor":20},{"not_picked":["All Out Attack"],"picked":"SKIP","floor":22},{"not_picked":[],"picked":"Poisoned Stab+1","floor":24},{"not_picked":["Quick Slash+1"],"picked":"SKIP","floor":25},{"not_picked":[],"picked":"Footwork+1","floor":29},{"not_picked":["Riddle With Holes+1"],"picked":"SKIP","floor":30},{"not_picked":[],"picked":"Crippling Poison+1","floor":31},{"not_picked":["Blade Dance"],"picked":"SKIP","floor":35},{"not_picked":[],"picked":"PiercingWail","floor":36},{"not_picked":["Choke+1"],"picked":"SKIP","floor":38},{"not_picked":["Dagger Spray+1"],"picked":"SKIP","floor":40},{"not_picked":[],"picked":"Caltrops+1","floor":44},{"not_picked":[],"picked":"Caltrops+1","floor":45},{"not_picked":["Quick Slash+1"],"picked":"SKIP","floor":47}],"player_experience":766792,"relics_obtained":[{"floor":9,"key":"Meat on the Bone"},{"floor":11,"key":"Tough Bandages"},{"floor":13,"key":"Centennial Puzzle"},{"floor":24,"key":"Molten Egg 2"},{"floor":27,"key":"Frozen Egg 2"},{"floor":40,"key":"Ginger"},{"floor":43,"key":"Art of War"},{"floor":48,"key":"Lantern"}],"event_choices":[{"damage_healed":0,"gold_gain":0,"player_choice":"Box","damage_taken":0,"relics_obtained":["Pen Nib"],"max_hp_gain":0,"max_hp_loss":0,"event_name":"Big Fish","floor":3,"gold_loss":0,"cards_obtained":["Regret"]},{"damage_healed":0,"gold_gain":75,"player_choice":"Gather Gold","damage_taken":11,"max_hp_gain":0,"max_hp_loss":0,"event_name":"World of Goop","floor":5,"gold_loss":0},{"cards_removed":["Regret"],"damage_healed":0,"gold_gain":0,"player_choice":"Card Removal","damage_taken":7,"max_hp_gain":0,"max_hp_loss":0,"event_name":"Golden Wing","floor":6,"gold_loss":0},{"damage_healed":0,"gold_gain":0,"player_choice":"Simplicity","damage_taken":0,"max_hp_gain":0,"max_hp_loss":0,"event_name":"Back to Basics","floor":19,"gold_loss":0,"cards_upgraded":["Defend_G","Defend_G","Defend_G","Defend_G","Defend_G","Strike_G","Strike_G","Strike_G","Strike_G","Strike_G"]},{"damage_healed":0,"gold_gain":0,"player_choice":"Ignored","damage_taken":0,"max_hp_gain":0,"max_hp_loss":0,"event_name":"Ghosts","floor":28,"gold_loss":0},{"damage_healed":0,"gold_gain":0,"player_choice":"Memory 1","damage_taken":0,"max_hp_gain":0,"max_hp_loss":0,"event_name":"SensoryStone","floor":39,"gold_loss":0}],"is_beta":true,"boss_relics":[{"not_picked":["Pandora\u0027s Box","Coffee Dripper"],"picked":"Busted Crown"},{"not_picked":["Cursed Key","WristBlade"],"picked":"Velvet Choker"}],"items_purged_floors":[37],"is_endless":false,"potions_floor_spawned":[1,2,8,11,13,14,16,18,20,22,24,25,29,30,31,33,35,36,38,40,44,45,47],"killed_by":"Shield and Spear","ascension_level":0}