{"gold_per_floor":[114,114,134,152,117,117,117,26,53,63,82,100,157,157,157,259,309,327,327,340,129,149,149,167,167,167,0,49,49,49],"floor_reached":30,"playtime":1608,"items_purged":[],"score":230,"play_id":"95665956-a114-48c6-94f5-46693b103c4b","local_time":"20190118211108","is_ascension_mode":false,"campfire_choices":[{"data":"Choke","floor":6,"key":"SMITH"},{"floor":15,"key":"REST"},{"floor":23,"key":"REST"},{"data":"Underhanded Strike","floor":25,"key":"SMITH"}],"neow_cost":"NONE","seed_source_timestamp":618238873627508,"circlet_count":0,"master_deck":["Defend_G+1","Defend_G+1","Defend_G+1","Defend_G+1","Strike_G+1","Strike_G+1","Strike_G+1","Strike_G+1","Survivor","Caltrops+1","Bane+1","Heel Hook+1","Choke+1","PiercingWail","Outmaneuver","Regret","Poisoned Stab+1","Terror","PiercingWail","Slice","Bane","Burst","Slice","Slice","Bane","Noxious Fumes","Concentrate","Backflip","Underhanded Strike+1","Prepared","Poisoned Stab+1"],"relics":["Astrolabe","Regal Pillow","Turnip","Bag of Marbles","Tiny Chest","Tiny House","Darkstone Periapt","Potion Belt"],"potions_floor_usage":[12,13,13,20,20,24,24],"damage_taken":[{"damage":9,"enemies":"Jaw Worm","floor":1,"turns":4},{"damage":0,"enemies":"Small Slimes","floor":3,"turns":3},{"damage":9,"enemies":"Cultist","floor":4,"turns":4},{"damage":11,"enemies":"2 Fungi Beasts","floor":10,"turns":3},{"damage":7,"enemies":"Large Slime","floor":11,"turns":7},{"damage":4,"enemies":"3 Louse","floor":12,"turns":3},{"damage":13,"enemies":"Lagavulin","floor":13,"turns":5},{"damage":26,"enemies":"Hexaghost","floor":16,"turns":7},{"damage":19,"enemies":"3 Byrds","floor":18,"turns":4},{"damage":31,"enemies":"Spheric Guardian","floor":20,"turns":5},{"damage":19,"enemies":"Snecko","floor":22,"turns":6},{"damage":11,"enemies":"Centurion and Healer","floor":24,"turns":5},{"damage":33,"enemies":"3 Cultists","floor":30,"turns":5}],"seed_played":"-8747104021450008930","potions_obtained":[{"floor":1,"key":"Weak Potion"},{"floor":4,"key":"Swift Potion"},{"floor":10,"key":"Strength Potion"},{"floor":13,"key":"SpeedPotion"},{"floor":17,"key":"PowerPotion"},{"floor":18,"key":"Energy Potion"},{"floor":22,"key":"Block Potion"}],"is_trial":false,"path_per_floor":["M","?","M","M","?","R","?","$","T","M","M","M","E","?","R","B",null,"M","?","M","$","M","R","M","R","T","?","T","$","M"],"character_chosen":"THE_SILENT","items_purchased":["Poisoned Stab","Terror","Noxious Fumes","Concentrate","Backflip","Underhanded Strike"],"campfire_rested":2,"item_purchase_floors":[8,8,21,21,21,21],"current_hp_per_floor":[61,54,54,45,62,62,62,62,62,51,44,40,27,13,49,23,75,56,56,25,25,6,43,32,32,32,32,32,32,0],"gold":49,"neow_bonus":"BOSS_RELIC","is_prod":false,"is_daily":false,"chose_seed":false,"campfire_upgraded":2,"win_rate":0.0,"timestamp":1547874668,"path_taken":["M","?","M","M","?","R","?","?","T","M","?","M","E","?","R","BOSS","M","?","M","$","M","R","M","R","T","?","?","$","?"],"build_version":"2019-01-17v2","purchased_purges":0,"victory":false,"max_hp_per_floor":[70,70,70,70,70,70,70,70,70,70,70,70,70,70,70,70,75,75,75,75,75,75,75,75,75,75,75,75,75,75],"card_choices":[{"not_picked":["Riddle With Holes","Backflip"],"picked":"Choke","floor":1},{"not_picked":["Infinite Blades","Predator"],"picked":"PiercingWail","floor":3},{"not_picked":["Reflex","Calculated Gamble"],"picked":"Outmaneuver","floor":4},{"not_picked":["Concentrate","Catalyst"],"picked":"PiercingWail","floor":10},{"not_picked":["Backflip","Tactician"],"picked":"Slice","floor":11},{"not_picked":["Backflip","Catalyst","Blade Dance"],"picked":"SKIP","floor":12},{"not_picked":["Glass Knife","Eviscerate"],"picked":"Bane","floor":13},{"not_picked":["Phantasmal Killer","Storm of Steel"],"picked":"Burst","floor":16},{"not_picked":["Choke","Underhanded Strike"],"picked":"Slice","floor":17},{"not_picked":["Deadly Poison","Calculated Gamble"],"picked":"Slice","floor":18},{"not_picked":["PiercingWail","Blur"],"picked":"Bane","floor":20},{"not_picked":["Distraction+1","Choke"],"picked":"Prepared","floor":22},{"not_picked":["Backstab","Noxious Fumes+1"],"picked":"Poisoned Stab+1","floor":24}],"player_experience":134009,"relics_obtained":[{"floor":9,"key":"Bag of Marbles"},{"floor":13,"key":"Tiny Chest"},{"floor":26,"key":"Darkstone Periapt"},{"floor":28,"key":"Potion Belt"}],"event_choices":[{"damage_healed":0,"gold_gain":0,"player_choice":"Success","damage_taken":7,"relics_obtained":["Regal Pillow"],"max_hp_gain":0,"max_hp_loss":0,"event_name":"Scrap Ooze","floor":2,"gold_loss":0},{"damage_healed":17,"gold_gain":0,"player_choice":"Healed","damage_taken":0,"max_hp_gain":0,"max_hp_loss":0,"event_name":"The Cleric","floor":5,"gold_loss":35},{"damage_healed":0,"gold_gain":0,"player_choice":"Box","damage_taken":0,"relics_obtained":["Turnip"],"max_hp_gain":0,"max_hp_loss":0,"event_name":"Big Fish","floor":7,"gold_loss":0,"cards_obtained":["Regret"]},{"damage_healed":0,"gold_gain":0,"player_choice":"Entered Light","damage_taken":14,"max_hp_gain":0,"max_hp_loss":0,"event_name":"Shining Light","floor":14,"gold_loss":0,"cards_upgraded":["Strike_G","Poisoned Stab"]},{"damage_healed":0,"gold_gain":0,"player_choice":"Simplicity","damage_taken":0,"max_hp_gain":0,"max_hp_loss":0,"event_name":"Back to Basics","floor":19,"gold_loss":0,"cards_upgraded":["Defend_G","Defend_G","Defend_G","Strike_G","Strike_G","Strike_G"]},{"damage_healed":0,"gold_gain":0,"player_choice":"Paid Fearfully","damage_taken":0,"max_hp_gain":0,"max_hp_loss":0,"event_name":"Masked Bandits","floor":27,"gold_loss":167}],"is_beta":false,"boss_relics":[{"not_picked":["Calling Bell","Velvet Choker"],"picked":"Tiny House"}],"items_purged_floors":[],"is_endless":false,"potions_floor_spawned":[1,4,10,13,18,22],"killed_by":"3 Cultists","ascension_level":0}