{"gold_per_floor":[113,131,131,150,170,170,170,46,69,69,100,117,82,95,95,192,192,209,209,209],"floor_reached":20,"playtime":1198,"items_purged":["Strike_B"],"score":174,"play_id":"11fca762-d15b-4246-b957-acac6f7e9f06","local_time":"20190215001407","is_ascension_mode":false,"campfire_choices":[{"data":"Zap","floor":7,"key":"SMITH"},{"data":"Fusion","floor":10,"key":"SMITH"},{"data":"Turbo","floor":15,"key":"SMITH"}],"neow_cost":"NONE","seed_source_timestamp":6149320066222,"circlet_count":0,"master_deck":["Strike_B","Strike_B","Defend_B","Defend_B","Defend_B","Defend_B","Zap+1","Dualcast","Reinforced Body","Turbo+1","Fusion+1","Meteor Strike","Go for the Eyes","Skim","Meteor Strike","Double Energy","Amplify","Static Discharge","Panacea","Flash of Steel","Trip","Forethought"],"relics":["Cracked Core","NeowsBlessing","Regal Pillow","Dream Catcher","Nuclear Battery"],"potions_floor_usage":[5,11,18,20],"damage_taken":[{"damage":0,"enemies":"2 Louse","floor":1,"turns":1},{"damage":0,"enemies":"Jaw Worm","floor":2,"turns":1},{"damage":0,"enemies":"Cultist","floor":4,"turns":1},{"damage":6,"enemies":"Lots of Slimes","floor":5,"turns":6},{"damage":8,"enemies":"Gremlin Nob","floor":11,"turns":4},{"damage":11,"enemies":"Large Slime","floor":12,"turns":4},{"damage":8,"enemies":"Red Slaver","floor":14,"turns":3},{"damage":59,"enemies":"The Guardian","floor":16,"turns":14},{"damage":2,"enemies":"2 Thieves","floor":18,"turns":4},{"damage":35,"enemies":"Spheric Guardian","floor":20,"turns":5}],"seed_played":"-1449789392366963833","potions_obtained":[{"floor":1,"key":"Poison Potion"},{"floor":2,"key":"SkillPotion"},{"floor":16,"key":"Swift Potion"}],"is_trial":false,"path_per_floor":["M","M","?","M","M","?","R","$","T","R","E","M","?","M","R","B",null,"M","?","M"],"character_chosen":"DEFECT","items_purchased":["Go for the Eyes"],"campfire_rested":0,"item_purchase_floors":[8],"current_hp_per_floor":[75,75,80,80,74,67,67,67,67,67,59,48,68,60,60,1,80,78,30,0],"gold":209,"neow_bonus":"THREE_ENEMY_KILL","is_prod":false,"is_daily":false,"chose_seed":false,"campfire_upgraded":3,"win_rate":0,"timestamp":1550211247,"path_taken":["M","M","?","M","M","?","R","?","T","R","E","M","?","M","R","BOSS","M","?","?"],"build_version":"2019-01-23","purchased_purges":1,"victory":false,"max_hp_per_floor":[75,75,80,80,80,80,80,80,80,80,80,80,80,80,80,80,80,80,80,80],"card_choices":[{"not_picked":["Compile Driver","Blizzard"],"picked":"Reinforced Body","floor":1},{"not_picked":["Steam","Stack"],"picked":"Turbo","floor":2},{"not_picked":["Sweeping Beam","Ball Lightning"],"picked":"Fusion","floor":4},{"not_picked":["Cold Snap","Ball Lightning"],"picked":"Meteor Strike","floor":5},{"not_picked":["Compile Driver","Barrage"],"picked":"Skim","floor":11},{"not_picked":["Ball Lightning","Steam"],"picked":"Meteor Strike","floor":12},{"not_picked":["Genetic Algorithm","Conserve Battery"],"picked":"Double Energy","floor":14},{"not_picked":["Reboot","Machine Learning"],"picked":"Amplify","floor":16},{"not_picked":["Blizzard+1","Chill"],"picked":"Static Discharge","floor":18}],"player_experience":814509,"relics_obtained":[{"floor":9,"key":"Regal Pillow"},{"floor":11,"key":"Dream Catcher"}],"event_choices":[{"damage_healed":0,"gold_gain":0,"player_choice":"Donut","damage_taken":0,"max_hp_gain":5,"max_hp_loss":0,"event_name":"Big Fish","floor":3,"gold_loss":0},{"cards_removed":["Strike_B"],"damage_healed":0,"gold_gain":0,"player_choice":"Card Removal","damage_taken":7,"max_hp_gain":0,"max_hp_loss":0,"event_name":"Golden Wing","floor":6,"gold_loss":0},{"damage_healed":20,"gold_gain":0,"player_choice":"Healed","damage_taken":0,"max_hp_gain":0,"max_hp_loss":0,"event_name":"The Cleric","floor":13,"gold_loss":35},{"damage_healed":0,"gold_gain":0,"player_choice":"CARD CARD CARD CARD POTION ","damage_taken":48,"max_hp_gain":0,"max_hp_loss":0,"event_name":"Knowing Skull","floor":19,"potions_obtained":["AttackPotion"],"gold_loss":0,"cards_obtained":["Panacea","Flash of Steel","Trip","Forethought"]}],"is_beta":false,"boss_relics":[{"not_picked":["Inserter","Tiny House"],"picked":"Nuclear Battery"}],"items_purged_floors":[8],"is_endless":false,"potions_floor_spawned":[1,2,16],"killed_by":"Spheric Guardian","ascension_level":0}