{"gold_per_floor":[118,137,87,104,104,129,146,22,22,41,41,59,59,69,69,174,174,187,187,187,207,218,248,248,248,274,290,302,29,64,64],"floor_reached":31,"playtime":1264,"items_purged":["Strike_R"],"score":377,"play_id":"e971bd0a-f2d7-4f5d-9805-d5876c049794","local_time":"20180720122240","is_ascension_mode":true,"campfire_choices":[{"data":"Spot Weakness","floor":11,"key":"SMITH"},{"data":"Heavy Blade","floor":13,"key":"SMITH"},{"floor":15,"key":"REST"},{"floor":25,"key":"REST"}],"neow_cost":"NONE","seed_source_timestamp":566926249906393,"circlet_count":0,"master_deck":["Strike_R+1","Strike_R+1","Defend_R+1","Defend_R+1","Defend_R+1","Defend_R+1","Bash+1","Heavy Blade+1","Clash","Thunderclap","Bludgeon","Spot Weakness+1","Flex","Evolve","Double Tap","Iron Wave","Mind Blast","Sentinel","Flame Barrier","True Grit","Offering","Reckless Charge","Normality","Shrug It Off","Pummel","Rage","Pommel Strike"],"relics":["Burning Blood","Juzu Bracelet","Happy Flower","Blue Candle","Cursed Key","Ginger","Boot","Sling","Bottled Tornado"],"potions_floor_usage":[10,16,16,23,28],"damage_taken":[{"damage":9,"enemies":"Jaw Worm","floor":1,"turns":4},{"damage":15,"enemies":"Small Slimes","floor":2,"turns":4},{"damage":1,"enemies":"2 Louse","floor":4,"turns":3},{"damage":31,"enemies":"Gremlin Nob","floor":6,"turns":4},{"damage":13,"enemies":"Blue Slaver","floor":7,"turns":3},{"damage":0,"enemies":"2 Fungi Beasts","floor":10,"turns":3},{"damage":0,"enemies":"Large Slime","floor":12,"turns":4},{"damage":6,"enemies":"Looter","floor":14,"turns":2},{"damage":29,"enemies":"The Guardian","floor":16,"turns":9},{"damage":28,"enemies":"2 Thieves","floor":18,"turns":3},{"damage":2,"enemies":"3 Byrds","floor":21,"turns":4},{"damage":12,"enemies":"Cultist and Chosen","floor":22,"turns":4},{"damage":36,"enemies":"Gremlin Leader","floor":23,"turns":8},{"damage":16,"enemies":"Snecko","floor":27,"turns":3},{"damage":27,"enemies":"Centurion and Healer","floor":28,"turns":5},{"damage":12,"enemies":"Book of Stabbing","floor":30,"turns":3},{"damage":14,"enemies":"Sentry and Sphere","floor":31,"turns":3}],"seed_played":"-3241726760822869993","potions_obtained":[{"floor":2,"key":"FearPotion"},{"floor":6,"key":"Regen Potion"},{"floor":7,"key":"Block Potion"},{"floor":12,"key":"SpeedPotion"},{"floor":14,"key":"LiquidBronze"},{"floor":22,"key":"Block Potion"},{"floor":30,"key":"SpeedPotion"}],"is_trial":false,"path_per_floor":["M","M","?","M","?","E","M","$","T","M","R","M","R","M","R","B",null,"M","?","?","M","M","E","?","R","T","M","M","$","E"],"character_chosen":"IRONCLAD","items_purchased":["Flex","Rage","Sling"],"campfire_rested":2,"item_purchase_floors":[8,29,29],"current_hp_per_floor":[69,60,60,65,65,40,33,33,33,48,48,54,54,54,78,55,74,52,52,52,56,50,20,20,44,44,34,13,13,7,0],"gold":64,"neow_bonus":"RANDOM_COMMON_RELIC","is_prod":false,"is_daily":false,"chose_seed":false,"campfire_upgraded":2,"win_rate":0,"timestamp":1532103760,"path_taken":["M","M","?","M","?","E","M","$","T","M","R","M","R","M","R","BOSS","M","?","?","M","M","E","?","R","T","M","M","?","E","M"],"build_version":"2018-07-19v2","purchased_purges":1,"victory":false,"max_hp_per_floor":[80,80,80,80,80,80,80,80,80,80,80,80,80,80,80,80,80,80,80,80,80,80,80,80,80,80,80,80,80,80,80],"card_choices":[{"not_picked":["True Grit","Hemokinesis"],"picked":"Heavy Blade","floor":1},{"not_picked":["Combust","Rampage"],"picked":"Clash","floor":2},{"not_picked":["Sword Boomerang","Cleave"],"picked":"Thunderclap","floor":4},{"not_picked":["Thunderclap","Burning Pact"],"picked":"Bludgeon","floor":6},{"not_picked":["Headbutt","True Grit"],"picked":"Spot Weakness","floor":7},{"not_picked":["Thunderclap","Fire Breathing","Combust"],"picked":"SKIP","floor":10},{"not_picked":["Headbutt","Cleave"],"picked":"Evolve","floor":12},{"not_picked":["Combust","Entrench","Twin Strike"],"picked":"SKIP","floor":14},{"not_picked":["Exhume","Impervious"],"picked":"Double Tap","floor":16},{"not_picked":["Thunderclap","Cleave"],"picked":"Iron Wave","floor":18},{"not_picked":["Clothesline","Pommel Strike"],"picked":"Flame Barrier","floor":21},{"not_picked":["Perfected Strike","Thunderclap"],"picked":"True Grit","floor":22},{"not_picked":["Corruption","Blood for Blood"],"picked":"Offering","floor":23},{"not_picked":["Body Slam","Wild Strike+1"],"picked":"Shrug It Off","floor":27},{"not_picked":["Pommel Strike","Shockwave"],"picked":"Pummel","floor":28},{"not_picked":["Havoc","Searing Blow"],"picked":"Pommel Strike","floor":30}],"player_experience":1187884,"relics_obtained":[{"floor":6,"key":"Happy Flower"},{"floor":9,"key":"Blue Candle"},{"floor":23,"key":"Ginger"},{"floor":26,"key":"Boot"},{"floor":30,"key":"Bottled Tornado"}],"event_choices":[{"event_name":"The Cleric","player_choice":"Card Removal","floor":3,"damage_taken":0},{"event_name":"Living Wall","player_choice":"Grow","floor":5,"damage_taken":0},{"event_name":"Back to Basics","player_choice":"Simplicity","floor":19,"damage_taken":0},{"event_name":"Match and Keep!","player_choice":"2 cards matched","floor":20,"damage_taken":0},{"event_name":"Transmorgrifier","player_choice":"Transform","floor":24,"damage_taken":0}],"is_beta":false,"boss_relics":[{"not_picked":["Runic Dome","Orrery"],"picked":"Cursed Key"}],"items_purged_floors":[8],"is_endless":false,"potions_floor_spawned":[2,6,7,12,14,22,30],"killed_by":"Sentry and Sphere","ascension_level":7}