{"path_per_floor":["M","M","$","M","M","E","M","R","T","M","R","$","M","M","R","B",null,"M","?","$","M","M","R"],"character_chosen":"IRONCLAD","items_purchased":["Whetstone","Shrug It Off","Jack Of All Trades","Carnage","Bandage Up","Combust","SpeedPotion"],"gold_per_floor":[209,224,27,44,57,90,100,100,100,113,113,14,29,44,44,145,145,159,249,0,18,28,28,28],"floor_reached":24,"campfire_rested":2,"playtime":3059,"current_hp_per_floor":[80,80,80,80,79,69,78,78,78,70,70,70,55,51,75,59,80,69,45,45,43,27,51,0],"items_purged":[],"gold":28,"score":202,"play_id":"c291067e-598b-4ea9-8899-5a4d71c3fd9c","local_time":"20180521215240","is_prod":false,"is_daily":false,"chose_seed":false,"is_ascension_mode":false,"campfire_upgraded":2,"timestamp":1526953960,"campfire_choices":[{"data":"Infernal Blade","floor":8,"key":"SMITH"},{"data":"Perfected Strike","floor":11,"key":"SMITH"},{"floor":15,"key":"REST"},{"floor":23,"key":"REST"}],"path_taken":["M","M","$","M","M","E","?","R","T","M","R","$","M","M","R","BOSS","M","?","$","M","M","R","E"],"build_version":"2018-05-17","seed_source_timestamp":63817848185433,"purchased_purges":0,"victory":false,"master_deck":["Strike_R+1","Strike_R+1","Defend_R","Defend_R","Defend_R","Defend_R","Bash","Armaments","Shrug It Off","Shrug It Off","Perfected Strike+1","Infernal Blade+1","Demon Form","Cleave","Dropkick","Jack Of All Trades+1","Reckless Charge","Blood for Blood","Impervious+1","Metallicize+1","Heavy Blade+1","Disarm+1","Fire Breathing+1","Flash of Steel","Carnage","Bandage Up+1","Combust","Headbutt+1","Anger"],"max_hp_per_floor":[80,80,80,80,80,80,80,80,80,80,80,80,80,80,80,80,80,80,80,80,80,80,80,80],"relics":["Burning Blood","Whetstone","Magic Flower","Toxic Egg 2","Astrolabe"],"card_choices":[{"not_picked":["Bloodletting","Pommel Strike"],"picked":"Armaments","floor":1},{"not_picked":["Battle Trance","Havoc"],"picked":"Shrug It Off","floor":2},{"not_picked":["Headbutt","Clothesline"],"picked":"Perfected Strike","floor":4},{"not_picked":["Rupture","Uppercut"],"picked":"Infernal Blade","floor":5},{"not_picked":["True Grit","Reckless Charge"],"picked":"Demon Form","floor":6},{"not_picked":["Armaments","Sword Boomerang"],"picked":"Cleave","floor":7},{"not_picked":["True Grit+1","Twin Strike"],"picked":"Dropkick","floor":10},{"not_picked":["Twin Strike","Bloodletting+1"],"picked":"Reckless Charge","floor":13},{"not_picked":["Fiend Fire","Shrug It Off+1"],"picked":"Blood for Blood","floor":14},{"not_picked":["Berserk","Dark Embrace"],"picked":"Impervious+1","floor":16},{"not_picked":["Havoc+1","Twin Strike"],"picked":"Fire Breathing+1","floor":18},{"not_picked":["Dropkick+1","Clash"],"picked":"Headbutt+1","floor":21},{"not_picked":["Thunderclap","Dual Wield+1"],"picked":"Anger","floor":22}],"player_experience":48486,"potions_floor_usage":[6,16,16,22,22],"damage_taken":[{"damage":1,"enemies":"Cultist","floor":1,"turns":4},{"damage":6,"enemies":"2 Louse","floor":2,"turns":3},{"damage":1,"enemies":"Jaw Worm","floor":4,"turns":4},{"damage":7,"enemies":"2 Fungi Beasts","floor":5,"turns":4},{"damage":28,"enemies":"3 Sentries","floor":6,"turns":9},{"damage":0,"enemies":"Large Slime","floor":7,"turns":4},{"damage":17,"enemies":"Exordium Wildlife","floor":10,"turns":2},{"damage":24,"enemies":"Blue Slaver","floor":13,"turns":4},{"damage":13,"enemies":"Red Slaver","floor":14,"turns":4},{"damage":25,"enemies":"The Guardian","floor":16,"turns":10},{"damage":20,"enemies":"3 Byrds","floor":18,"turns":5},{"damage":20,"enemies":"Shell Parasite","floor":21,"turns":7},{"damage":25,"enemies":"Snecko","floor":22,"turns":5},{"damage":53,"enemies":"Slavers","floor":24,"turns":3}],"relics_obtained":[{"floor":6,"key":"Magic Flower"},{"floor":9,"key":"Toxic Egg 2"}],"event_choices":[{"event_name":"Knowing Skull","player_choice":"CARD GOLD ","floor":19,"damage_taken":0}],"boss_relics":[{"not_picked":["Runic Cube","Sozu"],"picked":"Astrolabe"}],"potions_floor_spawned":[1,2,4,16,18,21],"seed_played":"6356796185256009080","killed_by":"Slavers","ascension_level":0,"potions_obtained":[{"floor":1,"key":"Regen Potion"},{"floor":2,"key":"Block Potion"},{"floor":4,"key":"Strength Potion"},{"floor":16,"key":"Energy Potion"},{"floor":18,"key":"Poison Potion"},{"floor":21,"key":"Strength Potion"}],"is_trial":false}