{"gold_per_floor":[114,133,151,165,182,182,208,208,259,259,275,305,318,268,268,268],"floor_reached":16,"playtime":691,"items_purged":[],"score":177,"play_id":"b428f6d0-9e3c-4b2a-9f6e-5800274adb95","local_time":"20190124120036","is_ascension_mode":true,"campfire_choices":[{"floor":6,"key":"REST"},{"data":"Fission","floor":8,"key":"SMITH"},{"data":"Zap","floor":10,"key":"SMITH"},{"data":"Streamline","floor":15,"key":"SMITH"}],"neow_cost":"NONE","seed_source_timestamp":94523973622770,"circlet_count":0,"master_deck":["AscendersBane","Strike_B","Strike_B","Strike_B","Strike_B","Defend_B","Defend_B","Defend_B","Defend_B","Zap+1","Dualcast","Fission+1","Barrage","Streamline+1","Conserve Battery","Hologram","Self Repair","Consume","Defragment","Defragment"],"relics":["Cracked Core","Art of War","Orichalcum","Odd Mushroom"],"potions_floor_usage":[4,7,12,13,16],"damage_taken":[{"damage":3,"enemies":"2 Louse","floor":1,"turns":3},{"damage":6,"enemies":"Jaw Worm","floor":2,"turns":4},{"damage":0,"enemies":"Small Slimes","floor":3,"turns":3},{"damage":33,"enemies":"Gremlin Gang","floor":4,"turns":5},{"damage":0,"enemies":"Exordium Wildlife","floor":5,"turns":3},{"damage":8,"enemies":"Gremlin Nob","floor":7,"turns":3},{"damage":4,"enemies":"2 Fungi Beasts","floor":11,"turns":3},{"damage":16,"enemies":"The Mushroom Lair","floor":12,"turns":6},{"damage":23,"enemies":"Gremlin Gang","floor":13,"turns":6},{"damage":36,"enemies":"The Guardian","floor":16,"turns":8}],"seed_played":"-7090601609025256503","potions_obtained":[{"floor":1,"key":"PowerPotion"},{"floor":4,"key":"SpeedPotion"},{"floor":5,"key":"FocusPotion"},{"floor":12,"key":"EssenceOfSteel"},{"floor":13,"key":"Regen Potion"}],"is_trial":false,"path_per_floor":["M","M","M","M","M","R","E","R","T","R","M","?","M","?","R","B"],"character_chosen":"DEFECT","items_purchased":[],"campfire_rested":1,"item_purchase_floors":[],"current_hp_per_floor":[61,55,55,22,22,43,42,42,42,42,45,36,20,20,20,0],"gold":268,"neow_bonus":"ONE_RANDOM_RARE_CARD","is_prod":false,"is_daily":false,"chose_seed":false,"campfire_upgraded":3,"win_rate":0,"timestamp":1548298836,"path_taken":["M","M","M","M","M","R","E","R","T","R","M","?","M","?","R","BOSS"],"build_version":"2019-01-23","purchased_purges":0,"victory":false,"max_hp_per_floor":[71,71,71,71,71,71,71,71,71,71,71,71,71,71,71,71],"card_choices":[{"not_picked":["Aggregate","Turbo"],"picked":"Barrage","floor":1},{"not_picked":["Undo","Turbo"],"picked":"Streamline","floor":2},{"not_picked":["Beam Cell","Rebound"],"picked":"Conserve Battery","floor":3},{"not_picked":["Skim","Heatsinks"],"picked":"Hologram","floor":4},{"not_picked":["Melter","Blizzard"],"picked":"Self Repair","floor":5},{"not_picked":["Steam","Blizzard"],"picked":"Consume","floor":7},{"not_picked":["Self Repair","Capacitor"],"picked":"Defragment","floor":11},{"not_picked":["Force Field","Barrage"],"picked":"Defragment","floor":12},{"not_picked":["Conserve Battery","Hologram","Turbo"],"picked":"SKIP","floor":13}],"player_experience":441615,"relics_obtained":[{"floor":7,"key":"Art of War"},{"floor":9,"key":"Orichalcum"},{"floor":12,"key":"Odd Mushroom"}],"event_choices":[{"damage_healed":0,"gold_gain":0,"player_choice":"Fought Mushrooms","damage_taken":0,"max_hp_gain":0,"max_hp_loss":0,"event_name":"Mushrooms","floor":12,"gold_loss":0},{"damage_healed":0,"gold_gain":0,"player_choice":"Left Gold","damage_taken":0,"max_hp_gain":0,"max_hp_loss":0,"event_name":"World of Goop","floor":14,"gold_loss":50}],"is_beta":false,"boss_relics":[],"items_purged_floors":[],"is_endless":false,"potions_floor_spawned":[1,4,5,12,13],"killed_by":"The Guardian","ascension_level":14}