{"gold_per_floor":[114,129,54,54,54,54,84,84,109,124,139,154,52,67,67,167,167,182,102,117,217,177,177,192,192,217,232,247,262,292,307,307,407,407,422,422,437,452,552,582,582,597,622,637,637,652,652,430,430,430],"floor_reached":51,"playtime":2328,"items_purged":[],"score":853,"play_id":"3b7bd275-5831-4017-81b2-1d7bc490d2d1","local_time":"20181111111937","daily_mods":["SealedDeck","Uncertain Future","Night Terrors"],"is_ascension_mode":false,"campfire_choices":[{"data":"Ball Lightning","floor":6.0,"key":"SMITH"},{"data":"Ball Lightning","floor":8.0,"key":"SMITH"},{"data":"Defragment","floor":15.0,"key":"SMITH"},{"floor":23.0,"key":"REST"},{"data":"Fission","floor":25.0,"key":"SMITH"},{"floor":32,"key":"REST"},{"data":"Defragment","floor":41,"key":"SMITH"},{"data":"Meteor Strike","floor":47,"key":"SMITH"},{"floor":49,"key":"REST"}],"neow_cost":"","seed_source_timestamp":0,"circlet_count":0,"master_deck":["Stack","Gash","Gash","Hologram","White Noise","Cold Snap","Cold Snap","Ball Lightning+1","Leap","Ball Lightning+1","Sweeping Beam","BootSequence+1","Loop+1","Consume+1","Defragment+1","Conserve Battery","Fission+1","Capacitor+1","Loop","Conserve Battery+1","Go for the Eyes+1","Echo Form","Compile Driver","Glacier+1","Conserve Battery+1","Defragment+1","Meteor Strike+1","Coolheaded+1","Consume+1","White Noise","Bandage Up","White Noise+1","Blizzard","Hologram"],"special_seed":17845,"relics":["Cracked Core","Blood Vial","Dream Catcher","Philosopher\u0027s Stone","StoneCalendar","Gremlin Horn","War Paint","Dodecahedron","Snecko Eye","Gambling Chip","Potion Belt","Centennial Puzzle","DataDisk"],"potions_floor_usage":[30,50,50,50],"damage_taken":[{"damage":0.0,"enemies":"Small Slimes","floor":1.0,"turns":2.0},{"damage":0.0,"enemies":"Jaw Worm","floor":2.0,"turns":2.0},{"damage":0.0,"enemies":"3 Sentries","floor":7.0,"turns":5.0},{"damage":0.0,"enemies":"2 Louse","floor":10.0,"turns":2.0},{"damage":0.0,"enemies":"Lots of Slimes","floor":11.0,"turns":1.0},{"damage":3.0,"enemies":"Exordium Wildlife","floor":12.0,"turns":2.0},{"damage":0.0,"enemies":"Looter","floor":14.0,"turns":3.0},{"damage":30.0,"enemies":"Hexaghost","floor":16.0,"turns":7.0},{"damage":9.0,"enemies":"2 Thieves","floor":18.0,"turns":4.0},{"damage":1.0,"enemies":"Chosen","floor":20.0,"turns":4.0},{"damage":32.0,"enemies":"Colosseum Slavers","floor":21.0,"turns":4.0},{"damage":27.0,"enemies":"Colosseum Nobs","floor":21.0,"turns":5.0},{"damage":17.0,"enemies":"Sentry and Sphere","floor":24.0,"turns":5.0},{"damage":12.0,"enemies":"Centurion and Healer","floor":27.0,"turns":5.0},{"damage":3.0,"enemies":"Shelled Parasite and Fungi","floor":28.0,"turns":5.0},{"damage":8.0,"enemies":"3 Cultists","floor":29.0,"turns":4.0},{"damage":20,"enemies":"Slavers","floor":30,"turns":4},{"damage":11,"enemies":"Centurion and Healer","floor":31,"turns":5},{"damage":0,"enemies":"Automaton","floor":33,"turns":7},{"damage":14,"enemies":"3 Darklings","floor":35,"turns":6},{"damage":6,"enemies":"3 Shapes","floor":37,"turns":4},{"damage":0,"enemies":"3 Darklings","floor":38,"turns":6},{"damage":18,"enemies":"Mind Bloom Boss Battle","floor":39,"turns":7},{"damage":0,"enemies":"Reptomancer","floor":40,"turns":4},{"damage":0,"enemies":"Jaw Worm Horde","floor":42,"turns":3},{"damage":0,"enemies":"Spire Growth","floor":44,"turns":7},{"damage":15,"enemies":"Sphere and 2 Shapes","floor":46,"turns":3},{"damage":0,"enemies":"Donu and Deca","floor":50,"turns":6}],"seed_played":"720756091651424505","potions_obtained":[{"floor":2.0,"key":"Weak Potion"},{"floor":10.0,"key":"Poison Potion"},{"floor":12.0,"key":"Strength Potion"},{"floor":20.0,"key":"FocusPotion"},{"floor":27.0,"key":"Dexterity Potion"},{"floor":28.0,"key":"Fire Potion"},{"floor":31,"key":"Energy Potion"},{"floor":39,"key":"FocusPotion"},{"floor":40,"key":"FairyPotion"},{"floor":46,"key":"Dexterity Potion"}],"is_trial":false,"path_per_floor":["M","M","$","?","?","R","E","R","T","M","M","M","$","M","R","B",null,"M","$","M","?","?","R","M","R","T","M","M","M","E","M","R","B",null,"M","?","M","M","?","E","R","M","T","M","?","M","R","$","R","B",null],"character_chosen":"DEFECT","items_purchased":["Loop","Defragment","Conserve Battery","Capacitor","DataDisk","Blizzard"],"campfire_rested":3,"item_purchase_floors":[3,13,13,19,48,48],"current_hp_per_floor":[75,75,75,75,75,75,75,75,75,75,75,72,72,74,74,45,75,66,66,67,12,12,70,53,53,53,43,42,36,18,9,65,65,65,51,51,47,49,33,35,35,37,37,39,39,30,30,30,60,60],"gold":430,"neow_bonus":"","is_prod":false,"is_daily":true,"chose_seed":false,"campfire_upgraded":6,"win_rate":0,"timestamp":1541931577,"path_taken":["M","M","$","?","?","R","E","R","T","M","M","M","?","M","R","BOSS","M","$","M","?","?","R","M","R","T","M","M","M","E","?","R","BOSS","M","?","M","M","?","E","R","M","T","M","?","M","R","$","R","BOSS"],"build_version":"2018-11-08","purchased_purges":0,"victory":true,"max_hp_per_floor":[75,75,75,75,75,75,75,75,75,75,75,75,75,75,75,75,75,75,75,75,75,75,70,70,70,70,70,70,70,70,70,65,65,65,65,65,65,65,65,65,65,65,65,65,65,65,65,65,60,60],"card_choices":[{"not_picked":["Beam Cell","Leap"],"picked":"Sweeping Beam","floor":1.0},{"not_picked":["Steam","Auto Shields"],"picked":"BootSequence","floor":2.0},{"not_picked":["Barrage","Streamline","Rainbow"],"picked":"SKIP","floor":7.0},{"not_picked":["Sweeping Beam","Beam Cell","Stack"],"picked":"SKIP","floor":10.0},{"not_picked":["Multi-Cast","Beam Cell"],"picked":"Consume","floor":11.0},{"not_picked":["Cold Snap","Turbo","Steam"],"picked":"SKIP","floor":12.0},{"not_picked":["Stack","Steam","Cold Snap"],"picked":"SKIP","floor":14.0},{"not_picked":["Reboot","Rainbow"],"picked":"Fission","floor":16.0},{"not_picked":["Barrage","Steam Power","Turbo+1"],"picked":"SKIP","floor":18.0},{"not_picked":["Beam Cell+1","Ball Lightning+1"],"picked":"Loop","floor":20.0},{"not_picked":["Loop+1","Sweeping Beam"],"picked":"Conserve Battery+1","floor":21.0},{"not_picked":["Chaos","Rip and Tear+1"],"picked":"Go for the Eyes+1","floor":24.0},{"not_picked":["Tempest","Fusion"],"picked":"Echo Form","floor":27.0},{"not_picked":["Gash","Stack"],"picked":"Compile Driver","floor":28.0},{"not_picked":["Stack","Ball Lightning+1"],"picked":"Glacier+1","floor":29.0},{"not_picked":["Beam Cell+1","Doom and Gloom","Tempest"],"picked":"SKIP","floor":30},{"not_picked":["Chaos","Sweeping Beam+1","Multi-Cast"],"picked":"SKIP","floor":31},{"not_picked":["Sweeping Beam","Redo+1"],"picked":"Conserve Battery+1","floor":35},{"not_picked":["Conserve Battery+1","Streamline","Beam Cell"],"picked":"SKIP","floor":37},{"not_picked":["Genetic Algorithm","Steam"],"picked":"Defragment","floor":38},{"not_picked":["Beam Cell","Undo"],"picked":"Meteor Strike","floor":39},{"not_picked":["Barrage+1","Stack"],"picked":"Coolheaded+1","floor":40},{"not_picked":["Streamline","Heatsinks+1"],"picked":"Consume+1","floor":42},{"not_picked":["Steam+1","Rebound+1"],"picked":"White Noise","floor":44},{"not_picked":["Forethought","Purity"],"picked":"Bandage Up","floor":45},{"not_picked":["Cold Snap","Leap"],"picked":"White Noise+1","floor":46},{"not_picked":["Melter+1","Stack"],"picked":"Hologram","floor":49}],"player_experience":1675319,"relics_obtained":[{"floor":7.0,"key":"Blood Vial"},{"floor":9.0,"key":"Dream Catcher"},{"floor":21.0,"key":"StoneCalendar"},{"floor":21.0,"key":"Gremlin Horn"},{"floor":26.0,"key":"War Paint"},{"floor":30,"key":"Dodecahedron"},{"floor":39,"key":"Gambling Chip"},{"floor":40,"key":"Potion Belt"},{"floor":43,"key":"Centennial Puzzle"}],"event_choices":[{"damage_healed":0.0,"max_hp_gain":0.0,"max_hp_loss":0.0,"gold_gain":0.0,"event_name":"Living Wall","player_choice":"Grow","floor":4.0,"gold_loss":0.0,"damage_taken":0.0,"cards_upgraded":["Loop"]},{"damage_healed":0.0,"max_hp_gain":0.0,"max_hp_loss":0.0,"gold_gain":0.0,"event_name":"Liars Game","player_choice":"Ignored","floor":5.0,"gold_loss":0.0,"damage_taken":0.0},{"damage_healed":0.0,"max_hp_gain":0.0,"max_hp_loss":0.0,"gold_gain":0.0,"event_name":"Colosseum","player_choice":"Fight","floor":21.0,"gold_loss":0.0,"damage_taken":0.0},{"damage_healed":0.0,"max_hp_gain":0.0,"max_hp_loss":0.0,"gold_gain":0.0,"event_name":"Colosseum","player_choice":"Fought Nobs","floor":21.0,"gold_loss":0.0,"damage_taken":0.0},{"damage_healed":0.0,"max_hp_gain":0.0,"max_hp_loss":0.0,"gold_gain":0.0,"event_name":"Designer","player_choice":"Upgrade","floor":22.0,"gold_loss":40.0,"damage_taken":0.0,"cards_upgraded":["Capacitor"]},{"damage_healed":0,"gold_gain":0,"player_choice":"Ignored","damage_taken":0,"max_hp_gain":0,"max_hp_loss":0,"event_name":"Tomb of Lord Red Mask","floor":36,"gold_loss":0},{"damage_healed":0,"gold_gain":0,"player_choice":"Fight","damage_taken":0,"max_hp_gain":0,"max_hp_loss":0,"event_name":"MindBloom","floor":39,"gold_loss":0},{"damage_healed":0,"gold_gain":0,"player_choice":"Memory 1","damage_taken":0,"max_hp_gain":0,"max_hp_loss":0,"event_name":"SensoryStone","floor":45,"gold_loss":0}],"is_beta":false,"boss_relics":[{"not_picked":["Tiny House","Pandora\u0027s Box"],"picked":"Philosopher\u0027s Stone"},{"not_picked":["Velvet Choker","Eternal Feather"],"picked":"Snecko Eye"}],"items_purged_floors":[],"is_endless":false,"potions_floor_spawned":[2,10,12,14,20,21,27,28,31,33,37,39,40,46],"ascension_level":0}