{"gold_per_floor":[119,138,151,151,5,5,65,65,92,43,43,61,78,105,105,209,209,225,153,153,169,21,39,55,55,82,82,116,43,43,58,58,162,162,180,180,200,40,140,140,140,140,193,224,77,77],"floor_reached":46,"playtime":2286,"items_purged":["Strike_G","Strike_G","Writhe"],"score":731,"play_id":"cd6f53a0-a0db-4b41-b5a1-9fbb6ab2afe4","local_time":"20180810224210","is_ascension_mode":true,"campfire_choices":[{"data":"Cloak And Dagger","floor":6,"key":"SMITH"},{"floor":8,"key":"REST"},{"data":"Sucker Punch","floor":11,"key":"SMITH"},{"floor":15,"key":"REST"},{"floor":25,"key":"REST"},{"data":"Blade Dance","floor":27,"key":"SMITH"},{"floor":32,"key":"REST"},{"floor":40,"key":"REST"}],"neow_cost":"","seed_source_timestamp":290948855327895,"circlet_count":0,"master_deck":["Defend_G","Defend_G","Defend_G","Defend_G","Defend_G","Survivor","Neutralize+1","AscendersBane","All Out Attack+1","Cloak And Dagger+1","Riddle With Holes","Noxious Fumes","Heel Hook+1","Sucker Punch+1","Bouncing Flask","Dash","Envenom","Dagger Spray+1","Sucker Punch","Blade Dance+1","Sucker Punch+1","Cloak And Dagger","Heel Hook","Noxious Fumes","Dodge and Roll","Tools of the Trade","Blade Dance+1","Cloak And Dagger+1","Venomology+1","Well Laid Plans+1","Dodge and Roll","Blur+1","Accuracy","Dash","Apotheosis","Dash","Noxious Fumes"],"relics":["Ring of the Snake","Incense Burner","Anchor","Lantern","Sozu","Mercury Hourglass","Whetstone","Darkstone Periapt","Bag of Marbles","Astrolabe","Tingsha","Pen Nib","MawBank"],"potions_floor_usage":[16,16,23,28],"damage_taken":[{"damage":1,"enemies":"Cultist","floor":1,"turns":4},{"damage":0,"enemies":"2 Louse","floor":2,"turns":2},{"damage":2,"enemies":"Small Slimes","floor":3,"turns":5},{"damage":24,"enemies":"3 Sentries","floor":7,"turns":7},{"damage":2,"enemies":"2 Fungi Beasts","floor":12,"turns":3},{"damage":0,"enemies":"Blue Slaver","floor":13,"turns":3},{"damage":7,"enemies":"The Guardian","floor":16,"turns":8},{"damage":7,"enemies":"Chosen","floor":18,"turns":5},{"damage":0,"enemies":"2 Thieves","floor":21,"turns":3},{"damage":6,"enemies":"Snake Plant","floor":23,"turns":5},{"damage":0,"enemies":"Cultist and Chosen","floor":24,"turns":4},{"damage":15,"enemies":"Book of Stabbing","floor":28,"turns":4},{"damage":0,"enemies":"Centurion and Healer","floor":31,"turns":3},{"damage":64,"enemies":"Automaton","floor":33,"turns":10},{"damage":19,"enemies":"Flame Bruiser 1 Orb","floor":35,"turns":6},{"damage":8,"floor":36,"turns":6},{"damage":9,"enemies":"3 Darklings","floor":37,"turns":3},{"damage":47,"enemies":"Nemesis","floor":44,"turns":7},{"damage":20,"enemies":"Sphere and 2 Shapes","floor":46,"turns":2}],"seed_played":"4471525074459755643","potions_obtained":[{"floor":1,"key":"FearPotion"},{"floor":2,"key":"Poison Potion"},{"floor":7,"key":"LiquidBronze"},{"floor":16,"key":"Block Potion"}],"is_trial":false,"path_per_floor":["M","M","M","?","$","R","?","R","T","$","R","M","M","T","R","B",null,"M","?","?","M","$","M","M","R","T","R","E","$","?","M","R","B",null,"M","?","M","$","?","R","?","?","T","E","$"],"character_chosen":"THE_SILENT","items_purchased":["Noxious Fumes","Sucker Punch","Blade Dance","Noxious Fumes","Accuracy","Dash","Noxious Fumes"],"campfire_rested":5,"item_purchase_floors":[5,10,22,29,38,38,45],"current_hp_per_floor":[62,62,60,60,60,60,36,57,57,57,57,55,55,55,70,63,68,61,61,61,61,61,55,55,70,70,70,55,55,55,55,70,6,54,35,27,18,18,18,39,63,63,63,16,16,0],"gold":77,"neow_bonus":"","is_prod":false,"is_daily":false,"chose_seed":false,"campfire_upgraded":3,"win_rate":0,"timestamp":1533955330,"path_taken":["M","?","M","?","?","R","?","R","T","$","R","?","M","?","R","BOSS","M","?","?","?","$","M","M","R","T","R","E","?","?","M","R","BOSS","M","?","M","$","?","R","?","?","T","E","?","?"],"build_version":"2018-08-09","purchased_purges":3,"victory":false,"max_hp_per_floor":[70,70,70,70,70,70,70,70,70,70,70,70,70,70,70,70,70,70,70,70,70,70,70,70,70,70,70,70,70,70,70,70,70,70,70,70,70,70,70,70,76,76,76,76,76,76],"card_choices":[{"not_picked":["Endless Agony","Prepared"],"picked":"All Out Attack","floor":1},{"not_picked":["Choke","Caltrops"],"picked":"Cloak And Dagger","floor":2},{"not_picked":["Choke","Prepared"],"picked":"Riddle With Holes","floor":3},{"not_picked":["Deflect","Acrobatics"],"picked":"Heel Hook","floor":7},{"not_picked":["Deadly Poison","Underhanded Strike"],"picked":"Bouncing Flask","floor":12},{"not_picked":["Poisoned Stab","Dodge and Roll"],"picked":"Dash","floor":13},{"not_picked":["Bullet Time","Storm of Steel"],"picked":"Envenom","floor":16},{"not_picked":["Calculated Gamble","Distraction"],"picked":"Dagger Spray+1","floor":18},{"not_picked":["Reflex","Choke+1"],"picked":"Sucker Punch","floor":21},{"not_picked":["Dagger Spray+1","Endless Agony"],"picked":"Sucker Punch+1","floor":23},{"not_picked":["PiercingWail+1","Dagger Throw+1"],"picked":"Cloak And Dagger","floor":24},{"not_picked":["Night Terror","Poisoned Stab"],"picked":"Heel Hook","floor":28},{"not_picked":["Predator","Dagger Spray+1"],"picked":"Dodge and Roll","floor":31},{"not_picked":["Doppelganger","Venomology"],"picked":"Tools of the Trade","floor":33},{"not_picked":["Prepared+1","Dagger Throw+1"],"picked":"Well Laid Plans+1","floor":35},{"not_picked":["Acrobatics","Infinite Blades"],"picked":"Dodge and Roll","floor":36},{"not_picked":["Deadly Poison+1","Dagger Spray"],"picked":"Blur+1","floor":37},{"not_picked":["Deep Breath","Flash of Steel"],"picked":"Apotheosis","floor":42},{"not_picked":["Prepared","Choke"],"picked":"Dash","floor":44}],"player_experience":1479447,"relics_obtained":[{"floor":7,"key":"Incense Burner"},{"floor":9,"key":"Anchor"},{"floor":14,"key":"Lantern"},{"floor":26,"key":"Whetstone"},{"floor":28,"key":"Darkstone Periapt"},{"floor":36,"key":"Tingsha"},{"floor":43,"key":"Pen Nib"},{"floor":44,"key":"MawBank"}],"event_choices":[{"event_name":"Living Wall","player_choice":"Grow","floor":4,"damage_taken":0},{"event_name":"Dead Adventurer","player_choice":"Searched \u00271\u0027 times","floor":7,"damage_taken":0},{"event_name":"WeMeetAgain","player_choice":"Gold","floor":19,"damage_taken":0},{"event_name":"Vampires","player_choice":"Ignored","floor":20,"damage_taken":0},{"event_name":"Wheel of Change","player_choice":"Relic","floor":30,"damage_taken":0},{"event_name":"MindBloom","player_choice":"Fight","floor":36,"damage_taken":0},{"event_name":"Golden Shrine","player_choice":"Pray","floor":39,"damage_taken":0},{"event_name":"Winding Halls","player_choice":"Writhe","floor":41,"damage_taken":0},{"event_name":"SensoryStone","player_choice":"Memory 1","floor":42,"damage_taken":0}],"is_beta":false,"boss_relics":[{"not_picked":["Philosopher\u0027s Stone","Fusion Hammer"],"picked":"Sozu"},{"not_picked":["Snecko Eye","Velvet Choker"],"picked":"Astrolabe"}],"items_purged_floors":[5,22,45],"is_endless":false,"potions_floor_spawned":[1,2,7,13,16,21,33,35,37],"killed_by":"Sphere and 2 Shapes","ascension_level":10}