{"gold_per_floor":[114,129,144,319,319,349,349,409,409,409,409,424,439,39,39,139,139,154,179,179,194,209,239,239,254,254,254,284,299,299,314,314,414,414,429,444,488,413,413,443,443,458,483,498,498,528,528,528,528,528],"floor_reached":51,"playtime":2339,"items_purged":["Defend_G"],"score":1180,"play_id":"4a2d5b16-73ff-49a0-95f6-ed0a56afbb6b","local_time":"20180904104819","daily_mods":["Specialized","Time Dilation","Night Terrors"],"is_ascension_mode":false,"campfire_choices":[{"data":"Adrenaline","floor":7,"key":"SMITH"},{"data":"Adrenaline","floor":15,"key":"SMITH"},{"data":"Adrenaline","floor":24,"key":"SMITH"},{"data":"Bouncing Flask","floor":27,"key":"SMITH"},{"data":"Finisher","floor":32,"key":"SMITH"},{"data":"Finisher","floor":41,"key":"SMITH"},{"data":"Adrenaline","floor":47,"key":"SMITH"},{"data":"Adrenaline","floor":49,"key":"SMITH"}],"neow_cost":"","seed_source_timestamp":0,"circlet_count":0,"master_deck":["Defend_G","Defend_G","Defend_G","Strike_G+1","Strike_G+1","Strike_G","Strike_G","Strike_G","Survivor","Neutralize","Adrenaline+1","Adrenaline+1","Adrenaline+1","Adrenaline+1","Adrenaline+1","Dagger Spray","Bouncing Flask+1","Finisher+1","Backstab","Adrenaline","Backstab","Burst","Necronomicurse","Dagger Throw","Finisher+1","Caltrops+1","Acrobatics+1","Finisher+1","Finisher","Backflip","Blade Dance+1","Quick Slash","Quick Slash+1","PiercingWail+1","Underhanded Strike+1","Phantasmal Killer"],"special_seed":17778,"relics":["Ring of the Serpent","Sundial","Tiny Chest","Ninja Scroll","Oddly Smooth Stone","Strange Spoon","Runic Dome","Lantern","Necronomicon","Boot","Meat on the Bone","Bag of Preparation","MutagenicStrength","Tough Bandages","Ice Cream","Art of War","Strawberry","Thread and Needle"],"potions_floor_usage":[8,16,33,50,50,50],"damage_taken":[{"damage":0,"enemies":"Cultist","floor":1,"turns":2},{"damage":0,"enemies":"2 Louse","floor":2,"turns":1},{"damage":0,"enemies":"Small Slimes","floor":3,"turns":1},{"damage":0,"enemies":"Lagavulin","floor":6,"turns":2},{"damage":0,"enemies":"Gremlin Nob","floor":8,"turns":2},{"damage":0,"enemies":"2 Fungi Beasts","floor":12,"turns":1},{"damage":0,"enemies":"Looter","floor":13,"turns":1},{"damage":0,"enemies":"Slime Boss","floor":16,"turns":1},{"damage":0,"enemies":"Chosen","floor":18,"turns":2},{"damage":0,"enemies":"3 Byrds","floor":21,"turns":2},{"damage":0,"enemies":"Centurion and Healer","floor":22,"turns":2},{"damage":0,"enemies":"Book of Stabbing","floor":23,"turns":1},{"damage":0,"enemies":"Shelled Parasite and Fungi","floor":25,"turns":2},{"damage":3,"enemies":"Gremlin Leader","floor":28,"turns":2},{"damage":0,"enemies":"Snecko","floor":29,"turns":1},{"damage":0,"enemies":"3 Cultists","floor":31,"turns":1},{"damage":0,"enemies":"Automaton","floor":33,"turns":1},{"damage":0,"enemies":"3 Shapes","floor":35,"turns":2},{"damage":0,"enemies":"Orb Walker","floor":36,"turns":1},{"damage":5,"enemies":"Mysterious Sphere","floor":37,"turns":2},{"damage":0,"enemies":"Mind Bloom Boss Battle","floor":39,"turns":1},{"damage":0,"enemies":"Giant Head","floor":40,"turns":1},{"damage":0,"enemies":"Maw","floor":42,"turns":2},{"damage":0,"enemies":"Transient","floor":44,"turns":3},{"damage":0,"enemies":"2 Orb Walkers","floor":46,"turns":1},{"damage":0,"enemies":"Awakened One","floor":50,"turns":4}],"seed_played":"899177994719070386","potions_obtained":[{"floor":1,"key":"Regen Potion"},{"floor":2,"key":"FearPotion"},{"floor":3,"key":"Explosive Potion"},{"floor":11,"key":"GhostInAJar"},{"floor":11,"key":"Fire Potion"},{"floor":21,"key":"Dexterity Potion"},{"floor":31,"key":"Swift Potion"},{"floor":33,"key":"Poison Potion"}],"is_trial":false,"path_per_floor":["M","M","M","?","?","E","R","E","T","?","?","M","M","$","R","B",null,"M","T","?","M","M","E","R","M","T","R","E","M","?","M","R","B",null,"M","M","?","$","?","E","R","M","T","M","?","E","R","?","R","B"],"character_chosen":"THE_SILENT","items_purchased":["Oddly Smooth Stone","Strange Spoon","FearPotion"],"campfire_rested":0,"item_purchase_floors":[14,14,14],"current_hp_per_floor":[70,70,70,70,70,70,70,70,70,56,56,56,56,56,56,56,70,70,70,54,54,54,54,54,54,54,54,51,51,51,51,51,51,70,70,70,65,65,65,65,65,65,72,72,77,77,77,77,77,77],"gold":528,"neow_bonus":"","is_prod":false,"is_daily":true,"chose_seed":false,"campfire_upgraded":8,"win_rate":0,"timestamp":1536050899,"path_taken":["M","M","?","?","?","E","R","E","T","?","?","?","M","$","R","BOSS","M","?","?","M","M","E","R","M","T","R","E","M","?","?","R","BOSS","M","M","?","$","?","E","R","M","T","M","?","E","R","?","R","BOSS"],"build_version":"2018-08-30","purchased_purges":1,"victory":true,"max_hp_per_floor":[70,70,70,70,70,70,70,70,70,70,70,70,70,70,70,70,70,70,70,70,70,70,70,70,70,70,70,70,70,70,70,70,70,70,70,70,70,70,70,70,70,70,77,77,77,77,77,77,77,77],"card_choices":[{"not_picked":["PiercingWail","Reflex"],"picked":"Dagger Spray","floor":1},{"not_picked":["Outmaneuver","Underhanded Strike"],"picked":"Bouncing Flask","floor":2},{"not_picked":["Poisoned Stab","Burst"],"picked":"Finisher","floor":3},{"not_picked":["Prepared","Flying Knee"],"picked":"Backstab","floor":6},{"not_picked":["Setup","Outmaneuver","Prepared"],"picked":"SKIP","floor":8},{"not_picked":["Riddle With Holes","Outmaneuver"],"picked":"Adrenaline","floor":12},{"not_picked":["Prepared","Riddle With Holes"],"picked":"Backstab","floor":13},{"not_picked":["Wraith Form v2","Unload"],"picked":"Burst","floor":16},{"not_picked":["Deflect","Bane+1","Eviscerate"],"picked":"SKIP","floor":18},{"not_picked":["Tactician+1","Sucker Punch"],"picked":"Dagger Throw","floor":21},{"not_picked":["Dodge and Roll","Choke"],"picked":"Finisher+1","floor":22},{"not_picked":["All Out Attack","Venomology"],"picked":"Caltrops+1","floor":23},{"not_picked":["PiercingWail+1","Deflect"],"picked":"Acrobatics+1","floor":25},{"not_picked":["Choke","All Out Attack"],"picked":"Finisher","floor":28},{"not_picked":["Setup+1","Blade Dance"],"picked":"Finisher","floor":29},{"not_picked":["Sucker Punch","Dodge and Roll"],"picked":"Backflip","floor":31},{"not_picked":["Slice","Outmaneuver","Underhanded Strike+1"],"picked":"SKIP","floor":35},{"not_picked":["Flechettes","Outmaneuver+1","Poisoned Stab"],"picked":"SKIP","floor":36},{"not_picked":["Skewer+1","Flying Knee+1"],"picked":"Blade Dance+1","floor":37},{"not_picked":["Bane+1","Skewer+1"],"picked":"Quick Slash","floor":39},{"not_picked":["All Out Attack+1","Bane","Accuracy"],"picked":"SKIP","floor":40},{"not_picked":["Setup","PiercingWail"],"picked":"Quick Slash+1","floor":42},{"not_picked":["Slice","Poisoned Stab+1"],"picked":"PiercingWail+1","floor":44},{"not_picked":["Flying Knee","Burst"],"picked":"Underhanded Strike+1","floor":46}],"player_experience":1377587,"relics_obtained":[{"floor":6,"key":"Sundial"},{"floor":8,"key":"Tiny Chest"},{"floor":9,"key":"Ninja Scroll"},{"floor":19,"key":"Lantern"},{"floor":20,"key":"Necronomicon"},{"floor":23,"key":"Boot"},{"floor":26,"key":"Meat on the Bone"},{"floor":28,"key":"Bag of Preparation"},{"floor":37,"key":"Tough Bandages"},{"floor":39,"key":"Ice Cream"},{"floor":40,"key":"Art of War"},{"floor":43,"key":"Strawberry"},{"floor":46,"key":"Thread and Needle"}],"event_choices":[{"event_name":"Liars Game","player_choice":"agreed","floor":4,"damage_taken":0},{"event_name":"Living Wall","player_choice":"Forget","floor":5,"damage_taken":0},{"event_name":"Shining Light","player_choice":"Entered Light","floor":10,"damage_taken":0},{"event_name":"The Lab","player_choice":"Got Potions","floor":11,"damage_taken":0},{"event_name":"Cursed Tome","player_choice":"Obtained Book","floor":20,"damage_taken":0},{"event_name":"Drug Dealer","player_choice":"Inject Mutagens","floor":30,"damage_taken":0},{"event_name":"Mysterious Sphere","player_choice":"Fight","floor":37,"damage_taken":0},{"event_name":"MindBloom","player_choice":"Fight","floor":39,"damage_taken":0},{"event_name":"Wheel of Change","player_choice":"Full Heal","floor":45,"damage_taken":0},{"event_name":"Transmorgrifier","player_choice":"Transform","floor":48,"damage_taken":0}],"is_beta":false,"boss_relics":[{"not_picked":["Snecko Eye","Velvet Choker"],"picked":"Runic Dome"},{"not_picked":["Calling Bell","Pandora\u0027s Box"],"picked":"Ring of the Serpent"}],"items_purged_floors":[38],"is_endless":false,"potions_floor_spawned":[1,2,3,13,21,23,31,33,36,37,42],"ascension_level":0}