{"gold_per_floor":[109,109,109,109,37,37,71,90,90,103,120,120,154,154,154,250,250,263,275,375,375,392,392,412,422,499,499,499,70,70],"floor_reached":30,"playtime":1263,"items_purged":["Strike_R"],"score":321,"play_id":"cfc616bf-bd34-4077-a173-e5012c11ccec","local_time":"20180716140625","is_ascension_mode":true,"campfire_choices":[{"data":"Spot Weakness","floor":6,"key":"SMITH"},{"data":"Havoc","floor":15,"key":"SMITH"},{"data":"Rage","floor":23,"key":"SMITH"},{"floor":28,"key":"REST"}],"neow_cost":"NONE","seed_source_timestamp":227606750542917,"circlet_count":0,"master_deck":["Strike_R","Defend_R","Defend_R","Defend_R","Bash","Clash","Spot Weakness+1","Reaper","Rage+1","Pommel Strike","Sever Soul","Havoc+1","Offering","Double Tap","Uppercut","Carnage","Sever Soul","Havoc+1","Inflame","Trip","Feed+1","Feel No Pain","Warcry"],"relics":["Black Blood","Bird Faced Urn","Ornamental Fan","Question Card","Bag of Marbles","Molten Egg 2","Bronze Scales"],"potions_floor_usage":[7,16,16,16,19,22,30],"damage_taken":[{"damage":21,"enemies":"Jaw Worm","floor":1,"turns":5},{"damage":23,"enemies":"3 Sentries","floor":7,"turns":9},{"damage":6,"enemies":"Cultist","floor":8,"turns":3},{"damage":0,"enemies":"2 Louse","floor":10,"turns":2},{"damage":2,"enemies":"Exordium Wildlife","floor":11,"turns":3},{"damage":15,"enemies":"Gremlin Nob","floor":13,"turns":4},{"damage":41,"enemies":"Hexaghost","floor":16,"turns":6},{"damage":44,"enemies":"2 Thieves","floor":18,"turns":4},{"damage":13,"enemies":"3 Byrds","floor":19,"turns":3},{"damage":28,"enemies":"Snake Plant","floor":22,"turns":4},{"damage":40,"enemies":"Sentry and Sphere","floor":24,"turns":5},{"damage":24,"enemies":"Centurion and Healer","floor":25,"turns":6},{"damage":52,"enemies":"Gremlin Leader","floor":30,"turns":3}],"seed_played":"3947152249821701071","potions_obtained":[{"floor":2,"key":"Strength Potion"},{"floor":2,"key":"LiquidBronze"},{"floor":2,"key":"SkillPotion"},{"floor":8,"key":"SkillPotion"},{"floor":10,"key":"LiquidBronze"},{"floor":16,"key":"LiquidBronze"},{"floor":19,"key":"EssenceOfSteel"},{"floor":24,"key":"Energy Potion"}],"is_trial":false,"path_per_floor":["M","?","?","?","$","R","E","M","T","M","M","T","E","?","R","B",null,"M","M","?","?","M","R","M","M","T","?","R","$"],"character_chosen":"IRONCLAD","items_purchased":["Spot Weakness","Bronze Scales","Feed+1","Feel No Pain","Warcry"],"campfire_rested":1,"item_purchase_floors":[5,29,29,29,29],"current_hp_per_floor":[57,57,57,80,80,80,63,69,69,75,80,80,77,77,77,52,73,46,51,51,51,46,46,20,23,23,23,47,47,0],"gold":70,"neow_bonus":"REMOVE_CARD","is_prod":false,"is_daily":false,"chose_seed":false,"campfire_upgraded":3,"win_rate":0,"timestamp":1531764385,"path_taken":["M","?","?","?","$","R","E","M","T","M","?","?","E","?","R","BOSS","M","M","?","?","M","R","M","M","T","?","R","$","E"],"build_version":"2018-07-12","purchased_purges":1,"victory":false,"max_hp_per_floor":[80,80,80,80,80,80,80,80,80,80,80,80,80,80,80,80,80,80,80,80,80,80,80,80,80,80,80,80,80,80],"card_choices":[{"not_picked":["Anger","Heavy Blade"],"picked":"Clash","floor":1},{"not_picked":["Headbutt","Perfected Strike"],"picked":"Reaper","floor":7},{"not_picked":["Rampage","Power Through"],"picked":"Rage","floor":8},{"not_picked":["Spot Weakness","Cleave"],"picked":"Pommel Strike","floor":10},{"not_picked":["Dropkick","Twin Strike"],"picked":"Sever Soul","floor":11},{"not_picked":["Carnage","Metallicize","Headbutt"],"picked":"Havoc","floor":13},{"not_picked":["Immolate","Barricade","Exhume"],"picked":"Double Tap","floor":16},{"not_picked":["Headbutt+1","Entrench+1","Armaments"],"picked":"Uppercut","floor":18},{"not_picked":["Headbutt","Double Tap","Power Through"],"picked":"Carnage","floor":19},{"not_picked":["Wild Strike+1","Searing Blow","Iron Wave"],"picked":"Sever Soul","floor":22},{"not_picked":["Entrench","Cleave","Heavy Blade"],"picked":"Havoc+1","floor":24},{"not_picked":["Sentinel+1","Evolve","Havoc"],"picked":"Inflame","floor":25}],"player_experience":1149000,"relics_obtained":[{"floor":7,"key":"Bird Faced Urn"},{"floor":9,"key":"Ornamental Fan"},{"floor":12,"key":"Question Card"},{"floor":13,"key":"Bag of Marbles"},{"floor":26,"key":"Molten Egg 2"}],"event_choices":[{"event_name":"The Lab","player_choice":"Got Potions","floor":2,"damage_taken":0},{"event_name":"Bonfire Elementals","player_choice":"BASIC","floor":3,"damage_taken":0},{"event_name":"Big Fish","player_choice":"Banana","floor":4,"damage_taken":0},{"event_name":"Transmorgrifier","player_choice":"Transform","floor":14,"damage_taken":0},{"event_name":"Golden Shrine","player_choice":"Pray","floor":20,"damage_taken":0},{"event_name":"Purifier","player_choice":"One Purge","floor":21,"damage_taken":0},{"event_name":"Match and Keep!","player_choice":"1 cards matched","floor":27,"damage_taken":0}],"boss_relics":[{"not_picked":["White Beast Statue","Tiny House"],"picked":"Black Blood"}],"items_purged_floors":[29],"is_endless":false,"potions_floor_spawned":[8,10,11,16,19,24],"killed_by":"Gremlin Leader","ascension_level":7}