{"gold_per_floor":[19,37,49,69,169,169,200,200,200,40,68,86,99,115,115,218,218,236,161,161,171,49,78,78,97,167,178,178,190,222,222,222,318,318,338,338,357,377,397,424,443,443,512,512,512,512,541,553,553,553,553,553,3,29,29],"floor_reached":56,"playtime":4370,"items_purged":[],"score":1514,"play_id":"daae6f83-df3b-451b-8126-9fcbc32fe67a","local_time":"20190215211108","is_ascension_mode":true,"campfire_choices":[{"data":"Infinite Blades","floor":6.0,"key":"SMITH"},{"data":"Cloak And Dagger","floor":8.0,"key":"SMITH"},{"data":"Noxious Fumes","floor":15.0,"key":"SMITH"},{"floor":24,"key":"REST"},{"floor":28,"key":"REST"},{"floor":32,"key":"RECALL"},{"floor":42,"key":"REST"},{"floor":44,"key":"REST"},{"floor":49,"key":"REST"},{"floor":52,"key":"REST"}],"neow_cost":"NO_GOLD","seed_source_timestamp":2964881641385,"circlet_count":0,"master_deck":["Defend_G","Defend_G","Defend_G","Defend_G","Strike_G","Strike_G","Strike_G","Survivor","Neutralize","Infinite Blades+1","Poisoned Stab","Calculated Gamble","Cloak And Dagger+1","Noxious Fumes+1","Backstab+1","Storm of Steel+1","Backflip+1","Cloak And Dagger+1","Distraction+1","Catalyst+1","A Thousand Cuts","Footwork","Backstab+1","Parasite","Madness+1","Madness+1","PiercingWail+1","Die Die Die+1","Leg Sweep+1"],"special_seed":0,"relics":["Ring of the Snake","Dead Branch","Molten Egg 2","The Courier","TwistedFunnel","Toxic Egg 2","Fusion Hammer","Anchor","Torii","Dodecahedron","Philosopher\u0027s Stone","Lantern","Pantograph","Tingsha","Ornamental Fan","Happy Flower","Snake Skull","Thread and Needle"],"potions_floor_usage":[33,55,55],"damage_taken":[{"damage":0.0,"enemies":"Cultist","floor":1.0,"turns":4.0},{"damage":0.0,"enemies":"Small Slimes","floor":2.0,"turns":4.0},{"damage":1.0,"enemies":"2 Louse","floor":3.0,"turns":3.0},{"damage":5.0,"enemies":"Exordium Wildlife","floor":4.0,"turns":4.0},{"damage":18.0,"enemies":"3 Sentries","floor":7.0,"turns":8.0},{"damage":18.0,"enemies":"Gremlin Nob","floor":11.0,"turns":4.0},{"damage":4.0,"enemies":"Exordium Thugs","floor":12.0,"turns":4.0},{"damage":5.0,"enemies":"2 Fungi Beasts","floor":13.0,"turns":2.0},{"damage":0.0,"enemies":"Blue Slaver","floor":14.0,"turns":2.0},{"damage":18,"enemies":"The Guardian","floor":16,"turns":8},{"damage":15,"enemies":"2 Thieves","floor":18,"turns":3},{"damage":0,"enemies":"3 Byrds","floor":21,"turns":2},{"damage":24,"enemies":"Book of Stabbing","floor":23,"turns":4},{"damage":9,"enemies":"Shelled Parasite and Fungi","floor":25,"turns":4},{"damage":0,"enemies":"Snake Plant","floor":27,"turns":2},{"damage":1,"enemies":"Centurion and Healer","floor":29,"turns":3},{"damage":13,"enemies":"Gremlin Leader","floor":30,"turns":7},{"damage":15,"enemies":"Collector","floor":33,"turns":8},{"damage":0,"enemies":"3 Shapes","floor":35,"turns":2},{"damage":0,"enemies":"3 Darklings","floor":37,"turns":2},{"damage":0,"enemies":"Transient","floor":38,"turns":5},{"damage":15,"enemies":"Spire Growth","floor":39,"turns":4},{"damage":36,"enemies":"Reptomancer","floor":40,"turns":8},{"damage":1,"enemies":"Writhing Mass","floor":41,"turns":5},{"damage":0,"enemies":"Giant Head","floor":47,"turns":4},{"damage":0,"enemies":"3 Darklings","floor":48,"turns":3},{"damage":25,"enemies":"Donu and Deca","floor":50,"turns":5},{"damage":21,"enemies":"Shield and Spear","floor":54,"turns":5},{"damage":37,"enemies":"The Heart","floor":55,"turns":8}],"seed_played":"2123873319315278245","potions_obtained":[{"floor":1.0,"key":"Energy Potion"},{"floor":7.0,"key":"EssenceOfSteel"},{"floor":12.0,"key":"SkillPotion"},{"floor":13.0,"key":"GamblersBrew"},{"floor":18,"key":"Strength Potion"},{"floor":21,"key":"Dexterity Potion"},{"floor":27,"key":"LiquidBronze"},{"floor":33,"key":"AttackPotion"},{"floor":39,"key":"GhostInAJar"},{"floor":47,"key":"SteroidPotion"}],"is_trial":false,"path_per_floor":["M","M","M","M","?","R","E","R","T","$","E","M","M","M","R","B",null,"M","?","?","M","$","E","R","M","T","M","R","M","E","?","R","B",null,"M","?","M","M","M","E","M","R","T","R","?","?","E","M","R","B",null,"R","$","E","B",null],"character_chosen":"THE_SILENT","items_purchased":["TwistedFunnel","Anchor","Ornamental Fan","Happy Flower","Snake Skull","Die Die Die+1"],"campfire_rested":6,"item_purchase_floors":[10,22,53,53,53,53],"current_hp_per_floor":[70,70,69,64,64,64,46,46,46,46,28,24,19,19,19,1,53,38,38,38,38,38,14,35,26,26,26,47,46,33,80,80,65,76,76,76,76,76,61,25,24,48,48,72,62,80,80,80,80,55,74,80,80,59,43],"gold":29,"neow_bonus":"ONE_RARE_RELIC","is_prod":false,"is_daily":false,"chose_seed":false,"campfire_upgraded":3,"win_rate":0,"timestamp":1550236268,"path_taken":["M","M","?","M","?","R","E","R","T","$","E","M","M","M","R","BOSS","M","?","?","M","?","E","R","?","T","M","R","M","E","?","R","BOSS","M","?","M","M","M","E","M","R","T","R","?","?","E","M","R","BOSS","R","$","E","BOSS"],"build_version":"2019-01-23","purchased_purges":0,"victory":true,"max_hp_per_floor":[70,70,70,70,70,70,70,70,70,70,70,70,70,70,70,70,70,70,70,70,70,70,70,70,70,70,70,70,70,70,80,80,80,80,80,80,80,80,80,80,80,80,80,80,80,80,80,80,80,80,80,80,80,80,80],"card_choices":[{"not_picked":["Riddle With Holes","Dagger Throw"],"picked":"Infinite Blades","floor":1.0},{"not_picked":["Heel Hook","Bane","Reflex"],"picked":"SKIP","floor":2.0},{"not_picked":["Backflip","Deadly Poison"],"picked":"Poisoned Stab","floor":3.0},{"not_picked":["Flying Knee","Dagger Throw"],"picked":"Calculated Gamble","floor":4.0},{"not_picked":["Dodge and Roll","Outmaneuver"],"picked":"Cloak And Dagger","floor":7.0},{"not_picked":["Deadly Poison","Dagger Throw+1"],"picked":"Bullet Time","floor":11.0},{"not_picked":["Reflex+1","Dagger Spray+1"],"picked":"Noxious Fumes","floor":12.0},{"not_picked":["Dagger Throw+1","Poisoned Stab+1","Bane+1"],"picked":"SKIP","floor":13.0},{"not_picked":["Deadly Poison+1","Poisoned Stab+1"],"picked":"Backstab+1","floor":14.0},{"not_picked":["Burst+1","Corpse Explosion+1"],"picked":"Storm of Steel+1","floor":16},{"not_picked":["Underhanded Strike+1","Dagger Spray+1","Heel Hook+1"],"picked":"SKIP","floor":18},{"not_picked":["Concentrate+1","Choke+1"],"picked":"Backflip+1","floor":21},{"not_picked":["Outmaneuver+1","Dagger Spray+1","Storm of Steel+1"],"picked":"SKIP","floor":23},{"not_picked":["Prepared+1","Dodge and Roll+1"],"picked":"Cloak And Dagger+1","floor":25},{"not_picked":["Dagger Spray+1","Accuracy+1"],"picked":"Distraction+1","floor":27},{"not_picked":["Acrobatics+1","Masterful Stab+1","Quick Slash+1"],"picked":"SKIP","floor":29},{"not_picked":["Acrobatics+1","Envenom"],"picked":"Catalyst+1","floor":30},{"not_picked":["Storm of Steel+1","Phantasmal Killer+1"],"picked":"A Thousand Cuts","floor":33},{"not_picked":["Sucker Punch+1","Slice+1","Backflip+1"],"picked":"SKIP","floor":35},{"not_picked":["Deflect+1","Flying Knee+1"],"picked":"Footwork","floor":37},{"not_picked":["Quick Slash+1","Dagger Throw+1","Deflect+1"],"picked":"SKIP","floor":38},{"not_picked":["Poisoned Stab+1","Underhanded Strike+1","Sucker Punch+1"],"picked":"SKIP","floor":39},{"not_picked":["Calculated Gamble+1","Footwork+1"],"picked":"Backstab+1","floor":40},{"not_picked":["Dagger Throw+1","Dodge and Roll+1","All Out Attack+1"],"picked":"SKIP","floor":41},{"not_picked":["Tactician+1","Deadly Poison+1","Terror+1"],"picked":"SKIP","floor":47},{"not_picked":["Bouncing Flask+1","Dodge and Roll+1"],"picked":"PiercingWail+1","floor":48},{"not_picked":["Bane+1","Dash+1"],"picked":"Leg Sweep+1","floor":54}],"player_experience":152351,"relics_obtained":[{"floor":7.0,"key":"Molten Egg 2"},{"floor":9.0,"key":"The Courier"},{"floor":11.0,"key":"Toxic Egg 2"},{"floor":23,"key":"Torii"},{"floor":30,"key":"Dodecahedron"},{"floor":40,"key":"Lantern"},{"floor":43,"key":"Pantograph"},{"floor":47,"key":"Tingsha"},{"floor":54,"key":"Thread and Needle"}],"event_choices":[{"damage_healed":0.0,"max_hp_gain":0.0,"max_hp_loss":0.0,"gold_gain":100.0,"event_name":"Golden Shrine","player_choice":"Pray","floor":5.0,"gold_loss":0.0,"damage_taken":0.0},{"cards_removed":["Strike_G"],"damage_healed":0,"gold_gain":0,"player_choice":"Gave Gold","damage_taken":0,"max_hp_gain":0,"max_hp_loss":0,"event_name":"Beggar","floor":19,"gold_loss":75},{"cards_removed":["Strike_G"],"damage_healed":0,"gold_gain":0,"player_choice":"Elegance","damage_taken":0,"max_hp_gain":0,"max_hp_loss":0,"event_name":"Back to Basics","floor":20,"gold_loss":0},{"cards_removed":["Bullet Time"],"damage_healed":37,"gold_gain":0,"player_choice":"Offered Rare","damage_taken":0,"max_hp_gain":10,"max_hp_loss":0,"event_name":"Bonfire Elementals","floor":31,"gold_loss":0},{"cards_removed":["Defend_G"],"damage_healed":0,"gold_gain":0,"player_choice":"Removed Skill","damage_taken":0,"max_hp_gain":0,"max_hp_loss":0,"event_name":"Falling","floor":36,"gold_loss":0},{"damage_healed":0,"gold_gain":0,"player_choice":"Embrace Madness","damage_taken":10,"max_hp_gain":0,"max_hp_loss":0,"event_name":"Winding Halls","floor":45,"gold_loss":0,"cards_obtained":["Madness","Madness"]},{"damage_healed":18,"gold_gain":0,"player_choice":"Full Heal","damage_taken":0,"max_hp_gain":0,"max_hp_loss":0,"event_name":"Wheel of Change","floor":46,"gold_loss":0}],"is_beta":false,"boss_relics":[{"not_picked":["White Beast Statue","HoveringKite"],"picked":"Fusion Hammer"},{"not_picked":["Runic Pyramid","Calling Bell"],"picked":"Philosopher\u0027s Stone"}],"items_purged_floors":[],"is_endless":false,"potions_floor_spawned":[1,7,12,13,18,21,23,27,33,35,39,47,54],"ascension_level":5}