{"gold_per_floor":[114,4,20,40,60,92,20,48,74,74],"floor_reached":10,"playtime":545,"items_purged":["Defend_B"],"score":90,"play_id":"f73b98be-cca4-4bd8-8c64-a1590e858fc4","local_time":"20180628141633","is_ascension_mode":true,"campfire_choices":[],"neow_cost":"","seed_source_timestamp":147834265233375,"circlet_count":0,"master_deck":["Strike_B","Strike_B","Strike_B","Strike_B","Defend_B","Defend_B","Defend_B","Zap","Dualcast","Defragment","Go for the Eyes","Rebound","Storm","Buffer"],"relics":["Cracked Core","Bottled Tornado","Regal Pillow","Potion Belt"],"potions_floor_usage":[8,8,10],"damage_taken":[{"damage":0,"enemies":"Small Slimes","floor":1,"turns":3},{"damage":0,"enemies":"2 Louse","floor":3,"turns":2},{"damage":2,"enemies":"Jaw Worm","floor":4,"turns":4},{"damage":18,"enemies":"Exordium Thugs","floor":5,"turns":4},{"damage":25,"enemies":"Lagavulin","floor":6,"turns":7},{"damage":15,"enemies":"Gremlin Nob","floor":8,"turns":4},{"damage":25,"enemies":"Lagavulin","floor":10,"turns":4}],"seed_played":"4980304569932974133","potions_obtained":[{"floor":1,"key":"Explosive Potion"},{"floor":4,"key":"GamblersBrew"},{"floor":6,"key":"SteroidPotion"}],"is_trial":false,"path_per_floor":["M","$","M","M","M","E","$","E","T"],"character_chosen":"DEFECT","items_purchased":["Defragment","Storm"],"campfire_rested":0,"item_purchase_floors":[2,7],"current_hp_per_floor":[75,75,75,73,55,30,30,15,15,0],"gold":74,"neow_bonus":"","is_prod":false,"is_daily":false,"chose_seed":false,"campfire_upgraded":0,"win_rate":0,"timestamp":1530213393,"path_taken":["M","$","M","M","M","E","$","E","T","E"],"build_version":"2018-06-27","purchased_purges":1,"victory":false,"max_hp_per_floor":[75,75,75,75,75,75,75,75,75,75],"card_choices":[{"not_picked":["Reinforced Body","Hologram","Redo"],"picked":"SKIP","floor":1},{"not_picked":["Streamline","Doom and Gloom"],"picked":"Go for the Eyes","floor":3},{"not_picked":["BootSequence","Streamline","Leap"],"picked":"SKIP","floor":4},{"not_picked":["Darkness","Force Field","Turbo"],"picked":"SKIP","floor":5},{"not_picked":["Conserve Battery","Reprogram"],"picked":"Rebound","floor":6},{"not_picked":["Doom and Gloom","Barrage"],"picked":"Buffer","floor":8}],"player_experience":157137,"relics_obtained":[{"floor":6,"key":"Bottled Tornado"},{"floor":8,"key":"Regal Pillow"},{"floor":9,"key":"Potion Belt"}],"event_choices":[],"boss_relics":[],"items_purged_floors":[2],"is_endless":false,"potions_floor_spawned":[1,4,6],"killed_by":"Lagavulin","ascension_level":3}