{"gold_per_floor":[362,362,362,222,239,239,270,284,284,297,297,317,43,54,54,157,157,169,169,84,84,103,132,144,156],"floor_reached":25,"playtime":3176,"items_purged":["Strike_G"],"score":431,"play_id":"6b706445-e693-4e30-ad3a-fa709d2259ea","local_time":"20180807133647","is_ascension_mode":true,"campfire_choices":[{"data":"Neutralize","floor":6,"key":"SMITH"},{"data":"Footwork","floor":11,"key":"SMITH"},{"data":"Caltrops","floor":15,"key":"SMITH"},{"data":"Malaise","floor":24,"key":"SMITH"}],"neow_cost":"TEN_PERCENT_HP_LOSS","seed_source_timestamp":988863132877590,"circlet_count":0,"master_deck":["Defend_G","Defend_G","Defend_G","Defend_G","Defend_G","Strike_G","Strike_G","Strike_G","Survivor","Neutralize+1","AscendersBane","Sucker Punch","Wraith Form v2","Backflip","Cloak And Dagger","Caltrops+1","Footwork+1","Leg Sweep","Flying Knee","Dagger Spray","Backflip","Infinite Blades","Dodge and Roll","Cloak And Dagger","Dagger Spray","Envenom","Blade Dance","Necronomicurse","Ghostly","Ghostly","Ghostly","Ghostly","Ghostly","Accuracy+1","Malaise+1"],"relics":["Ring of the Snake","Matryoshka","Paper Crane","Pen Nib","Blue Candle","Philosopher\u0027s Stone","Necronomicon","Regal Pillow","MawBank"],"potions_floor_usage":[7,12,22],"damage_taken":[{"damage":5,"enemies":"Small Slimes","floor":1,"turns":7},{"damage":0,"enemies":"2 Louse","floor":5,"turns":4},{"damage":23,"enemies":"3 Sentries","floor":7,"turns":13},{"damage":0,"enemies":"Jaw Worm","floor":8,"turns":7},{"damage":0,"enemies":"Blue Slaver","floor":10,"turns":5},{"damage":15,"enemies":"Exordium Thugs","floor":12,"turns":5},{"damage":0,"enemies":"Looter","floor":14,"turns":4},{"damage":2,"enemies":"The Guardian","floor":16,"turns":17},{"damage":1,"enemies":"3 Byrds","floor":18,"turns":6},{"damage":13,"enemies":"Chosen","floor":22,"turns":8},{"damage":0,"enemies":"Gremlin Leader","floor":23,"turns":8},{"damage":18,"enemies":"Slavers","floor":25,"turns":1}],"seed_played":"-4226226232822030298","potions_obtained":[{"floor":1,"key":"GamblersBrew"},{"floor":5,"key":"Dexterity Potion"},{"floor":8,"key":"SkillPotion"},{"floor":10,"key":"Fire Potion"}],"is_trial":false,"path_per_floor":["M","?","?","$","M","R","E","M","T","M","R","M","$","M","R","B",null,"M","?","?","?","M","E","R"],"character_chosen":"THE_SILENT","items_purchased":["Backflip","Cloak And Dagger","Caltrops","Infinite Blades","Dodge and Roll","Cloak And Dagger","Dagger Spray"],"campfire_rested":0,"item_purchase_floors":[4,4,4,13,13,13,13],"current_hp_per_floor":[58,58,51,51,51,51,28,28,28,28,28,13,13,13,13,11,50,49,33,33,31,18,18,18,0],"gold":156,"neow_bonus":"TWO_FIFTY_GOLD","is_prod":false,"is_daily":false,"chose_seed":false,"campfire_upgraded":4,"win_rate":0,"timestamp":1533667007,"path_taken":["M","?","?","$","M","R","E","M","T","M","R","?","$","M","R","BOSS","M","?","?","?","?","E","R","E"],"build_version":"2018-08-06","purchased_purges":1,"victory":false,"max_hp_per_floor":[63,63,63,63,63,63,63,63,63,63,63,63,63,63,63,63,63,63,63,63,31,31,31,31,31],"card_choices":[{"not_picked":["Blur","Bane"],"picked":"Sucker Punch","floor":1},{"not_picked":["Riddle With Holes","Tactician"],"picked":"Footwork","floor":5},{"not_picked":["Envenom","Tactician"],"picked":"Leg Sweep","floor":7},{"not_picked":["Leg Sweep","Deadly Poison"],"picked":"Flying Knee","floor":8},{"not_picked":["Leg Sweep","Bane"],"picked":"Dagger Spray","floor":10},{"not_picked":["Deadly Poison","Acrobatics"],"picked":"Backflip","floor":12},{"not_picked":["Predator","Terror","Expertise"],"picked":"SKIP","floor":14},{"not_picked":["Doppelganger","Storm of Steel"],"picked":"Envenom","floor":16},{"not_picked":["Distraction","Cloak And Dagger"],"picked":"Blade Dance","floor":18},{"not_picked":["Backflip","Escape Plan"],"picked":"Accuracy+1","floor":22},{"not_picked":["Acrobatics","Cloak And Dagger"],"picked":"Malaise","floor":23}],"player_experience":352093,"relics_obtained":[{"floor":7,"key":"Paper Crane"},{"floor":9,"key":"Pen Nib"},{"floor":9,"key":"Blue Candle"},{"floor":19,"key":"Necronomicon"},{"floor":23,"key":"MawBank"}],"event_choices":[{"event_name":"Living Wall","player_choice":"Change","floor":2,"damage_taken":0},{"event_name":"Scrap Ooze","player_choice":"success","floor":3,"damage_taken":7},{"event_name":"Cursed Tome","player_choice":"Obtained Book","floor":19,"damage_taken":0},{"event_name":"Addict","player_choice":"Obtained Relic","floor":20,"damage_taken":0},{"event_name":"Ghosts","player_choice":"Became a Ghost","floor":21,"damage_taken":0}],"is_beta":true,"boss_relics":[{"not_picked":["White Beast Statue","Eternal Feather"],"picked":"Philosopher\u0027s Stone"}],"items_purged_floors":[13],"is_endless":false,"potions_floor_spawned":[1,5,8,10],"killed_by":"Slavers","ascension_level":11}