{"gold_per_floor":[118,158,43,57,71,71,34,34,57,148,148,148,160,60,60,137,137,154,154,172,172,182,221,254,254,254,254,273,273],"floor_reached":29,"playtime":1542,"items_purged":["Strike_G","Strike_G"],"score":474,"play_id":"b1b2f054-d5d5-406f-89e7-cc353fa3bafe","local_time":"20190213165520","is_ascension_mode":true,"campfire_choices":[{"data":"Transmutation","floor":6.0,"key":"SMITH"},{"data":"Well Laid Plans","floor":8.0,"key":"SMITH"},{"data":"Burst","floor":12.0,"key":"SMITH"},{"floor":15.0,"key":"REST"},{"data":"Magnetism","floor":25.0,"key":"SMITH"},{"floor":27.0,"key":"REST"}],"neow_cost":"TEN_PERCENT_HP_LOSS","seed_source_timestamp":69671852662227,"circlet_count":0,"master_deck":["AscendersBane","Defend_G","Defend_G","Defend_G","Defend_G","Defend_G","Strike_G","Strike_G","Strike_G","Survivor","Neutralize","Transmutation+1","Magnetism+1","PiercingWail","Burst+1","Escape Plan","Caltrops","Well Laid Plans+1","Cloak And Dagger","Glass Knife","Doppelganger","Well Laid Plans+1","Cloak And Dagger"],"special_seed":0,"relics":["Ring of the Snake","Pen Nib","Busted Crown","Happy Flower","Du-Vu Doll","Potion Belt"],"potions_floor_usage":[29,29],"damage_taken":[{"damage":4.0,"enemies":"Cultist","floor":1.0,"turns":4.0},{"damage":8.0,"enemies":"2 Louse","floor":2.0,"turns":3.0},{"damage":0.0,"enemies":"Jaw Worm","floor":4.0,"turns":5.0},{"damage":10.0,"enemies":"Red Slaver","floor":5.0,"turns":3.0},{"damage":20.0,"enemies":"Lots of Slimes","floor":10.0,"turns":7.0},{"damage":2.0,"enemies":"Blue Slaver","floor":13.0,"turns":5.0},{"damage":16.0,"enemies":"Hexaghost","floor":16.0,"turns":9.0},{"damage":16.0,"enemies":"Spheric Guardian","floor":18.0,"turns":6.0},{"damage":1.0,"enemies":"Shell Parasite","floor":20.0,"turns":4.0},{"damage":0.0,"enemies":"Snake Plant","floor":22.0,"turns":5.0},{"damage":1.0,"enemies":"Centurion and Healer","floor":23.0,"turns":8.0},{"damage":35.0,"enemies":"Gremlin Leader","floor":24.0,"turns":7.0},{"damage":18.0,"enemies":"3 Cultists","floor":28.0,"turns":6.0},{"damage":11,"enemies":"Slavers","floor":29,"turns":2}],"seed_played":"-1855921400896960286","potions_obtained":[{"floor":1.0,"key":"Regen Potion"},{"floor":2.0,"key":"Strength Potion"},{"floor":11.0,"key":"SteroidPotion"},{"floor":11.0,"key":"Strength Potion"},{"floor":18.0,"key":"GamblersBrew"},{"floor":20.0,"key":"Block Potion"},{"floor":24.0,"key":"Strength Potion"},{"floor":28.0,"key":"Strength Potion"}],"is_trial":false,"path_per_floor":["M","M","$","M","M","R","$","R","T","M","?","R","M","$","R","B",null,"M","?","M","$","M","M","E","R","T","R","M","E"],"character_chosen":"THE_SILENT","items_purchased":["Escape Plan","Well Laid Plans"],"campfire_rested":2,"item_purchase_floors":[3,7],"current_hp_per_floor":[55,47,47,47,37,37,37,37,37,17,17,17,15,15,33,17,49,33,33,32,32,32,31,11,11,11,29,11,0],"gold":273,"neow_bonus":"RANDOM_COLORLESS_2","is_prod":false,"is_daily":false,"chose_seed":false,"campfire_upgraded":4,"win_rate":0,"timestamp":1550073320,"path_taken":["M","M","?","M","M","R","$","R","T","M","?","R","?","$","R","BOSS","M","?","?","$","?","M","E","R","T","R","M","E"],"build_version":"2019-01-23","purchased_purges":2,"victory":false,"max_hp_per_floor":[60,60,60,60,60,60,60,60,60,60,60,60,60,60,60,60,60,60,60,60,60,60,60,60,60,60,60,60,60],"card_choices":[{"not_picked":["Reflex","Caltrops"],"picked":"PiercingWail","floor":1.0},{"not_picked":["Sucker Punch","Dagger Throw"],"picked":"Burst","floor":2.0},{"not_picked":["Bane","Poisoned Stab"],"picked":"Caltrops","floor":4.0},{"not_picked":["Deadly Poison","Masterful Stab","Endless Agony"],"picked":"SKIP","floor":5.0},{"not_picked":["PiercingWail","Slice"],"picked":"Cloak And Dagger","floor":10.0},{"not_picked":["Heel Hook","Dagger Throw"],"picked":"Glass Knife","floor":13.0},{"not_picked":["Storm of Steel","Unload"],"picked":"Doppelganger","floor":16.0},{"not_picked":["Catalyst"],"picked":"SKIP","floor":18.0},{"not_picked":[],"picked":"Well Laid Plans+1","floor":20.0},{"not_picked":["Cloak And Dagger"],"picked":"SKIP","floor":22.0},{"not_picked":[],"picked":"Cloak And Dagger","floor":22.0},{"not_picked":["Poisoned Stab"],"picked":"SKIP","floor":23.0},{"not_picked":["Blade Dance"],"picked":"SKIP","floor":24.0},{"not_picked":["Reflex"],"picked":"SKIP","floor":28.0}],"player_experience":1410590,"relics_obtained":[{"floor":9.0,"key":"Potion Belt"},{"floor":24.0,"key":"Pen Nib"},{"floor":26.0,"key":"Du-Vu Doll"}],"event_choices":[{"damage_healed":0.0,"max_hp_gain":0.0,"max_hp_loss":0.0,"gold_gain":0.0,"event_name":"Lab","player_choice":"Got Potions","floor":11.0,"gold_loss":0.0,"damage_taken":0.0},{"damage_healed":0.0,"max_hp_gain":0.0,"max_hp_loss":0.0,"gold_gain":0.0,"event_name":"WeMeetAgain","player_choice":"Gave Potion","floor":19.0,"gold_loss":0.0,"damage_taken":0.0,"relics_obtained":["Happy Flower"]}],"is_beta":false,"boss_relics":[{"not_picked":["Orrery","Velvet Choker"],"picked":"Busted Crown"}],"items_purged_floors":[3,14],"is_endless":false,"potions_floor_spawned":[1,2,5,18,20,24,28],"killed_by":"Slavers","ascension_level":20}