{"gold_per_floor":[213,138,138,17,17,17,44,76,100,133,133,133],"floor_reached":12,"playtime":494,"items_purged":["Strike_G"],"score":82,"play_id":"c8eacdee-2a8e-4de5-9b66-7fa7b90b46d9","local_time":"20181211180424","is_ascension_mode":false,"campfire_choices":[{"floor":6,"key":"REST"}],"neow_cost":"NONE","seed_source_timestamp":264243707071835,"circlet_count":0,"master_deck":["Defend_G","Defend_G","Defend_G","Defend_G","Defend_G","Strike_G","Strike_G","Strike_G","Survivor","Neutralize","Blur","Noxious Fumes","Flying Knee","Backflip","Crippling Poison"],"relics":["Ring of the Snake","Happy Flower","Centennial Puzzle","Bag of Marbles","Unceasing Top"],"potions_floor_usage":[10,12],"damage_taken":[{"damage":2,"enemies":"2 Louse","floor":1,"turns":4},{"damage":30,"enemies":"Gremlin Nob","floor":8,"turns":6},{"damage":7,"enemies":"3 Sentries","floor":10,"turns":10},{"damage":36,"enemies":"Gremlin Nob","floor":12,"turns":5}],"seed_played":"5796796589693549959","potions_obtained":[{"floor":1,"key":"Dexterity Potion"},{"floor":8,"key":"SpeedPotion"}],"is_trial":false,"path_per_floor":["M","$","?","$","?","R","T","E","T","E","?","E"],"character_chosen":"THE_SILENT","items_purchased":["Noxious Fumes","Flying Knee"],"campfire_rested":1,"item_purchase_floors":[2,4],"current_hp_per_floor":[68,68,68,68,43,64,64,34,34,27,27,0],"gold":133,"neow_bonus":"HUNDRED_GOLD","is_prod":false,"is_daily":false,"chose_seed":false,"campfire_upgraded":0,"win_rate":0,"timestamp":1544569464,"path_taken":["M","$","?","$","?","R","?","E","T","E","?","E"],"build_version":"2018-12-06","purchased_purges":1,"victory":false,"max_hp_per_floor":[70,70,70,70,70,70,70,70,70,70,70,70],"card_choices":[{"not_picked":["Escape Plan","Outmaneuver"],"picked":"Blur","floor":1},{"not_picked":["Dagger Spray","Quick Slash"],"picked":"Backflip","floor":8},{"not_picked":["Acrobatics","Choke"],"picked":"Crippling Poison","floor":10}],"player_experience":1858610,"relics_obtained":[{"floor":8,"key":"Centennial Puzzle"},{"floor":9,"key":"Bag of Marbles"},{"floor":10,"key":"Unceasing Top"}],"event_choices":[{"cards_removed":["Strike_G"],"damage_healed":0,"gold_gain":0,"player_choice":"Forget","damage_taken":0,"max_hp_gain":0,"max_hp_loss":0,"event_name":"Living Wall","floor":3,"gold_loss":0},{"damage_healed":0,"gold_gain":0,"player_choice":"Success","damage_taken":25,"relics_obtained":["Happy Flower"],"max_hp_gain":0,"max_hp_loss":0,"event_name":"Scrap Ooze","floor":5,"gold_loss":0},{"damage_healed":0,"gold_gain":0,"player_choice":"Ignored","damage_taken":0,"max_hp_gain":0,"max_hp_loss":0,"event_name":"Golden Idol","floor":11,"gold_loss":0}],"is_beta":false,"boss_relics":[],"items_purged_floors":[4],"is_endless":false,"potions_floor_spawned":[1,8],"killed_by":"Gremlin Nob","ascension_level":0}