{"path_per_floor":["M","T","M","M","?","R","E","R","T","E","$","E","?","E","R","B",null,"M","$","?","?","M","E","M","R","T","R","E","M","T","E","R","B",null,"M","M","?","$","M","R","E","R","T","E","M","$","M","$","R","B"],"character_chosen":"IRONCLAD","items_purchased":["Girya","Bludgeon","Whetstone","Mango"],"gold_per_floor":[118,144,158,174,349,349,377,377,377,411,64,91,91,120,120,219,219,233,21,171,201,218,248,263,263,317,317,349,368,368,397,397,493,493,507,519,519,20,36,36,71,71,71,99,112,62,78,28,28,28],"floor_reached":51,"campfire_rested":2,"playtime":4581,"item_purchase_floors":[],"current_hp_per_floor":[80,80,80,80,80,80,80,80,80,78,78,80,80,80,80,70,80,80,80,80,78,80,80,80,80,80,80,77,80,80,80,80,38,80,80,80,80,80,80,80,80,80,80,80,80,80,80,80,80,78],"items_purged":["Doubt","Strike_R","Strike_R+1","Injury","Strike_R+1"],"gold":28,"score":958,"play_id":"89d34459-25da-4222-af4f-8136fb6fe887","local_time":"20180611205638","is_prod":false,"is_daily":false,"chose_seed":false,"is_ascension_mode":true,"campfire_upgraded":4,"win_rate":0,"timestamp":1528743398,"campfire_choices":[{"data":"Body Slam","floor":6.0,"key":"SMITH"},{"data":"Iron Wave","floor":8.0,"key":"SMITH"},{"data":"1","floor":15.0,"key":"LIFT"},{"data":"Body Slam","floor":25.0,"key":"SMITH"},{"data":"2","floor":27.0,"key":"LIFT"},{"data":"3","floor":32.0,"key":"LIFT"},{"floor":40.0,"key":"REST"},{"data":"Entrench","floor":42.0,"key":"SMITH"},{"floor":49.0,"key":"REST"}],"path_taken":["M","?","M","M","?","R","E","R","T","E","$","E","?","E","R","BOSS","M","$","?","?","M","E","M","R","T","R","E","?","?","E","R","BOSS","M","M","?","$","M","R","E","R","T","E","M","$","M","?","R","BOSS"],"build_version":"2018-06-08","seed_source_timestamp":18533707339147,"purchased_purges":5,"victory":true,"master_deck":["Defend_R+1","Defend_R+1","Defend_R+1","Defend_R+1","Bash+1","Iron Wave+1","Body Slam+1","Metallicize+1","Iron Wave+1","Impervious+1","Flex+1","Twin Strike+1","Barricade+1","Bludgeon+1","Intimidate+1","Inflame+1","Body Slam+1","Entrench+1","Body Slam+1","Iron Wave+1"],"max_hp_per_floor":[80,80,80,80,80,80,80,80,80,80,80,80,80,80,80,80,80,80,80,80,80,80,80,80,80,80,80,80,80,80,80,80,80,80,80,80,80,94,94,94,94,94,94,94,94,94,94,94,94,94],"relics":["Burning Blood","Vajra","Dream Catcher","Smiling Mask","Thread and Needle","Girya","Red Skull","Mummified Hand","Busted Crown","Red Mask","Oddly Smooth Stone","Orichalcum","Gambling Chip","Shuriken","Matryoshka","Cursed Key","Mark of the Bloom","Whetstone","Mango","Bag of Preparation","Pen Nib","Bird Faced Urn","Omamori"],"card_choices":[{"not_picked":["Combust","Body Slam"],"picked":"Iron Wave","floor":1.0},{"not_picked":["Dual Wield","Power Through"],"picked":"Body Slam","floor":3.0},{"not_picked":["Armaments","Anger"],"picked":"Metallicize","floor":4.0},{"not_picked":["Reckless Charge","Shrug It Off"],"picked":"Iron Wave","floor":7.0},{"not_picked":["Limit Break","Dropkick"],"picked":"Impervious","floor":10.0},{"not_picked":["Clothesline","True Grit"],"picked":"Flex","floor":12.0},{"not_picked":["Perfected Strike","Flex"],"picked":"Twin Strike","floor":14.0},{"not_picked":["Bludgeon","Reaper"],"picked":"Barricade","floor":16.0},{"not_picked":["Armaments"],"picked":"SKIP","floor":18.0},{"not_picked":[],"picked":"Intimidate","floor":21.0},{"not_picked":[],"picked":"Inflame","floor":22.0},{"not_picked":[],"picked":"Body Slam","floor":23.0},{"not_picked":["Reckless Charge"],"picked":"SKIP","floor":24.0},{"not_picked":["True Grit"],"picked":"SKIP","floor":28.0},{"not_picked":["Sword Boomerang+1"],"picked":"SKIP","floor":29.0},{"not_picked":["Anger"],"picked":"SKIP","floor":31.0},{"not_picked":["Anger+1"],"picked":"SKIP","floor":35.0},{"not_picked":["Warcry"],"picked":"SKIP","floor":36.0},{"not_picked":["Clash"],"picked":"SKIP","floor":39.0},{"not_picked":[],"picked":"Entrench","floor":41.0},{"not_picked":["Second Wind+1"],"picked":"SKIP","floor":44.0},{"not_picked":[],"picked":"Body Slam+1","floor":45.0},{"not_picked":["Feel No Pain"],"picked":"SKIP","floor":47.0},{"not_picked":[],"picked":"Iron Wave+1","floor":49.0}],"player_experience":82109,"potions_floor_usage":[50,50,50],"damage_taken":[{"damage":1.0,"enemies":"Cultist","floor":1.0,"turns":4.0},{"damage":2.0,"enemies":"Small Slimes","floor":3.0,"turns":3.0},{"damage":3.0,"enemies":"2 Louse","floor":4.0,"turns":3.0},{"damage":3.0,"enemies":"3 Sentries","floor":7.0,"turns":13.0},{"damage":8.0,"enemies":"Lagavulin","floor":10.0,"turns":7.0},{"damage":0.0,"enemies":"Gremlin Nob","floor":12.0,"turns":5.0},{"damage":0.0,"enemies":"Lagavulin","floor":14.0,"turns":5.0},{"damage":16.0,"enemies":"Hexaghost","floor":16.0,"turns":9.0},{"damage":0.0,"enemies":"Spheric Guardian","floor":18.0,"turns":4.0},{"damage":8.0,"floor":21.0,"turns":4.0},{"damage":0.0,"enemies":"3 Byrds","floor":22.0,"turns":5.0},{"damage":0.0,"enemies":"Book of Stabbing","floor":23.0,"turns":4.0},{"damage":0.0,"enemies":"Cultist and Chosen","floor":24.0,"turns":6.0},{"damage":9.0,"enemies":"Slavers","floor":28.0,"turns":6.0},{"damage":0.0,"enemies":"Snake Plant","floor":29.0,"turns":4.0},{"damage":4.0,"enemies":"Book of Stabbing","floor":31.0,"turns":4.0},{"damage":48.0,"enemies":"Automaton","floor":33.0,"turns":8.0},{"damage":0.0,"enemies":"3 Darklings","floor":35.0,"turns":5.0},{"damage":0.0,"enemies":"Orb Walker","floor":36.0,"turns":3.0},{"damage":0.0,"enemies":"3 Darklings","floor":39.0,"turns":3.0},{"damage":0.0,"enemies":"Nemesis","floor":41.0,"turns":5.0},{"damage":0.0,"enemies":"2 Orb Walkers","floor":44.0,"turns":5.0},{"damage":0.0,"enemies":"Flame Bruiser 2 Orb","floor":45.0,"turns":3.0},{"damage":0.0,"enemies":"4 Shapes","floor":47.0,"turns":4.0},{"damage":2,"enemies":"Time Eater","floor":50,"turns":7}],"relics_obtained":[{"floor":2.0,"key":"Vajra"},{"floor":7.0,"key":"Dream Catcher"},{"floor":9.0,"key":"Smiling Mask"},{"floor":10.0,"key":"Thread and Needle"},{"floor":12.0,"key":"Red Skull"},{"floor":14.0,"key":"Mummified Hand"},{"floor":21.0,"key":"Red Mask"},{"floor":23.0,"key":"Oddly Smooth Stone"},{"floor":26.0,"key":"Orichalcum"},{"floor":28.0,"key":"Gambling Chip"},{"floor":30.0,"key":"Shuriken"},{"floor":31.0,"key":"Matryoshka"},{"floor":41.0,"key":"Bag of Preparation"},{"floor":43.0,"key":"Pen Nib"},{"floor":43.0,"key":"Bird Faced Urn"},{"floor":44.0,"key":"Omamori"}],"event_choices":[{"event_name":"Liars Game","player_choice":"agreed","floor":5.0,"damage_taken":0.0},{"event_name":"Living Wall","player_choice":"Forget","floor":13.0,"damage_taken":0.0},{"event_name":"Nest","player_choice":"Stole From Cult","floor":20.0,"damage_taken":0.0},{"event_name":"Masked Bandits","player_choice":"Fought over 171 gold","floor":21.0,"damage_taken":0.0},{"event_name":"MindBloom","player_choice":"Upgrade","floor":37.0,"damage_taken":0.0}],"boss_relics":[{"not_picked":["Snecko Eye","Runic Cube"],"picked":"Busted Crown"},{"not_picked":["Black Blood","Orrery"],"picked":"Cursed Key"}],"items_purged_floors":[],"potions_floor_spawned":[1,3,7,14,16,18,23,24,33,35,39,44,45,47],"seed_played":"-5060438857244037152","ascension_level":1,"potions_obtained":[{"floor":1.0,"key":"AttackPotion"},{"floor":3.0,"key":"Ancient Potion"},{"floor":7.0,"key":"EntropicBrew"},{"floor":14.0,"key":"LiquidBronze"},{"floor":16.0,"key":"PowerPotion"},{"floor":18.0,"key":"SteroidPotion"},{"floor":23.0,"key":"Explosive Potion"},{"floor":24.0,"key":"EssenceOfSteel"},{"floor":33.0,"key":"LiquidBronze"},{"floor":35.0,"key":"PowerPotion"},{"floor":39.0,"key":"Dexterity Potion"},{"floor":44.0,"key":"Fire Potion"},{"floor":45.0,"key":"AttackPotion"}],"is_trial":false}