{"gold_per_floor":[111,81,97,117,292,321,321,338,338,19,35,35,35,48,48,152,152,162,162,85,18,32,32,46,46,46,46,59,59,59],"floor_reached":30,"playtime":809,"items_purged":["Doubt"],"score":242,"play_id":"84cf4adc-d128-490b-98ea-04dd307f5def","local_time":"20180714203828","is_ascension_mode":true,"campfire_choices":[{"data":"Pommel Strike","floor":7,"key":"SMITH"},{"data":"Rampage","floor":12,"key":"SMITH"},{"data":"Bash","floor":15,"key":"SMITH"},{"floor":23,"key":"REST"},{"floor":25,"key":"REST"},{"floor":29,"key":"REST"}],"neow_cost":"NONE","seed_source_timestamp":39183671085669,"circlet_count":0,"master_deck":["Strike_R","Strike_R","Strike_R","Strike_R","Strike_R","Defend_R","Defend_R","Defend_R","Defend_R","Bash+1","Pommel Strike+1","Thunderclap+1","Rampage+1","Immolate","J.A.X.","Whirlwind","Rampage"],"relics":["Burning Blood","Bag of Marbles","Pen Nib","Red Skull","Kunai","Black Star","Enchiridion","Matryoshka"],"potions_floor_usage":[4,6,8,14,18,22],"damage_taken":[{"damage":1,"enemies":"Jaw Worm","floor":1,"turns":4},{"damage":1,"enemies":"Cultist","floor":3,"turns":3},{"damage":1,"enemies":"2 Louse","floor":4,"turns":2},{"damage":15,"enemies":"Gremlin Nob","floor":6,"turns":4},{"damage":7,"enemies":"Blue Slaver","floor":8,"turns":4},{"damage":0,"enemies":"Large Slime","floor":11,"turns":2},{"damage":15,"enemies":"Looter","floor":14,"turns":3},{"damage":13,"enemies":"Slime Boss","floor":16,"turns":10},{"damage":34,"enemies":"Shell Parasite","floor":18,"turns":4},{"damage":18,"enemies":"Spheric Guardian","floor":22,"turns":3},{"damage":26,"enemies":"Snake Plant","floor":24,"turns":3},{"damage":25,"enemies":"Snecko","floor":28,"turns":4},{"damage":60,"enemies":"Book of Stabbing","floor":30,"turns":4}],"seed_played":"-8851453342185077487","potions_obtained":[{"floor":1,"key":"LiquidBronze"},{"floor":2,"key":"Poison Potion"},{"floor":2,"key":"EssenceOfSteel"},{"floor":8,"key":"Regen Potion"},{"floor":16,"key":"Dexterity Potion"},{"floor":18,"key":"PowerPotion"}],"is_trial":false,"path_per_floor":["M","?","M","M","?","E","R","M","T","$","M","R","?","M","R","B",null,"M","?","?","$","M","R","M","R","T","$","M","R"],"character_chosen":"IRONCLAD","items_purchased":["Kunai","Whirlwind"],"campfire_rested":3,"item_purchase_floors":[10,21],"current_hp_per_floor":[80,80,80,80,80,71,71,70,70,70,76,76,76,72,72,65,80,52,36,36,36,24,48,28,52,52,52,33,57,0],"gold":59,"neow_bonus":"RANDOM_COMMON_RELIC","is_prod":false,"is_daily":false,"chose_seed":false,"campfire_upgraded":3,"win_rate":0,"timestamp":1531618708,"path_taken":["M","?","M","M","?","E","R","M","T","$","M","R","?","M","R","BOSS","M","?","?","$","M","R","M","R","T","$","M","R","E"],"build_version":"2018-07-13","purchased_purges":1,"victory":false,"max_hp_per_floor":[80,80,80,80,80,80,80,80,80,80,80,80,80,80,80,80,80,80,80,80,80,80,80,80,80,80,80,80,80,80],"card_choices":[{"not_picked":["Blood for Blood","Havoc","Entrench"],"picked":"SKIP","floor":1},{"not_picked":["Metallicize","Headbutt"],"picked":"Pommel Strike","floor":3},{"not_picked":["Heavy Blade","Warcry"],"picked":"Thunderclap","floor":4},{"not_picked":["Iron Wave","Anger","Hemokinesis"],"picked":"SKIP","floor":6},{"not_picked":["Havoc","Clash"],"picked":"Rampage","floor":8},{"not_picked":["Warcry","Twin Strike","Clash"],"picked":"SKIP","floor":11},{"not_picked":["Searing Blow","Armaments","Headbutt"],"picked":"SKIP","floor":14},{"not_picked":["Brutality","Limit Break"],"picked":"Immolate","floor":16},{"not_picked":["Clothesline","Pommel Strike+1","Headbutt"],"picked":"SKIP","floor":18},{"not_picked":["Warcry","Ghostly Armor","Inflame"],"picked":"SKIP","floor":22},{"not_picked":["Sword Boomerang+1","Infernal Blade","Havoc+1"],"picked":"SKIP","floor":24},{"not_picked":["Clothesline","Seeing Red"],"picked":"Rampage","floor":28}],"player_experience":346834,"relics_obtained":[{"floor":6,"key":"Pen Nib"},{"floor":9,"key":"Red Skull"},{"floor":19,"key":"Enchiridion"},{"floor":26,"key":"Matryoshka"}],"event_choices":[{"event_name":"The Woman in Blue","player_choice":"Bought 2 Potions","floor":2,"damage_taken":0},{"event_name":"Liars Game","player_choice":"agreed","floor":5,"damage_taken":0},{"event_name":"Living Wall","player_choice":"Grow","floor":13,"damage_taken":0},{"event_name":"Cursed Tome","player_choice":"Obtained Book","floor":19,"damage_taken":0},{"event_name":"Drug Dealer","player_choice":"Got JAXXED","floor":20,"damage_taken":0}],"boss_relics":[{"not_picked":["Busted Crown","Snecko Eye"],"picked":"Black Star"}],"items_purged_floors":[10],"is_endless":false,"potions_floor_spawned":[1,3,8,16,18],"killed_by":"Book of Stabbing","ascension_level":1}