{"gold_per_floor":[112,128,139,158,158,158,172,185,209,229,245,71,71,132,132,233,233,244,343,356,366,366],"floor_reached":22,"playtime":2009,"items_purged":["Strike_G"],"score":182,"play_id":"c3af4d39-e343-4e94-b7f9-6b79545599a6","local_time":"20190106151120","is_ascension_mode":false,"campfire_choices":[{"data":"Envenom","floor":6,"key":"SMITH"},{"floor":13,"key":"REST"},{"floor":15,"key":"REST"}],"neow_cost":"NONE","seed_source_timestamp":1395552786521261,"circlet_count":0,"master_deck":["Defend_G","Defend_G","Defend_G","Defend_G","Defend_G","Strike_G","Strike_G","Strike_G","Strike_G","Survivor","Neutralize","Cloak And Dagger+1","Outmaneuver","Blade Dance+1","Envenom+1","PiercingWail","Dodge and Roll","Well Laid Plans","Caltrops","Noxious Fumes","Blade Dance","Deadly Poison","Burst","Blade Dance","Noxious Fumes","Outmaneuver","Cloak And Dagger","Bullet Time","Calculated Gamble","Cloak And Dagger"],"relics":["Ring of the Snake","Bronze Scales","Du-Vu Doll","War Paint","Potion Belt","Orrery"],"potions_floor_usage":[4,10,11,18,20],"damage_taken":[{"damage":3,"enemies":"Jaw Worm","floor":1,"turns":4},{"damage":0,"enemies":"2 Louse","floor":2,"turns":2},{"damage":0,"enemies":"Small Slimes","floor":3,"turns":3},{"damage":0,"enemies":"Looter","floor":4,"turns":3},{"damage":3,"enemies":"Blue Slaver","floor":7,"turns":3},{"damage":9,"enemies":"Red Slaver","floor":8,"turns":4},{"damage":13,"enemies":"3 Louse","floor":10,"turns":2},{"damage":3,"enemies":"Exordium Wildlife","floor":11,"turns":4},{"damage":32,"enemies":"3 Sentries","floor":14,"turns":6},{"damage":8,"enemies":"Hexaghost","floor":16,"turns":7},{"damage":19,"enemies":"Spheric Guardian","floor":18,"turns":6},{"damage":1,"enemies":"3 Byrds","floor":20,"turns":3},{"damage":48,"enemies":"Cultist and Chosen","floor":21,"turns":8},{"damage":11,"enemies":"Snecko","floor":22,"turns":2}],"seed_played":"-8319643256012736607","potions_obtained":[{"floor":3,"key":"EssenceOfSteel"},{"floor":4,"key":"Weak Potion"},{"floor":8,"key":"Fire Potion"},{"floor":16,"key":"EssenceOfSteel"},{"floor":18,"key":"Energy Potion"}],"is_trial":false,"path_per_floor":["M","M","M","M","?","R","M","M","T","M","M","$","R","?","R","B",null,"M","?","M","M","M"],"character_chosen":"THE_SILENT","items_purchased":["Noxious Fumes","Blade Dance"],"campfire_rested":2,"item_purchase_floors":[12,12],"current_hp_per_floor":[67,67,67,67,60,60,57,48,48,35,32,32,53,21,42,34,70,51,51,50,2,0],"gold":366,"neow_bonus":"RANDOM_COMMON_RELIC","is_prod":false,"is_daily":false,"chose_seed":false,"campfire_upgraded":1,"win_rate":0.0,"timestamp":1546816280,"path_taken":["M","M","M","M","?","R","M","M","T","M","M","$","R","?","R","BOSS","M","?","M","M","M"],"build_version":"2019-01-03v4","purchased_purges":1,"victory":false,"max_hp_per_floor":[70,70,70,70,70,70,70,70,70,70,70,70,70,70,70,70,70,70,70,70,70,70],"card_choices":[{"not_picked":["Prepared","Dodge and Roll"],"picked":"Cloak And Dagger","floor":1},{"not_picked":["Quick Slash","Dagger Spray"],"picked":"Outmaneuver","floor":2},{"not_picked":["Backflip","Underhanded Strike"],"picked":"Blade Dance","floor":3},{"not_picked":["Deflect","Bane"],"picked":"Envenom","floor":4},{"not_picked":["Expertise","Blade Dance"],"picked":"PiercingWail","floor":7},{"not_picked":["Reflex","Prepared"],"picked":"Dodge and Roll","floor":8},{"not_picked":["Quick Slash","Doppelganger"],"picked":"Well Laid Plans","floor":10},{"not_picked":["Sucker Punch","Deflect"],"picked":"Caltrops","floor":11},{"not_picked":["Calculated Gamble","Prepared"],"picked":"Deadly Poison","floor":14},{"not_picked":["Tools of the Trade","Unload"],"picked":"Burst","floor":16},{"not_picked":["Sucker Punch","Poisoned Stab"],"picked":"Blade Dance","floor":17},{"not_picked":["Backflip","Slice"],"picked":"Noxious Fumes","floor":17},{"not_picked":["Dagger Spray","Slice"],"picked":"Outmaneuver","floor":17},{"not_picked":["Bane","Slice"],"picked":"Cloak And Dagger","floor":17},{"not_picked":["Flying Knee","Heel Hook"],"picked":"Bullet Time","floor":17},{"not_picked":["Deflect","Sucker Punch","Underhanded Strike+1"],"picked":"SKIP","floor":18},{"not_picked":["Prepared","Dagger Spray"],"picked":"Calculated Gamble","floor":20},{"not_picked":["Blur","Acrobatics"],"picked":"Cloak And Dagger","floor":21}],"player_experience":78907,"relics_obtained":[{"floor":9,"key":"War Paint"},{"floor":14,"key":"Potion Belt"}],"event_choices":[{"damage_healed":0,"gold_gain":0,"player_choice":"Success","damage_taken":7,"relics_obtained":["Du-Vu Doll"],"max_hp_gain":0,"max_hp_loss":0,"event_name":"Scrap Ooze","floor":5,"gold_loss":0},{"damage_healed":0,"gold_gain":0,"player_choice":"Searched \u00271\u0027 times","damage_taken":0,"max_hp_gain":0,"max_hp_loss":0,"event_name":"Dead Adventurer","floor":14,"gold_loss":0},{"damage_healed":0,"gold_gain":99,"player_choice":"Stole From Cult","damage_taken":0,"max_hp_gain":0,"max_hp_loss":0,"event_name":"Nest","floor":19,"gold_loss":0}],"is_beta":false,"boss_relics":[{"not_picked":["Lizard Tail","Eternal Feather"],"picked":"Orrery"}],"items_purged_floors":[12],"is_endless":false,"potions_floor_spawned":[3,4,8,16,18],"killed_by":"Snecko","ascension_level":0}