{"gold_per_floor":[109,109,109,126,126,126,142,142,142,242,257,277,291,8,8,113,113,129,129,140,40,58,58,73,73,96,127,158,184,196,123,135,147],"floor_reached":33,"playtime":1468,"items_purged":["Strike_G","Strike_G"],"score":241,"play_id":"5047f985-7cfe-4fd9-835f-e8a75fb824fd","local_time":"20190126153632","is_ascension_mode":false,"campfire_choices":[{"data":"Quick Slash","floor":6,"key":"SMITH"},{"data":"Poisoned Stab","floor":15,"key":"SMITH"},{"data":"Flying Knee","floor":23,"key":"SMITH"},{"data":"Flying Knee","floor":25,"key":"SMITH"},{"data":"Bane","floor":32,"key":"SMITH"}],"neow_cost":"NONE","seed_source_timestamp":1289590837849138,"circlet_count":0,"master_deck":["Defend_G","Defend_G+1","Defend_G","Defend_G","Defend_G","Strike_G","Strike_G+1","Survivor+1","Neutralize+1","Flying Knee+1","Quick Slash+1","Poisoned Stab+1","Flying Knee+1","Grand Finale","All Out Attack","Dash+1","Bane+1"],"relics":["Busted Crown","Centennial Puzzle","Mercury Hourglass","Bottled Lightning","Whetstone","White Beast Statue","MawBank","Vajra","Tough Bandages"],"potions_floor_usage":[13,16,22,22,24,27,27,27,27,27,28,29,33],"damage_taken":[{"damage":2,"enemies":"Jaw Worm","floor":1,"turns":4},{"damage":0,"enemies":"Small Slimes","floor":4,"turns":3},{"damage":0,"enemies":"Cultist","floor":7,"turns":3},{"damage":0,"enemies":"Blue Slaver","floor":11,"turns":3},{"damage":0,"enemies":"Looter","floor":12,"turns":3},{"damage":0,"enemies":"2 Fungi Beasts","floor":13,"turns":2},{"damage":17,"enemies":"Hexaghost","floor":16,"turns":9},{"damage":3,"enemies":"Chosen","floor":18,"turns":5},{"damage":0,"enemies":"Shell Parasite","floor":20,"turns":4},{"damage":21,"enemies":"Snake Plant","floor":22,"turns":4},{"damage":8,"enemies":"Chosen and Byrds","floor":24,"turns":5},{"damage":0,"enemies":"Cultist and Chosen","floor":27,"turns":3},{"damage":0,"enemies":"Snake Plant","floor":28,"turns":3},{"damage":0,"enemies":"Chosen and Byrds","floor":29,"turns":3},{"damage":43,"enemies":"Champ","floor":33,"turns":7}],"seed_played":"-3266226679457090552","potions_obtained":[{"floor":4,"key":"Fire Potion"},{"floor":11,"key":"EssenceOfSteel"},{"floor":16,"key":"Dexterity Potion"},{"floor":18,"key":"GamblersBrew"},{"floor":20,"key":"Regen Potion"},{"floor":22,"key":"GamblersBrew"},{"floor":24,"key":"EntropicBrew"},{"floor":27,"key":"SteroidPotion"},{"floor":28,"key":"SkillPotion"},{"floor":29,"key":"LiquidBronze"}],"is_trial":false,"path_per_floor":["M","?","?","M","?","R","M","?","T","?","M","M","M","$","R","B",null,"M","?","M","$","M","R","M","R","T","M","M","M","T","?","R","B"],"character_chosen":"THE_SILENT","items_purchased":["Whetstone","Flying Knee"],"campfire_rested":0,"item_purchase_floors":[14,14],"current_hp_per_floor":[68,65,65,65,58,58,58,44,44,44,44,44,44,44,44,27,70,67,51,51,51,42,42,34,34,34,34,34,34,34,34,34,0],"gold":147,"neow_bonus":"BOSS_RELIC","is_prod":false,"is_daily":false,"chose_seed":false,"campfire_upgraded":5,"win_rate":0.0,"timestamp":1548545792,"path_taken":["M","?","?","?","?","R","M","?","T","?","M","M","?","$","R","BOSS","M","?","M","?","M","R","M","R","T","M","M","M","?","?","R","BOSS"],"build_version":"2019-01-23","purchased_purges":2,"victory":false,"max_hp_per_floor":[70,70,70,70,70,70,70,70,70,70,70,70,70,70,70,70,70,70,70,70,70,70,70,70,70,70,70,70,70,70,70,70,70],"card_choices":[{"not_picked":[],"picked":"Flying Knee","floor":1},{"not_picked":[],"picked":"Quick Slash","floor":4},{"not_picked":[],"picked":"Poisoned Stab","floor":7},{"not_picked":["Outmaneuver"],"picked":"SKIP","floor":11},{"not_picked":["Catalyst"],"picked":"SKIP","floor":12},{"not_picked":["Dodge and Roll"],"picked":"SKIP","floor":13},{"not_picked":[],"picked":"Grand Finale","floor":16},{"not_picked":["Slice"],"picked":"SKIP","floor":18},{"not_picked":[],"picked":"All Out Attack","floor":20},{"not_picked":["Choke"],"picked":"SKIP","floor":22},{"not_picked":[],"picked":"Dash+1","floor":24},{"not_picked":["Acrobatics"],"picked":"SKIP","floor":27},{"not_picked":["Backstab"],"picked":"SKIP","floor":28},{"not_picked":[],"picked":"Bane","floor":29}],"player_experience":157363,"relics_obtained":[{"floor":3,"key":"Mercury Hourglass"},{"floor":9,"key":"Bottled Lightning"},{"floor":26,"key":"MawBank"},{"floor":30,"key":"Vajra"}],"event_choices":[{"damage_healed":0,"gold_gain":0,"player_choice":"Success","damage_taken":3,"relics_obtained":["Centennial Puzzle"],"max_hp_gain":0,"max_hp_loss":0,"event_name":"Scrap Ooze","floor":2,"gold_loss":0},{"damage_healed":0,"gold_gain":0,"player_choice":"Relic","damage_taken":0,"max_hp_gain":0,"max_hp_loss":0,"event_name":"Wheel of Change","floor":3,"gold_loss":0},{"cards_removed":["Strike_G"],"damage_healed":0,"gold_gain":0,"player_choice":"Card Removal","damage_taken":7,"max_hp_gain":0,"max_hp_loss":0,"event_name":"Golden Wing","floor":5,"gold_loss":0},{"damage_healed":0,"gold_gain":0,"player_choice":"Entered Light","damage_taken":14,"max_hp_gain":0,"max_hp_loss":0,"event_name":"Shining Light","floor":8,"gold_loss":0,"cards_upgraded":["Defend_G","Survivor"]},{"damage_healed":0,"gold_gain":100,"player_choice":"Pray","damage_taken":0,"max_hp_gain":0,"max_hp_loss":0,"event_name":"Golden Shrine","floor":10,"gold_loss":0},{"damage_healed":0,"gold_gain":0,"player_choice":"Obtained Book","damage_taken":16,"max_hp_gain":0,"max_hp_loss":0,"event_name":"Cursed Tome","floor":19,"gold_loss":0},{"damage_healed":0,"gold_gain":0,"player_choice":"Obtained Relic","damage_taken":0,"relics_obtained":["Tough Bandages"],"max_hp_gain":0,"max_hp_loss":0,"event_name":"Addict","floor":31,"gold_loss":85}],"is_beta":false,"boss_relics":[{"not_picked":["Coffee Dripper","Runic Dome"],"picked":"White Beast Statue"}],"items_purged_floors":[14,21],"is_endless":false,"potions_floor_spawned":[4,11,16,18,20,22,24,27,28,29],"killed_by":"Champ","ascension_level":0}