{"gold_per_floor":[116,133,133,145,164,164,179,192,238,264,281,298,328,47,47,144,144,163,108,184,194,214,225,324,324,324,324,324,356,370,389,389,493,493,506,524,70,89,102,102,137,137,184,184,184,199,217,269,269,269],"floor_reached":51,"playtime":11197,"items_purged":["Strike_R"],"score":1015,"play_id":"9f7439cc-702f-422b-a9c0-0e93394409b5","local_time":"20180721004941","is_ascension_mode":false,"campfire_choices":[{"data":"Fire Breathing","floor":6,"key":"SMITH"},{"floor":15,"key":"REST"},{"data":"Feed","floor":25,"key":"SMITH"},{"floor":27,"key":"REST"},{"floor":32,"key":"REST"},{"data":"Demon Form","floor":40,"key":"SMITH"},{"data":"Demon Form","floor":42,"key":"SMITH"},{"data":"Flame Barrier","floor":44,"key":"SMITH"},{"floor":49,"key":"REST"}],"neow_cost":"NONE","seed_source_timestamp":101577357590108,"circlet_count":0,"master_deck":["Strike_R","Strike_R","Strike_R+1","Defend_R+1","Defend_R+1","Defend_R","Defend_R","Bash","Demon Form+1","Blood for Blood+1","Fire Breathing+1","Iron Wave+1","Fire Breathing","Seeing Red","Demon Form+1","Iron Wave","Clothesline","Cleave","Offering","Clothesline","Fire Breathing","Feed+1","Intimidate+1","Spot Weakness+1","Uppercut+1","Impervious","Cleave","Flame Barrier+1","Juggernaut","Heavy Blade+1","Thunderclap","Armaments+1","Inflame+1","Clothesline"],"relics":["Burning Blood","Whetstone","Self Forming Clay","Bottled Flame","Orichalcum","Snecko Eye","Tiny Chest","Gremlin Horn","Mummified Hand","Nilry\u0027s Codex","War Paint","Busted Crown","Ginger","Blood Vial","Strawberry","Ice Cream","Regal Pillow"],"potions_floor_usage":[11,12,16,16,29,50,50,50],"damage_taken":[{"damage":9,"enemies":"Small Slimes","floor":1,"turns":6},{"damage":11,"enemies":"Jaw Worm","floor":2,"turns":2},{"damage":5,"enemies":"Cultist","floor":4,"turns":4},{"damage":8,"enemies":"3 Louse","floor":5,"turns":4},{"damage":23,"enemies":"Large Slime","floor":7,"turns":6},{"damage":5,"enemies":"Looter","floor":8,"turns":3},{"damage":26,"enemies":"Lagavulin","floor":10,"turns":6},{"damage":4,"enemies":"Exordium Wildlife","floor":11,"turns":5},{"damage":16,"enemies":"Lots of Slimes","floor":12,"turns":4},{"damage":9,"enemies":"3 Sentries","floor":13,"turns":4},{"damage":17,"enemies":"The Guardian","floor":16,"turns":7},{"damage":19,"enemies":"Spheric Guardian","floor":18,"turns":4},{"damage":6,"enemies":"3 Byrds","floor":21,"turns":5},{"damage":21,"enemies":"Cultist and Chosen","floor":22,"turns":5},{"damage":7,"enemies":"Snecko","floor":23,"turns":4},{"damage":10,"enemies":"Book of Stabbing","floor":29,"turns":5},{"damage":9,"enemies":"Snake Plant","floor":30,"turns":3},{"damage":27,"enemies":"Chosen and Byrds","floor":31,"turns":8},{"damage":42,"enemies":"Collector","floor":33,"turns":9},{"damage":5,"enemies":"Orb Walker","floor":35,"turns":2},{"damage":0,"enemies":"Flame Bruiser 1 Orb","floor":36,"turns":7},{"damage":12,"enemies":"3 Darklings","floor":38,"turns":5},{"damage":14,"enemies":"Sphere and 2 Shapes","floor":39,"turns":6},{"damage":8,"enemies":"Giant Head","floor":41,"turns":7},{"damage":0,"floor":45,"turns":5},{"damage":8,"enemies":"Spire Growth","floor":46,"turns":5},{"damage":34,"enemies":"4 Shapes","floor":47,"turns":4},{"damage":26,"enemies":"Awakened One","floor":50,"turns":7}],"seed_played":"-7875403345666621089","potions_obtained":[{"floor":1,"key":"LiquidBronze"},{"floor":8,"key":"Swift Potion"},{"floor":10,"key":"Swift Potion"},{"floor":12,"key":"Strength Potion"},{"floor":18,"key":"FearPotion"},{"floor":30,"key":"SkillPotion"},{"floor":31,"key":"EssenceOfSteel"},{"floor":36,"key":"LiquidBronze"},{"floor":46,"key":"Swift Potion"}],"is_trial":false,"path_per_floor":["M","M","?","M","M","R","M","M","T","E","M","M","E","$","R","B",null,"M","?","T","M","M","M","?","R","T","R","?","E","M","M","R","B",null,"M","M","$","M","M","R","E","R","T","R","?","M","M","T","R","B"],"character_chosen":"IRONCLAD","items_purchased":["Orichalcum","Clothesline","Fire Breathing","Ginger","Regen Potion"],"campfire_rested":4,"item_purchase_floors":[14,14,14,37,37],"current_hp_per_floor":[77,72,72,73,71,71,54,55,55,35,37,27,24,24,48,37,80,70,70,70,73,61,63,63,63,63,90,74,74,75,58,89,57,108,108,112,112,106,102,102,104,104,111,111,119,122,100,100,134,126],"gold":269,"neow_bonus":"TRANSFORM_CARD","is_prod":false,"is_daily":false,"chose_seed":false,"campfire_upgraded":5,"win_rate":0,"timestamp":1532099981,"path_taken":["M","M","?","M","M","R","M","M","T","E","M","M","E","?","R","BOSS","M","?","?","M","?","M","?","R","T","R","?","E","M","M","R","BOSS","M","M","$","M","M","R","E","R","T","R","?","M","M","?","R","BOSS"],"build_version":"2018-07-19v2","purchased_purges":1,"victory":true,"max_hp_per_floor":[80,80,80,80,80,80,80,80,80,80,80,80,80,80,80,80,80,83,83,83,86,89,92,92,92,92,92,92,96,100,104,104,108,108,108,112,112,112,116,116,120,120,127,127,127,130,134,134,134,134],"card_choices":[{"not_picked":["Warcry","Armaments"],"picked":"Blood for Blood","floor":1},{"not_picked":["Armaments","Headbutt"],"picked":"Fire Breathing","floor":2},{"not_picked":["Headbutt","Whirlwind"],"picked":"Iron Wave","floor":4},{"not_picked":["Body Slam","Infernal Blade"],"picked":"Fire Breathing","floor":5},{"not_picked":["Feel No Pain","Anger"],"picked":"Seeing Red","floor":7},{"not_picked":["Twin Strike","Perfected Strike"],"picked":"Demon Form","floor":8},{"not_picked":["Armaments","Sword Boomerang"],"picked":"Iron Wave","floor":10},{"not_picked":["Second Wind","Berserk"],"picked":"Clothesline","floor":11},{"not_picked":["Second Wind","Headbutt"],"picked":"Cleave","floor":12},{"not_picked":["Dual Wield","Bloodletting"],"picked":"Offering","floor":13},{"not_picked":["Dark Embrace","Impervious"],"picked":"Feed","floor":16},{"not_picked":["Body Slam+1","True Grit"],"picked":"Intimidate+1","floor":18},{"not_picked":["Pommel Strike","Iron Wave","Inflame"],"picked":"SKIP","floor":21},{"not_picked":["Clothesline","Power Through"],"picked":"Spot Weakness+1","floor":22},{"not_picked":["Armaments","Whirlwind"],"picked":"Uppercut+1","floor":23},{"not_picked":["Intimidate","Power Through"],"picked":"Impervious","floor":29},{"not_picked":["Flex","Armaments"],"picked":"Cleave","floor":30},{"not_picked":["Pummel+1","Disarm+1"],"picked":"Flame Barrier","floor":31},{"not_picked":["Berserk","Bludgeon"],"picked":"Juggernaut","floor":33},{"not_picked":["Body Slam+1"],"picked":"SKIP","floor":35},{"not_picked":[],"picked":"Heavy Blade+1","floor":36},{"not_picked":[],"picked":"Thunderclap","floor":38},{"not_picked":[],"picked":"Armaments+1","floor":39},{"not_picked":["Thunderclap+1"],"picked":"SKIP","floor":41},{"not_picked":[],"picked":"Inflame+1","floor":46},{"not_picked":[],"picked":"Clothesline","floor":47}],"player_experience":202795,"relics_obtained":[{"floor":9,"key":"Whetstone"},{"floor":10,"key":"Self Forming Clay"},{"floor":13,"key":"Bottled Flame"},{"floor":20,"key":"Gremlin Horn"},{"floor":26,"key":"Mummified Hand"},{"floor":28,"key":"Nilry\u0027s Codex"},{"floor":29,"key":"War Paint"},{"floor":41,"key":"Blood Vial"},{"floor":43,"key":"Strawberry"},{"floor":45,"key":"Ice Cream"},{"floor":48,"key":"Regal Pillow"}],"event_choices":[{"event_name":"Living Wall","player_choice":"Grow","floor":3,"damage_taken":0},{"event_name":"Addict","player_choice":"Obtained Relic","floor":19,"damage_taken":0},{"event_name":"Nest","player_choice":"Stole From Cult","floor":24,"damage_taken":0},{"event_name":"Cursed Tome","player_choice":"Obtained Book","floor":28,"damage_taken":0},{"event_name":"MindBloom","player_choice":"Fight","floor":45,"damage_taken":0}],"is_beta":false,"boss_relics":[{"not_picked":["Tiny House","Astrolabe"],"picked":"Snecko Eye"},{"not_picked":["Fusion Hammer","Calling Bell"],"picked":"Busted Crown"}],"items_purged_floors":[37],"is_endless":false,"potions_floor_spawned":[1,8,10,12,18,30,31,36,46,47],"ascension_level":0}