{"gold_per_floor":[110,125,139,158,123,149,149,174,174,174,193,3,29,84,84,183,183,196,156,167,23,34,34,67,15,87,87,97,112,125,137,137,137],"floor_reached":33,"playtime":1271,"items_purged":["Body Slam"],"score":415,"play_id":"cdbaec19-2dd8-4770-a487-1fb83e114bf3","local_time":"20181010004530","is_ascension_mode":true,"campfire_choices":[{"data":"Armaments","floor":7,"key":"SMITH"},{"data":"Carnage","floor":10,"key":"SMITH"},{"floor":15,"key":"REST"},{"floor":27,"key":"REST"},{"floor":32,"key":"REST"}],"neow_cost":"NONE","seed_source_timestamp":756360227098,"circlet_count":0,"master_deck":["Bash","Fiend Fire","Armaments+1","Twin Strike","Carnage+1","Cleave","Thunderclap","Ghostly Armor","Metallicize","Sentinel","Iron Wave","Double Tap","Heavy Blade","Anger","Cleave","Flex","Battle Trance","Twin Strike","Anger","Body Slam","Whirlwind+1","Spot Weakness","Demon Form","Reckless Charge","Thunderclap","True Grit"],"relics":["Burning Blood","Letter Opener","Pear","Darkstone Periapt","Blood Vial","Pandora\u0027s Box","Kunai","Sundial"],"potions_floor_usage":[6,8,11,16,20,20,22,28],"damage_taken":[{"damage":2,"enemies":"Small Slimes","floor":1,"turns":4},{"damage":7,"enemies":"Jaw Worm","floor":2,"turns":2},{"damage":0,"enemies":"Cultist","floor":3,"turns":2},{"damage":34,"enemies":"Gremlin Gang","floor":4,"turns":7},{"damage":25,"enemies":"Lagavulin","floor":6,"turns":5},{"damage":17,"enemies":"3 Sentries","floor":8,"turns":6},{"damage":0,"enemies":"Large Slime","floor":11,"turns":4},{"damage":23,"enemies":"Gremlin Nob","floor":13,"turns":4},{"damage":54,"enemies":"Slime Boss","floor":16,"turns":11},{"damage":2,"enemies":"Chosen","floor":18,"turns":3},{"damage":11,"enemies":"2 Thieves","floor":20,"turns":3},{"damage":43,"enemies":"Sentry and Sphere","floor":22,"turns":5},{"damage":22,"enemies":"Gremlin Leader","floor":24,"turns":7},{"damage":0,"enemies":"3 Cultists","floor":28,"turns":1},{"damage":19,"enemies":"Cultist and Chosen","floor":29,"turns":4},{"damage":50,"enemies":"Snecko","floor":30,"turns":5},{"damage":15,"enemies":"3 Cultists","floor":31,"turns":3},{"damage":40,"enemies":"Automaton","floor":33,"turns":4}],"seed_played":"-1075372069765627321","potions_obtained":[{"floor":2,"key":"Weak Potion"},{"floor":6,"key":"SteroidPotion"},{"floor":8,"key":"Fruit Juice"},{"floor":13,"key":"GamblersBrew"},{"floor":19,"key":"FearPotion"},{"floor":19,"key":"AttackPotion"},{"floor":19,"key":"SpeedPotion"},{"floor":20,"key":"LiquidBronze"},{"floor":29,"key":"Ancient Potion"}],"is_trial":false,"path_per_floor":["M","M","M","M","?","E","R","E","T","R","M","$","E","?","R","B",null,"M","?","M","$","M","$","E","$","T","R","M","M","M","M","R"],"character_chosen":"IRONCLAD","items_purchased":["Ghostly Armor","Metallicize","Sentinel","Demon Form","AttackPotion"],"campfire_rested":3,"item_purchase_floors":[12,12,12,21,25],"current_hp_per_floor":[76,75,80,52,72,53,53,52,52,52,63,63,46,46,74,28,78,84,84,81,81,46,46,32,32,32,60,68,57,15,8,36,0],"gold":137,"neow_bonus":"ONE_RANDOM_RARE_CARD","is_prod":false,"is_daily":false,"chose_seed":false,"campfire_upgraded":2,"win_rate":0,"timestamp":1539150330,"path_taken":["M","M","M","M","?","E","R","E","T","R","M","$","E","?","R","BOSS","M","?","M","?","?","$","E","$","T","R","?","?","M","M","R","BOSS"],"build_version":"2018-10-04v2","purchased_purges":1,"victory":false,"max_hp_per_floor":[80,80,80,80,80,80,80,90,90,90,95,95,95,95,95,95,95,95,95,95,95,95,95,95,95,95,95,95,95,95,95,95,95],"card_choices":[{"not_picked":["Warcry","Twin Strike"],"picked":"Armaments","floor":1},{"not_picked":["Body Slam","Bloodletting","Warcry"],"picked":"SKIP","floor":2},{"not_picked":["Rage","True Grit"],"picked":"Twin Strike","floor":3},{"not_picked":["Sword Boomerang","Warcry"],"picked":"Carnage","floor":4},{"not_picked":["Bludgeon","Armaments"],"picked":"Cleave","floor":6},{"not_picked":["Exhume","Anger","Evolve"],"picked":"SKIP","floor":8},{"not_picked":["Havoc","Hemokinesis"],"picked":"Thunderclap","floor":11},{"not_picked":["Combust","Evolve"],"picked":"Iron Wave","floor":13},{"not_picked":["Bludgeon","Barricade"],"picked":"Double Tap","floor":16},{"not_picked":["Iron Wave","Clothesline"],"picked":"Whirlwind+1","floor":18},{"not_picked":["Sentinel","Twin Strike"],"picked":"Spot Weakness","floor":20},{"not_picked":["Fire Breathing+1","Sentinel"],"picked":"Reckless Charge","floor":22},{"not_picked":["Bloodletting+1","Spot Weakness"],"picked":"Thunderclap","floor":24},{"not_picked":["Body Slam","Flex","Headbutt"],"picked":"SKIP","floor":28},{"not_picked":["Bloodletting+1","Heavy Blade","Shockwave"],"picked":"SKIP","floor":29},{"not_picked":["Spot Weakness","Blood for Blood"],"picked":"True Grit","floor":30},{"not_picked":["Sword Boomerang","Heavy Blade","True Grit"],"picked":"SKIP","floor":31}],"player_experience":728042,"relics_obtained":[{"floor":6,"key":"Letter Opener"},{"floor":8,"key":"Pear"},{"floor":9,"key":"Darkstone Periapt"},{"floor":13,"key":"Blood Vial"},{"floor":24,"key":"Kunai"},{"floor":26,"key":"Sundial"}],"event_choices":[{"event_name":"The Cleric","player_choice":"Healed","floor":5,"damage_taken":0},{"event_name":"Golden Wing","player_choice":"Gained Gold","floor":14,"damage_taken":0},{"event_name":"The Woman in Blue","player_choice":"Bought 3 Potions","floor":19,"damage_taken":0}],"is_beta":false,"boss_relics":[{"not_picked":["Busted Crown","Orrery"],"picked":"Pandora\u0027s Box"}],"items_purged_floors":[21],"is_endless":false,"potions_floor_spawned":[2,6,8,13,20,29],"killed_by":"Automaton","ascension_level":7}