{"path_per_floor":["M","M","?","M","M","E","R","$","T","M","M","?"],"character_chosen":"DEFECT","items_purchased":["Mind Blast"],"gold_per_floor":[112,129,129,142,158,192,192,26,52,64,77,77,47],"floor_reached":13,"campfire_rested":1,"playtime":941,"item_purchase_floors":[8],"current_hp_per_floor":[82,76,60,59,48,26,50,50,50,25,15,15,0],"items_purged":["Strike_B"],"gold":47,"score":87,"play_id":"fd907ce3-dba9-4440-9206-ddfefb2ea6c1","local_time":"20180603191259","is_prod":false,"is_daily":false,"chose_seed":false,"is_ascension_mode":false,"campfire_upgraded":0,"win_rate":0,"timestamp":1528067579,"campfire_choices":[{"floor":7,"key":"REST"}],"path_taken":["M","M","?","M","M","E","R","$","T","M","M","?","?"],"build_version":"2018-05-31","seed_source_timestamp":262742994331911,"purchased_purges":1,"victory":false,"master_deck":["Strike_B","Strike_B","Defend_B+1","Defend_B","Defend_B+1","Defend_B","Zap","Dualcast","Darkness","Force Field","Coolheaded","Storm","Heatsinks","Mind Blast","Ball Lightning","Defragment","Doom and Gloom"],"max_hp_per_floor":[82,82,82,82,82,82,82,82,82,82,82,82,82],"relics":["Cracked Core","Bag of Preparation","Omamori"],"card_choices":[{"not_picked":["Steam Power","Fusion"],"picked":"Darkness","floor":1},{"not_picked":["Redo","Turbo"],"picked":"Force Field","floor":2},{"not_picked":["Redo","Force Field"],"picked":"Coolheaded","floor":4},{"not_picked":["Coolheaded","Compile Driver"],"picked":"Storm","floor":5},{"not_picked":["Amplify","Conserve Battery"],"picked":"Heatsinks","floor":6},{"not_picked":["Consume","Compile Driver"],"picked":"Ball Lightning","floor":10},{"not_picked":["Chill","Loop"],"picked":"Defragment","floor":11}],"player_experience":300071,"potions_floor_usage":[11],"damage_taken":[{"damage":0,"enemies":"Small Slimes","floor":1,"turns":3},{"damage":6,"enemies":"Jaw Worm","floor":2,"turns":4},{"damage":1,"enemies":"2 Louse","floor":4,"turns":3},{"damage":11,"enemies":"2 Fungi Beasts","floor":5,"turns":3},{"damage":22,"enemies":"3 Sentries","floor":6,"turns":9},{"damage":25,"enemies":"Exordium Thugs","floor":10,"turns":6},{"damage":10,"enemies":"Lots of Slimes","floor":11,"turns":4},{"damage":16,"enemies":"Looter","floor":13,"turns":2}],"relics_obtained":[{"floor":6,"key":"Bag of Preparation"},{"floor":9,"key":"Omamori"}],"event_choices":[{"event_name":"Shining Light","player_choice":"Entered Light","floor":3,"damage_taken":0},{"event_name":"Living Wall","player_choice":"Change","floor":12,"damage_taken":0}],"boss_relics":[],"items_purged_floors":[8],"potions_floor_spawned":[1,2,6,11],"seed_played":"5972030997530429873","killed_by":"Looter","ascension_level":0,"potions_obtained":[{"floor":1,"key":"SpeedPotion"},{"floor":2,"key":"Swift Potion"},{"floor":6,"key":"Strength Potion"},{"floor":11,"key":"SkillPotion"}],"is_trial":false}