{"gold_per_floor":[116,136,154,154,169,201,201,218,241,254,15,33,33,51,51,176,214,229,200,250,268,268,268,268],"floor_reached":24,"playtime":1565,"items_purged":[],"score":315,"play_id":"2a64fddf-2740-4cd5-88be-dcaa2f0d4e6d","local_time":"20180707211258","is_ascension_mode":true,"campfire_choices":[{"floor":7.0,"key":"REST"},{"data":"After Image","floor":15,"key":"SMITH"},{"floor":23,"key":"REST"}],"neow_cost":"NONE","seed_source_timestamp":0,"circlet_count":0,"master_deck":["Defend_G","Defend_G","Defend_G","Defend_G","Defend_G","Strike_G","Strike_G","Strike_G","Strike_G","Survivor","Neutralize","Cloak And Dagger","Backstab","Predator","Accuracy","Dodge and Roll+1","After Image+1","All Out Attack","Trip","Cloak And Dagger","Injury","Cloak And Dagger","After Image","Dagger Spray","Sucker Punch","Blur+1","PiercingWail"],"special_seed":0,"relics":["Ring of the Snake","Blue Candle","Snake Skull","Blood Vial","Golden Idol","Tiny House","Enchiridion"],"potions_floor_usage":[16,16,16,18,21,24],"damage_taken":[{"damage":0.0,"enemies":"Cultist","floor":1.0,"turns":4.0},{"damage":0.0,"enemies":"Small Slimes","floor":2.0,"turns":2.0},{"damage":4.0,"enemies":"Jaw Worm","floor":3.0,"turns":2.0},{"damage":4.0,"enemies":"Large Slime","floor":5.0,"turns":6.0},{"damage":28.0,"enemies":"Lagavulin","floor":6.0,"turns":9.0},{"damage":0.0,"enemies":"Blue Slaver","floor":8.0,"turns":4.0},{"damage":6.0,"enemies":"Lots of Slimes","floor":10.0,"turns":5.0},{"damage":0,"enemies":"Looter","floor":12,"turns":2},{"damage":0,"enemies":"Blue Slaver","floor":14,"turns":4},{"damage":1,"enemies":"The Guardian","floor":16,"turns":9},{"damage":0,"enemies":"Chosen","floor":18,"turns":8},{"damage":21,"enemies":"2 Thieves","floor":19,"turns":5},{"damage":36,"enemies":"Snake Plant","floor":21,"turns":6},{"damage":32,"enemies":"Book of Stabbing","floor":24,"turns":9}],"seed_played":"-7057700000862784672","potions_obtained":[{"floor":1.0,"key":"Dexterity Potion"},{"floor":6.0,"key":"Poison Potion"},{"floor":10.0,"key":"Fire Potion"},{"floor":12,"key":"PowerPotion"},{"floor":16,"key":"Strength Potion"},{"floor":17,"key":"Strength Potion"},{"floor":19,"key":"EssenceOfSteel"}],"is_trial":false,"path_per_floor":["M","M","M","?","M","E","R","M","T","M","$","M","?","M","R","B",null,"M","M","?","M","?","R"],"character_chosen":"THE_SILENT","items_purchased":["Trip","Blood Vial"],"campfire_rested":2,"item_purchase_floors":[11,11],"current_hp_per_floor":[70,70,66,66,62,34,55,55,55,49,49,51,51,53,53,54,71,73,54,54,20,4,26,0],"gold":268,"neow_bonus":"THREE_CARDS","is_prod":false,"is_daily":false,"chose_seed":false,"campfire_upgraded":1,"win_rate":0,"timestamp":1531012378,"path_taken":["M","M","M","?","M","E","R","M","T","M","$","M","?","M","R","BOSS","M","?","?","?","?","R","E"],"build_version":"2018-07-05","purchased_purges":0,"victory":false,"max_hp_per_floor":[70,70,70,70,70,70,70,70,70,70,70,70,70,70,70,70,75,75,75,75,75,75,75,75],"card_choices":[{"not_picked":["Prepared","Dodge and Roll"],"picked":"Cloak And Dagger","floor":0.0},{"not_picked":["Masterful Stab","Backflip"],"picked":"Backstab","floor":1.0},{"not_picked":["Dodge and Roll","Reflex"],"picked":"Predator","floor":2.0},{"not_picked":["Slice","Flechettes"],"picked":"Accuracy","floor":3.0},{"not_picked":["Bane","Deflect"],"picked":"Dodge and Roll","floor":5.0},{"not_picked":["Backflip","Underhanded Strike"],"picked":"After Image","floor":6.0},{"not_picked":["Deflect","Masterful Stab","Setup"],"picked":"SKIP","floor":8.0},{"not_picked":["Dagger Throw","Bane"],"picked":"All Out Attack","floor":10.0},{"not_picked":["Glass Knife","Well Laid Plans"],"picked":"Cloak And Dagger","floor":12},{"not_picked":["Predator","Outmaneuver"],"picked":"Cloak And Dagger","floor":14},{"not_picked":["A Thousand Cuts","Tools of the Trade"],"picked":"After Image","floor":16},{"not_picked":["Catalyst","Outmaneuver"],"picked":"Dagger Spray","floor":17},{"not_picked":["Dagger Spray+1","Bane"],"picked":"Sucker Punch","floor":18},{"not_picked":["PiercingWail","Dodge and Roll+1"],"picked":"Blur+1","floor":19},{"not_picked":["Quick Slash","Finisher+1"],"picked":"PiercingWail","floor":21}],"player_experience":991485,"relics_obtained":[{"floor":6.0,"key":"Blue Candle"},{"floor":9.0,"key":"Snake Skull"},{"floor":22,"key":"Enchiridion"}],"event_choices":[{"event_name":"Living Wall","player_choice":"Forget","floor":4.0,"damage_taken":0.0},{"event_name":"Golden Idol","player_choice":"Take Wound","floor":13,"damage_taken":0},{"event_name":"The Joust","player_choice":"Bet on Murderer","floor":20,"damage_taken":0},{"event_name":"Cursed Tome","player_choice":"Obtained Book","floor":22,"damage_taken":0}],"boss_relics":[{"not_picked":["Black Star","Velvet Choker"],"picked":"Tiny House"}],"items_purged_floors":[],"is_endless":false,"potions_floor_spawned":[1,6,10,12,16,19],"killed_by":"Book of Stabbing","ascension_level":5}