{"gold_per_floor":[109,109,59,77,2,2,30,40,40,54,54,65,78,97,97,202,202,216,226,237,237,237,237,249,174,174,194,213,213],"floor_reached":29,"playtime":1729,"items_purged":["Strike_G"],"score":370,"play_id":"6c7a1257-c252-4469-9197-5baf6435fc93","local_time":"20181028153657","is_ascension_mode":true,"campfire_choices":[{"data":"Infinite Blades","floor":6.0,"key":"SMITH"},{"data":"Neutralize","floor":11.0,"key":"SMITH"},{"floor":15,"key":"REST"},{"floor":23,"key":"REST"}],"neow_cost":"NONE","seed_source_timestamp":1597524640594322,"circlet_count":0,"master_deck":["Defend_G","Defend_G","Defend_G","Defend_G","Defend_G","Strike_G","Strike_G","Survivor","Neutralize+1","AscendersBane","Infinite Blades+1","Underhanded Strike","Dodge and Roll","Well Laid Plans","All Out Attack+1","Envenom","Dagger Spray+1","Backstab+1","Burst","Dagger Spray+1","Blade Dance","Leg Sweep","PiercingWail+1","Regret","Noxious Fumes","Backflip"],"special_seed":0,"relics":["Cursed Key","Mercury Hourglass","Molten Egg 2","Sozu","Pear","Vajra"],"potions_floor_usage":[13,16,24,29],"damage_taken":[{"damage":1.0,"enemies":"Small Slimes","floor":1.0,"turns":4.0},{"damage":0.0,"enemies":"Cultist","floor":4.0,"turns":5.0},{"damage":11.0,"enemies":"Lagavulin","floor":7.0,"turns":9.0},{"damage":0.0,"enemies":"Jaw Worm","floor":8.0,"turns":4.0},{"damage":7.0,"enemies":"Blue Slaver","floor":10.0,"turns":4.0},{"damage":8,"enemies":"Exordium Thugs","floor":12,"turns":4},{"damage":0,"enemies":"Large Slime","floor":13,"turns":5},{"damage":0,"enemies":"3 Louse","floor":14,"turns":2},{"damage":10,"enemies":"The Guardian","floor":16,"turns":13},{"damage":6,"enemies":"Shell Parasite","floor":18,"turns":5},{"damage":13,"enemies":"Spheric Guardian","floor":19,"turns":4},{"damage":25,"enemies":"Centurion and Healer","floor":20,"turns":7},{"damage":19,"enemies":"Chosen and Byrds","floor":24,"turns":5},{"damage":3,"enemies":"Snecko","floor":27,"turns":5},{"damage":27,"enemies":"Snake Plant","floor":28,"turns":5},{"damage":5,"enemies":"Gremlin Leader","floor":29,"turns":4}],"seed_played":"-6857208697067284543","potions_obtained":[{"floor":1.0,"key":"Ancient Potion"},{"floor":8.0,"key":"Block Potion"},{"floor":13,"key":"Block Potion"},{"floor":16,"key":"EssenceOfSteel"}],"is_trial":false,"path_per_floor":["M","?","?","M","$","R","E","M","T","M","R","M","M","M","R","B",null,"M","M","M","?","?","R","M","?","T","M","M"],"character_chosen":"THE_SILENT","items_purchased":[],"campfire_rested":2,"item_purchase_floors":[],"current_hp_per_floor":[62,62,62,62,62,62,51,51,51,44,44,36,36,36,57,47,64,58,45,20,20,30,54,35,35,35,32,5,0],"gold":213,"neow_bonus":"BOSS_RELIC","is_prod":false,"is_daily":false,"chose_seed":false,"campfire_upgraded":2,"win_rate":0,"timestamp":1540755417,"path_taken":["M","?","?","M","$","R","E","M","T","M","R","M","M","M","R","BOSS","M","M","M","?","?","R","M","?","T","M","M","E"],"build_version":"2018-10-25v2","purchased_purges":1,"victory":false,"max_hp_per_floor":[70,70,70,70,70,70,70,70,70,70,70,70,70,70,70,70,70,70,70,70,70,80,80,80,80,80,80,80,80],"card_choices":[{"not_picked":["Dodge and Roll","Dagger Spray"],"picked":"Infinite Blades","floor":1.0},{"not_picked":["Calculated Gamble","Crippling Poison"],"picked":"Underhanded Strike","floor":4.0},{"not_picked":["Doppelganger","Underhanded Strike"],"picked":"Dodge and Roll","floor":7.0},{"not_picked":["Escape Plan","Dagger Throw"],"picked":"Well Laid Plans","floor":8.0},{"not_picked":["Catalyst","Dagger Throw+1"],"picked":"All Out Attack+1","floor":10.0},{"not_picked":["Backflip","Well Laid Plans"],"picked":"Envenom","floor":12},{"not_picked":["Expertise","Slice+1"],"picked":"Dagger Spray+1","floor":13},{"not_picked":["Tactician","Catalyst"],"picked":"Backstab+1","floor":14},{"not_picked":["Doppelganger","Venomology"],"picked":"Burst","floor":16},{"not_picked":["Tactician","Dagger Throw+1"],"picked":"Dagger Spray+1","floor":18},{"not_picked":["Tactician","Masterful Stab+1"],"picked":"Blade Dance","floor":19},{"not_picked":["Eviscerate+1","Poisoned Stab+1"],"picked":"Leg Sweep","floor":20},{"not_picked":["Flying Knee+1","Calculated Gamble"],"picked":"PiercingWail+1","floor":24},{"not_picked":["Blade Dance","Leg Sweep"],"picked":"Noxious Fumes","floor":27},{"not_picked":["Dagger Spray+1","Deadly Poison"],"picked":"Backflip","floor":28}],"player_experience":1601891,"relics_obtained":[{"floor":7.0,"key":"Mercury Hourglass"},{"floor":9.0,"key":"Molten Egg 2"},{"floor":26,"key":"Vajra"}],"event_choices":[{"cards_removed":["Strike_G"],"damage_healed":0.0,"max_hp_gain":0.0,"max_hp_loss":0.0,"gold_gain":0.0,"event_name":"Bonfire Elementals","player_choice":"Offered Basic","floor":2.0,"gold_loss":0.0,"damage_taken":0.0},{"cards_removed":["Strike_G"],"damage_healed":0.0,"max_hp_gain":0.0,"max_hp_loss":0.0,"gold_gain":0.0,"event_name":"The Cleric","player_choice":"Card Removal","floor":3.0,"gold_loss":50.0,"damage_taken":0.0},{"damage_healed":0,"gold_gain":0,"player_choice":"Ignored","damage_taken":0,"max_hp_gain":0,"max_hp_loss":0,"event_name":"N\u0027loth","floor":21,"gold_loss":0},{"damage_healed":0,"gold_gain":0,"player_choice":"Opened","damage_taken":0,"relics_obtained":["Pear"],"max_hp_gain":0,"max_hp_loss":0,"event_name":"The Mausoleum","floor":22,"gold_loss":0},{"cards_removed":["Regret"],"damage_healed":0,"gold_gain":0,"player_choice":"Gave Gold","damage_taken":0,"max_hp_gain":0,"max_hp_loss":0,"event_name":"Beggar","floor":25,"gold_loss":75}],"is_beta":false,"boss_relics":[{"not_picked":["Snecko Eye","Fusion Hammer"],"picked":"Sozu"}],"items_purged_floors":[5],"is_endless":false,"potions_floor_spawned":[1,8,13,16,19,20],"killed_by":"Gremlin Leader","ascension_level":12}