{"path_per_floor":["M","M","?","M","M","E","$","M","T","R","M","?","R","M","R","B",null,"M","$","M","M","M","R","M","E","T","?","R"],"character_chosen":"IRONCLAD","items_purchased":["Apotheosis","Dramatic Entrance","Flex"],"gold_per_floor":[115,135,135,153,170,201,15,31,56,56,68,243,243,254,254,353,353,372,180,197,215,230,230,241,270,300,300,300,300],"floor_reached":29,"campfire_rested":4,"playtime":1709,"item_purchase_floors":[],"current_hp_per_floor":[70,70,75,68,63,53,53,21,21,44,40,40,63,68,68,34,77,39,39,26,25,16,41,33,19,19,19,47,0],"items_purged":["Corruption"],"gold":300,"score":274,"play_id":"e91db170-f021-4e1d-8022-6789ae50bc33","local_time":"20180531175656","is_prod":false,"is_daily":false,"chose_seed":false,"is_ascension_mode":false,"campfire_upgraded":1,"win_rate":0,"timestamp":1527803816,"campfire_choices":[{"floor":10.0,"key":"REST"},{"floor":13.0,"key":"REST"},{"data":"Apotheosis","floor":15.0,"key":"SMITH"},{"floor":23.0,"key":"REST"},{"floor":28,"key":"REST"}],"path_taken":["M","M","?","M","M","E","$","M","T","R","M","?","R","M","R","BOSS","M","$","M","M","M","R","M","E","T","?","R","M"],"build_version":"2018-05-24","seed_source_timestamp":0,"purchased_purges":1,"victory":false,"master_deck":["Bash","Heavy Blade","Infernal Blade","Rampage","Sword Boomerang","Inflame","Apotheosis+1","Anger","Flex","Doubt","Cleave","Feed","Anger","Clothesline","Power Through","Rupture","Carnage","Pommel Strike","Dramatic Entrance","Flex","Thunderclap","Limit Break","Clash"],"max_hp_per_floor":[72,72,77,77,77,77,77,77,77,77,77,77,77,77,77,77,77,80,80,84,84,84,84,88,95,95,95,95,95],"relics":["Burning Blood","Blue Candle","Art of War","Pandora\u0027s Box","Strawberry","Tiny Chest","Bronze Scales"],"card_choices":[{"not_picked":["Headbutt","Evolve"],"picked":"Heavy Blade","floor":1.0},{"not_picked":["Rage","Iron Wave"],"picked":"Infernal Blade","floor":2.0},{"not_picked":["Anger","Shrug It Off"],"picked":"Rampage","floor":4.0},{"not_picked":["Clothesline","True Grit"],"picked":"Sword Boomerang","floor":5.0},{"not_picked":["Havoc","Cleave"],"picked":"Inflame","floor":6.0},{"not_picked":["Havoc","Sword Boomerang"],"picked":"Anger","floor":8.0},{"not_picked":["Sever Soul","Armaments"],"picked":"Flex","floor":11.0},{"not_picked":["Combust","Searing Blow"],"picked":"Cleave","floor":14.0},{"not_picked":["Berserk","Offering"],"picked":"Feed","floor":16.0},{"not_picked":["Clothesline+1","Havoc+1","Searing Blow"],"picked":"SKIP","floor":18.0},{"not_picked":["Armaments","True Grit+1"],"picked":"Thunderclap","floor":20.0},{"not_picked":["Havoc+1","Warcry"],"picked":"Limit Break","floor":21.0},{"not_picked":["Iron Wave","Sword Boomerang","Headbutt"],"picked":"SKIP","floor":22.0},{"not_picked":["Perfected Strike","Sword Boomerang","Thunderclap+1"],"picked":"SKIP","floor":24},{"not_picked":["Perfected Strike","Flame Barrier"],"picked":"Clash","floor":25}],"player_experience":218311,"potions_floor_usage":[25,29],"damage_taken":[{"damage":8.0,"enemies":"Small Slimes","floor":1.0,"turns":3.0},{"damage":6.0,"enemies":"Cultist","floor":2.0,"turns":3.0},{"damage":13.0,"enemies":"Jaw Worm","floor":4.0,"turns":3.0},{"damage":11.0,"enemies":"3 Louse","floor":5.0,"turns":2.0},{"damage":16.0,"enemies":"Gremlin Nob","floor":6.0,"turns":3.0},{"damage":38.0,"enemies":"Exordium Wildlife","floor":8.0,"turns":4.0},{"damage":10.0,"enemies":"Looter","floor":11.0,"turns":2.0},{"damage":1.0,"enemies":"Large Slime","floor":14.0,"turns":3.0},{"damage":40.0,"enemies":"The Guardian","floor":16.0,"turns":6.0},{"damage":47.0,"enemies":"2 Thieves","floor":18.0,"turns":4.0},{"damage":31.0,"enemies":"3 Byrds","floor":20.0,"turns":4.0},{"damage":7.0,"enemies":"Snecko","floor":21.0,"turns":3.0},{"damage":15.0,"enemies":"Snake Plant","floor":22.0,"turns":3.0},{"damage":18,"enemies":"Centurion and Healer","floor":24,"turns":4},{"damage":27,"enemies":"Book of Stabbing","floor":25,"turns":4},{"damage":50,"enemies":"Slaver and Parasite","floor":29,"turns":4}],"relics_obtained":[{"floor":6.0,"key":"Blue Candle"},{"floor":9.0,"key":"Art of War"},{"floor":25,"key":"Strawberry"},{"floor":26,"key":"Tiny Chest"}],"event_choices":[{"event_name":"Big Fish","player_choice":"Donut","floor":3.0,"damage_taken":0.0},{"event_name":"Liars Game","player_choice":"agreed","floor":12.0,"damage_taken":0.0},{"event_name":"The Mausoleum","player_choice":"Yes","floor":27,"damage_taken":0}],"boss_relics":[],"items_purged_floors":[],"potions_floor_spawned":[4,5,11,16,20,21],"seed_played":"-3854634531429227630","killed_by":"Slaver and Parasite","ascension_level":0,"potions_obtained":[{"floor":4.0,"key":"Explosive Potion"},{"floor":5.0,"key":"EssenceOfSteel"},{"floor":11.0,"key":"Ancient Potion"},{"floor":16.0,"key":"BloodPotion"},{"floor":20.0,"key":"SkillPotion"},{"floor":21.0,"key":"Energy Potion"}],"is_trial":false}