{"gold_per_floor":[113,124,124,144,9,28,28,46,115,142,142,5,5,21,21,92,92,105,105,118,138,50,50,61,61,61,61,81,81,93,104,104,104],"floor_reached":33,"playtime":1234,"items_purged":[],"score":477,"play_id":"80e1bc2a-bb4a-4332-ad39-25bfaa4ef085","local_time":"20181231232753","is_ascension_mode":true,"campfire_choices":[{"data":"Storm","floor":7,"key":"SMITH"},{"floor":11,"key":"REST"},{"floor":13,"key":"REST"},{"floor":15,"key":"REST"},{"floor":23,"key":"REST"},{"floor":25,"key":"RECALL"},{"floor":32,"key":"REST"}],"neow_cost":"NONE","seed_source_timestamp":1021663502391195,"circlet_count":0,"master_deck":["AscendersBane","Strike_B","Strike_B","Strike_B","Strike_B","Defend_B","Defend_B","Defend_B","Defend_B","Zap+1","Dualcast","Leap","Storm+1","Coolheaded","Heatsinks","Hologram","Storm","Loop","Echo Form","Defragment","Conserve Battery","Sweeping Beam","Fission","White Noise","Coolheaded","Self Repair","Heatsinks","Reinforced Body","Recycle+1","Force Field","Storm"],"relics":["Cracked Core","NeowsBlessing","Letter Opener","Gambling Chip","Sozu","FossilizedHelix"],"potions_floor_usage":[10,16,24],"damage_taken":[{"damage":0,"enemies":"Small Slimes","floor":1,"turns":1},{"damage":0,"enemies":"Cultist","floor":2,"turns":1},{"damage":0,"enemies":"2 Louse","floor":4,"turns":1},{"damage":14,"enemies":"2 Fungi Beasts","floor":6,"turns":4},{"damage":14,"enemies":"Large Slime","floor":8,"turns":4},{"damage":30,"enemies":"Gremlin Nob","floor":10,"turns":4},{"damage":13,"enemies":"Lots of Slimes","floor":14,"turns":3},{"damage":1,"enemies":"The Guardian","floor":16,"turns":8},{"damage":23,"enemies":"Shell Parasite","floor":18,"turns":5},{"damage":19,"enemies":"3 Byrds","floor":20,"turns":3},{"damage":1,"enemies":"Cultist and Chosen","floor":21,"turns":3},{"damage":12,"enemies":"Shelled Parasite and Fungi","floor":24,"turns":3},{"damage":9,"enemies":"Centurion and Healer","floor":28,"turns":4},{"damage":22,"enemies":"Chosen and Byrds","floor":30,"turns":5},{"damage":28,"enemies":"Shelled Parasite and Fungi","floor":31,"turns":4},{"damage":54,"enemies":"Automaton","floor":33,"turns":6}],"seed_played":"-1677442377421995935","potions_obtained":[{"floor":4,"key":"Energy Potion"},{"floor":8,"key":"AttackPotion"},{"floor":14,"key":"SpeedPotion"},{"floor":16,"key":"SteroidPotion"}],"is_trial":false,"path_per_floor":["M","M","?","M","$","M","R","M","T","E","R","$","R","M","R","B",null,"M","?","M","M","$","R","M","R","T","?","M","?","M","M","R","B"],"character_chosen":"DEFECT","items_purchased":["Heatsinks","Hologram","Defragment","Conserve Battery","Heatsinks"],"campfire_rested":5,"item_purchase_floors":[5,5,12,12,22],"current_hp_per_floor":[64,64,64,64,64,50,50,36,36,6,27,27,48,35,56,55,67,44,44,25,24,24,45,33,33,33,47,52,52,37,16,37,0],"gold":104,"neow_bonus":"THREE_ENEMY_KILL","is_prod":false,"is_daily":false,"chose_seed":false,"campfire_upgraded":1,"win_rate":0,"timestamp":1546316873,"path_taken":["M","M","?","M","$","M","R","M","T","E","R","$","R","M","R","BOSS","M","?","?","M","?","R","M","R","T","?","M","?","M","M","R","BOSS"],"build_version":"2018-12-20","purchased_purges":0,"victory":false,"max_hp_per_floor":[71,71,71,71,71,71,71,71,71,71,71,71,71,71,71,71,71,71,71,71,71,71,71,71,71,71,71,71,71,71,71,71,71],"card_choices":[{"not_picked":["Lockon","Steam"],"picked":"Leap","floor":1},{"not_picked":["Hologram","Beam Cell"],"picked":"Storm","floor":2},{"not_picked":["BootSequence","Doom and Gloom"],"picked":"Coolheaded","floor":4},{"not_picked":["Darkness","Force Field"],"picked":"Storm","floor":6},{"not_picked":["Coolheaded","Redo"],"picked":"Loop","floor":8},{"not_picked":["Conserve Battery","Reprogram"],"picked":"Echo Form","floor":10},{"not_picked":["Go for the Eyes","Chaos"],"picked":"Sweeping Beam","floor":14},{"not_picked":["Multi-Cast","All For One"],"picked":"Fission","floor":16},{"not_picked":["Turbo","Redo"],"picked":"White Noise","floor":18},{"not_picked":["Double Energy","Leap"],"picked":"Coolheaded","floor":20},{"not_picked":["Gash","Leap"],"picked":"Self Repair","floor":21},{"not_picked":["Streamline","Sweeping Beam"],"picked":"Reinforced Body","floor":24},{"not_picked":["Doom and Gloom","Go for the Eyes+1"],"picked":"Recycle+1","floor":28},{"not_picked":["Gash","Sweeping Beam"],"picked":"Force Field","floor":30},{"not_picked":["Beam Cell","Cold Snap"],"picked":"Storm","floor":31}],"player_experience":1976803,"relics_obtained":[{"floor":9,"key":"Letter Opener"},{"floor":10,"key":"Gambling Chip"},{"floor":26,"key":"FossilizedHelix"}],"event_choices":[{"damage_healed":0,"gold_gain":0,"player_choice":"Forge","damage_taken":0,"max_hp_gain":0,"max_hp_loss":0,"event_name":"Accursed Blacksmith","floor":3,"gold_loss":0,"cards_upgraded":["Zap"]},{"damage_healed":0,"gold_gain":0,"player_choice":"0 cards matched","damage_taken":0,"max_hp_gain":0,"max_hp_loss":0,"event_name":"Match and Keep!","floor":19,"gold_loss":0,"cards_obtained":[]},{"damage_healed":14,"gold_gain":0,"player_choice":"Heal","damage_taken":0,"max_hp_gain":0,"max_hp_loss":0,"event_name":"The Library","floor":27,"gold_loss":0},{"damage_healed":0,"gold_gain":0,"player_choice":"Ignored","damage_taken":0,"max_hp_gain":0,"max_hp_loss":0,"event_name":"Cursed Tome","floor":29,"gold_loss":0}],"is_beta":false,"boss_relics":[{"not_picked":["Nuclear Battery","Runic Dome"],"picked":"Sozu"}],"items_purged_floors":[],"is_endless":false,"potions_floor_spawned":[4,8,14,16,18,24],"killed_by":"Automaton","ascension_level":18}