{"gold_per_floor":[110,9,9,9,29,29,43,43,43,64,80,80,95,120,120,120],"floor_reached":16,"playtime":754,"items_purged":[],"score":122,"play_id":"96fd8850-0b7c-46b9-8727-2d59ff603182","local_time":"20180720181313","is_ascension_mode":true,"campfire_choices":[{"data":"Infinite Blades","floor":6,"key":"SMITH"},{"floor":12,"key":"REST"},{"floor":15,"key":"REST"}],"neow_cost":"NONE","seed_source_timestamp":588469903499192,"circlet_count":0,"master_deck":["Defend_G","Defend_G","Defend_G","Defend_G","Defend_G","Strike_G","Strike_G","Strike_G","Strike_G","Strike_G","Survivor","Neutralize","Well Laid Plans","Infinite Blades+1","Deadly Poison","Dodge and Roll","Noxious Fumes","Sucker Punch","Poisoned Stab","Cloak And Dagger","Deadly Poison"],"relics":["Snecko Eye","Golden Idol","Darkstone Periapt"],"potions_floor_usage":[13,14,16],"damage_taken":[{"damage":3,"enemies":"Jaw Worm","floor":1,"turns":4},{"damage":0,"enemies":"Small Slimes","floor":5,"turns":4},{"damage":7,"enemies":"2 Louse","floor":7,"turns":3},{"damage":13,"enemies":"Blue Slaver","floor":10,"turns":4},{"damage":10,"enemies":"Exordium Wildlife","floor":11,"turns":4},{"damage":26,"enemies":"Exordium Thugs","floor":13,"turns":4},{"damage":5,"enemies":"3 Louse","floor":14,"turns":4},{"damage":35,"enemies":"Slime Boss","floor":16,"turns":7}],"seed_played":"-7222055479810362895","potions_obtained":[{"floor":1,"key":"FearPotion"},{"floor":7,"key":"LiquidBronze"},{"floor":10,"key":"Swift Potion"}],"is_trial":false,"path_per_floor":["M","$","?","?","M","R","M","$","T","M","M","R","M","M","R"],"character_chosen":"THE_SILENT","items_purchased":["Infinite Blades","Deadly Poison"],"campfire_rested":2,"item_purchase_floors":[2,2],"current_hp_per_floor":[60,60,43,43,43,43,36,36,36,23,13,34,8,3,24,0],"gold":120,"neow_bonus":"BOSS_RELIC","is_prod":false,"is_daily":false,"chose_seed":false,"campfire_upgraded":1,"win_rate":0,"timestamp":1532124793,"path_taken":["M","$","?","?","?","R","M","$","T","M","M","R","M","M","R","BOSS"],"build_version":"2018-07-19v2","purchased_purges":0,"victory":false,"max_hp_per_floor":[70,70,70,70,70,70,70,70,70,70,70,70,70,70,70,70],"card_choices":[{"not_picked":["Reflex","Quick Slash"],"picked":"Well Laid Plans","floor":1},{"not_picked":["Slice","Acrobatics"],"picked":"Dodge and Roll","floor":5},{"not_picked":["Deadly Poison","Envenom"],"picked":"Noxious Fumes","floor":7},{"not_picked":["Prepared","Heel Hook"],"picked":"Sucker Punch","floor":10},{"not_picked":["Concentrate","Dagger Throw"],"picked":"Poisoned Stab","floor":11},{"not_picked":["Outmaneuver","Concentrate"],"picked":"Cloak And Dagger","floor":13},{"not_picked":["Backflip","Eviscerate"],"picked":"Deadly Poison","floor":14}],"player_experience":1204853,"relics_obtained":[{"floor":9,"key":"Darkstone Periapt"}],"event_choices":[{"event_name":"Golden Idol","player_choice":"Take Damage","floor":3,"damage_taken":0},{"event_name":"The Cleric","player_choice":"Leave","floor":4,"damage_taken":0}],"is_beta":false,"boss_relics":[],"items_purged_floors":[],"is_endless":false,"potions_floor_spawned":[1,7,10,11],"killed_by":"Slime Boss","ascension_level":6}