{"gold_per_floor":[159,170,187,38,38,38,73,73,99,116,127,127,27,27,27,122,122,140,63,79,79,79,79,79,99,99,99],"floor_reached":27,"playtime":1210,"items_purged":["Strike_G","Strike_G"],"score":341,"play_id":"5c1aeee8-0532-4782-822f-748c8cb954bc","local_time":"20180913172219","is_ascension_mode":true,"campfire_choices":[{"data":"Neutralize","floor":6,"key":"SMITH"},{"data":"Caltrops","floor":8,"key":"SMITH"},{"floor":15,"key":"REST"},{"floor":23,"key":"REST"}],"neow_cost":"NONE","seed_source_timestamp":135738787949791,"circlet_count":0,"master_deck":["Defend_G","Defend_G","Defend_G","Defend_G","Defend_G","Strike_G+1","Strike_G","Survivor","Neutralize+1","AscendersBane","Cloak And Dagger","Caltrops+1","Deadly Poison","Deadly Poison","Footwork","Backflip","Blur","Envenom","Envenom","Backflip","Dodge and Roll","Deadly Poison"],"relics":["Tiny House","Bag of Marbles","Oddly Smooth Stone","Mercury Hourglass","Eternal Feather","MutagenicStrength","Kunai"],"potions_floor_usage":[7,16,24],"damage_taken":[{"damage":0,"enemies":"Cultist","floor":1,"turns":5},{"damage":0,"enemies":"Jaw Worm","floor":2,"turns":4},{"damage":4,"enemies":"Small Slimes","floor":3,"turns":4},{"damage":17,"enemies":"Lagavulin","floor":7,"turns":6},{"damage":3,"enemies":"Exordium Thugs","floor":10,"turns":4},{"damage":0,"enemies":"Blue Slaver","floor":11,"turns":4},{"damage":7,"enemies":"The Guardian","floor":16,"turns":10},{"damage":37,"enemies":"2 Thieves","floor":18,"turns":4},{"damage":31,"enemies":"Shell Parasite","floor":20,"turns":8},{"damage":0,"enemies":"Snake Plant","floor":24,"turns":1},{"damage":23,"enemies":"Centurion and Healer","floor":25,"turns":11},{"damage":23,"enemies":"Sentry and Sphere","floor":27,"turns":5}],"seed_played":"5435321003098074789","potions_obtained":[{"floor":0,"key":"FairyPotion"},{"floor":3,"key":"LiquidBronze"},{"floor":7,"key":"GhostInAJar"},{"floor":20,"key":"SmokeBomb"}],"is_trial":false,"path_per_floor":["M","M","M","$","?","R","E","R","T","M","M","?","$","T","R","B",null,"M","$","M","?","?","R","M","M","T"],"character_chosen":"THE_SILENT","items_purchased":["Footwork","Backflip","Dodge and Roll"],"campfire_rested":2,"item_purchase_floors":[4,19,19],"current_hp_per_floor":[68,68,64,64,64,64,47,47,47,44,44,44,44,44,66,59,71,34,34,3,3,3,37,37,14,14,0],"gold":99,"neow_bonus":"BOSS_RELIC","is_prod":false,"is_daily":false,"chose_seed":false,"campfire_upgraded":2,"win_rate":0,"timestamp":1536873739,"path_taken":["M","?","M","$","?","R","E","R","T","M","M","?","$","?","R","BOSS","M","$","M","?","?","R","M","?","T","M"],"build_version":"2018-09-06","purchased_purges":2,"victory":false,"max_hp_per_floor":[75,75,75,75,75,75,75,75,75,75,75,75,75,75,75,75,75,75,75,75,75,75,75,75,75,75,75],"card_choices":[{"not_picked":["Predator","Leg Sweep"],"picked":"Cloak And Dagger","floor":0},{"not_picked":["Poisoned Stab","Acrobatics"],"picked":"Caltrops","floor":1},{"not_picked":["Predator","Catalyst"],"picked":"Deadly Poison","floor":2},{"not_picked":["Deflect","Tactician"],"picked":"Deadly Poison","floor":3},{"not_picked":["Quick Slash","Dodge and Roll"],"picked":"Backflip","floor":7},{"not_picked":["Backflip","Deadly Poison"],"picked":"Blur","floor":10},{"not_picked":["Deadly Poison","PiercingWail"],"picked":"Envenom","floor":11},{"not_picked":["Night Terror","Storm of Steel"],"picked":"Envenom","floor":16},{"not_picked":["Deflect","Heel Hook","Finisher"],"picked":"SKIP","floor":18},{"not_picked":["Dagger Throw","Slice","Acrobatics"],"picked":"SKIP","floor":20},{"not_picked":["Backflip","Reflex"],"picked":"Deadly Poison","floor":25}],"player_experience":1528141,"relics_obtained":[{"floor":7,"key":"Bag of Marbles"},{"floor":9,"key":"Oddly Smooth Stone"},{"floor":14,"key":"Mercury Hourglass"},{"floor":26,"key":"Kunai"}],"event_choices":[{"event_name":"Liars Game","player_choice":"disagreed","floor":5,"damage_taken":0},{"event_name":"Living Wall","player_choice":"Forget","floor":12,"damage_taken":0},{"event_name":"Drug Dealer","player_choice":"Inject Mutagens","floor":21,"damage_taken":0},{"event_name":"Ghosts","player_choice":"Ignored","floor":22,"damage_taken":0}],"is_beta":false,"boss_relics":[{"not_picked":["Black Star","Lizard Tail"],"picked":"Eternal Feather"}],"items_purged_floors":[4,13],"is_endless":false,"potions_floor_spawned":[3,7,11,20],"killed_by":"Sentry and Sphere","ascension_level":12}