{"gold_per_floor":[111,125,141,154,169,169,186,65,65,83,100,112,112,132,132,237,237,253,265,365,376,408,408,408,408,455,160,160,175,201,214,214,214],"floor_reached":33,"playtime":1911,"items_purged":["Strike_R","Strike_R"],"score":294,"play_id":"97baae20-4976-4256-ac0a-e5d66187b12d","local_time":"20180628174007","is_ascension_mode":true,"campfire_choices":[{"floor":6,"key":"REST"},{"floor":15,"key":"REST"},{"floor":23,"key":"REST"},{"floor":25,"key":"REST"},{"data":"Whirlwind","floor":28,"key":"SMITH"},{"floor":32,"key":"REST"}],"neow_cost":"NONE","seed_source_timestamp":337163187149974,"circlet_count":0,"master_deck":["Strike_R","Strike_R","Strike_R","Defend_R","Defend_R","Defend_R","Defend_R","Bash","Whirlwind+1","Evolve","Warcry","Flame Barrier","Blood for Blood","Shrug It Off","Warcry","Dual Wield","Immolate","Headbutt","Reaper","Whirlwind+1","Cleave+1","Flex"],"relics":["Burning Blood","Blood Vial","Frozen Egg 2","Runic Dome","Red Mask","Ancient Tea Set","Bronze Scales","Orichalcum"],"potions_floor_usage":[7,33,33],"damage_taken":[{"damage":8,"enemies":"2 Louse","floor":1,"turns":3},{"damage":13,"enemies":"Jaw Worm","floor":2,"turns":4},{"damage":6,"enemies":"Cultist","floor":3,"turns":3},{"damage":4,"enemies":"Large Slime","floor":4,"turns":6},{"damage":39,"enemies":"Gremlin Gang","floor":5,"turns":5},{"damage":29,"enemies":"Exordium Thugs","floor":7,"turns":6},{"damage":6,"enemies":"Large Slime","floor":10,"turns":5},{"damage":12,"enemies":"Exordium Wildlife","floor":11,"turns":4},{"damage":16,"enemies":"Looter","floor":12,"turns":4},{"damage":0,"enemies":"Gremlin Gang","floor":14,"turns":1},{"damage":46,"enemies":"Slime Boss","floor":16,"turns":10},{"damage":36,"enemies":"Chosen","floor":18,"turns":6},{"damage":0,"enemies":"3 Byrds","floor":19,"turns":3},{"damage":46,"enemies":"Centurion and Healer","floor":21,"turns":10},{"damage":36,"floor":22,"turns":4},{"damage":30,"enemies":"Slaver and Parasite","floor":29,"turns":3},{"damage":9,"enemies":"Cultist and Chosen","floor":31,"turns":5},{"damage":81,"enemies":"Collector","floor":33,"turns":7}],"seed_played":"701623420184562526","potions_obtained":[{"floor":3,"key":"AttackPotion"},{"floor":10,"key":"GamblersBrew"},{"floor":11,"key":"Swift Potion"},{"floor":12,"key":"FearPotion"},{"floor":31,"key":"Explosive Potion"}],"is_trial":false,"path_per_floor":["M","M","M","M","M","R","M","$","T","M","M","M","?","M","R","B",null,"M","M","?","M","?","R","?","R","T","$","R","M","T","M","R"],"character_chosen":"IRONCLAD","items_purchased":["Shrug It Off","Bronze Scales","Flex"],"campfire_rested":5,"item_purchase_floors":[8,27,27],"current_hp_per_floor":[78,73,75,79,47,71,50,50,50,52,48,40,40,48,72,34,80,53,67,67,37,9,33,33,57,57,57,57,35,35,37,61,0],"gold":214,"neow_bonus":"RANDOM_COMMON_RELIC","is_prod":false,"is_daily":false,"chose_seed":false,"campfire_upgraded":1,"win_rate":0,"timestamp":1530222007,"path_taken":["M","M","M","M","M","R","M","$","T","M","M","M","?","M","R","BOSS","M","M","?","M","?","R","?","R","T","$","R","?","?","M","R","BOSS"],"build_version":"2018-06-21v2","purchased_purges":2,"victory":false,"max_hp_per_floor":[80,80,80,80,80,80,80,80,80,80,80,80,80,80,80,80,80,80,80,80,80,80,80,80,80,80,80,80,80,80,80,80,80],"card_choices":[{"not_picked":["Wild Strike","Havoc"],"picked":"Whirlwind","floor":1},{"not_picked":["True Grit","Body Slam","Perfected Strike"],"picked":"SKIP","floor":2},{"not_picked":["Entrench","Headbutt"],"picked":"Evolve","floor":3},{"not_picked":["Feel No Pain","Headbutt"],"picked":"Warcry","floor":4},{"not_picked":["Hemokinesis","Shrug It Off"],"picked":"Flame Barrier","floor":5},{"not_picked":["Searing Blow","Second Wind"],"picked":"Blood for Blood","floor":7},{"not_picked":["Ghostly Armor","Feel No Pain+1"],"picked":"Warcry","floor":10},{"not_picked":["Armaments","Clash"],"picked":"Dual Wield","floor":11},{"not_picked":["Burning Pact","Rampage"],"picked":"Immolate","floor":12},{"not_picked":["Armaments","Corruption+1"],"picked":"Headbutt","floor":14},{"not_picked":["Juggernaut+1","Impervious"],"picked":"Reaper","floor":16},{"not_picked":["Iron Wave+1","Armaments+1"],"picked":"Whirlwind","floor":18},{"not_picked":["Wild Strike","True Grit","Offering"],"picked":"SKIP","floor":19},{"not_picked":["Whirlwind","Second Wind+1","Perfected Strike"],"picked":"SKIP","floor":21},{"not_picked":["Heavy Blade","Twin Strike"],"picked":"Cleave+1","floor":22},{"not_picked":["Cleave","Brutality+1","True Grit"],"picked":"SKIP","floor":29},{"not_picked":["Iron Wave","Dual Wield","Sword Boomerang"],"picked":"SKIP","floor":31}],"player_experience":828122,"relics_obtained":[{"floor":9,"key":"Frozen Egg 2"},{"floor":22,"key":"Red Mask"},{"floor":26,"key":"Ancient Tea Set"},{"floor":30,"key":"Orichalcum"}],"event_choices":[{"event_name":"Liars Game","player_choice":"disagreed","floor":13,"damage_taken":0},{"event_name":"Golden Shrine","player_choice":"Pray","floor":20,"damage_taken":0},{"event_name":"Masked Bandits","player_choice":"Fought over 376 gold","floor":22,"damage_taken":0},{"event_name":"Upgrade Shrine","player_choice":"Upgraded","floor":24,"damage_taken":0}],"boss_relics":[{"not_picked":["Black Blood","Snecko Eye"],"picked":"Runic Dome"}],"items_purged_floors":[8,27],"is_endless":false,"potions_floor_spawned":[3,10,11,12,21,22,31],"killed_by":"Collector","ascension_level":4}