{"path_per_floor":["M","M","?","?","$","R","?","M","T","$","E","R","?","M","R","B",null,"M","?","M","?","M","R","E","M","T","R","M","?","M","M","R","B",null,"M","?","?","$","?","E","R","E","T","$","T","?","$","E","R"],"character_chosen":"IRONCLAD","items_purchased":["Bag of Marbles","Inflame","Clash","Whirlwind","Shuriken","Lantern","Blood Vial"],"gold_per_floor":[217,235,235,235,4,4,82,94,94,1,29,29,129,139,139,241,241,258,258,272,372,390,390,419,432,432,432,445,445,463,481,481,581,581,601,601,601,140,140,170,170,195,218,73,73,73,73,102,102,102],"floor_reached":50,"campfire_rested":5,"playtime":1668,"item_purchase_floors":[5,10,10,38,38,38,44],"current_hp_per_floor":[80,80,80,80,80,80,80,80,80,80,87,87,87,90,90,64,90,81,63,57,57,45,73,44,27,27,70,69,69,50,43,87,14,98,77,64,64,64,64,37,82,16,16,16,16,88,88,12,53,0],"items_purged":["Defend_R"],"gold":102,"score":594,"play_id":"36b50561-70e4-43c3-920a-0a463d93d9f4","local_time":"20180521175830","is_prod":false,"is_daily":false,"chose_seed":false,"is_ascension_mode":false,"campfire_upgraded":3,"timestamp":1526943510,"campfire_choices":[{"data":"Bash","floor":6,"key":"SMITH"},{"data":"Whirlwind","floor":12,"key":"SMITH"},{"data":"Flex","floor":15,"key":"SMITH"},{"floor":23,"key":"REST"},{"floor":27,"key":"REST"},{"floor":32,"key":"REST"},{"floor":41,"key":"REST"},{"floor":49,"key":"REST"}],"path_taken":["M","M","?","?","$","R","?","?","T","?","E","R","?","M","R","BOSS","M","?","M","?","M","R","E","M","T","R","M","?","?","M","R","BOSS","M","?","?","$","?","E","R","E","T","?","?","?","$","E","R","BOSS"],"build_version":"2018-05-18","seed_source_timestamp":30093653674433,"purchased_purges":1,"victory":false,"master_deck":["Strike_R","Strike_R","Strike_R","Strike_R","Strike_R","Defend_R","Defend_R","Defend_R","Bash+1","Clash","Pommel Strike","Whirlwind+1","Inflame+1","Clash","Clash","Flex+1","Feed","Carnage+1","Inflame+1","Limit Break","Madness","Madness","Whirlwind","Clash+1"],"max_hp_per_floor":[80,80,80,80,80,80,80,80,80,80,90,90,90,90,90,90,90,90,95,95,95,95,95,95,95,95,95,98,98,98,98,98,98,98,101,101,101,101,101,101,101,101,101,101,101,88,88,88,88,88],"relics":["Burning Blood","Bag of Marbles","Pantograph","Pear","Black Star","Ancient Tea Set","Regal Pillow","Frozen Egg 2","Lizard Tail","Shuriken","Lantern","Boot","Bronze Scales","Turnip","Bird Faced Urn","Happy Flower","Blood Vial","Bottled Lightning","Meat on the Bone","Molten Egg 2"],"card_choices":[{"not_picked":["Shockwave","Warcry"],"picked":"Clash","floor":1},{"not_picked":["Shrug It Off","Feel No Pain"],"picked":"Pommel Strike","floor":2},{"not_picked":["Rupture","Shrug It Off"],"picked":"Whirlwind","floor":8},{"not_picked":["Fire Breathing","Armaments"],"picked":"Clash","floor":11},{"not_picked":["Clothesline","Iron Wave"],"picked":"Flex","floor":14},{"not_picked":["Berserk","Barricade"],"picked":"Feed","floor":16},{"not_picked":["Perfected Strike","Clothesline+1"],"picked":"Carnage+1","floor":18},{"not_picked":["Carnage","Reckless Charge"],"picked":"Flex","floor":20},{"not_picked":["Reckless Charge","Pommel Strike+1","Shrug It Off+1"],"picked":"SKIP","floor":22},{"not_picked":["Armaments","True Grit+1","Bloodletting"],"picked":"SKIP","floor":24},{"not_picked":["Reckless Charge","Clothesline+1","Entrench"],"picked":"SKIP","floor":25},{"not_picked":["Limit Break","Perfected Strike"],"picked":"Inflame+1","floor":28},{"not_picked":["Iron Wave","Feel No Pain+1","Power Through"],"picked":"SKIP","floor":30},{"not_picked":["Battle Trance","Twin Strike","Cleave"],"picked":"SKIP","floor":31},{"not_picked":["Dark Embrace+1","Reaper"],"picked":"Limit Break","floor":33},{"not_picked":["Armaments","Ghostly Armor+1","Iron Wave+1"],"picked":"SKIP","floor":35},{"not_picked":["Heavy Blade","Cleave","Pommel Strike+1"],"picked":"SKIP","floor":40},{"not_picked":["Iron Wave+1","Perfected Strike+1","Warcry"],"picked":"SKIP","floor":42},{"not_picked":["Shrug It Off","Blood for Blood+1"],"picked":"Clash","floor":48}],"player_experience":100304,"potions_floor_usage":[11,16,18,25,40,42,50,50],"damage_taken":[{"damage":0,"enemies":"2 Louse","floor":1,"turns":3},{"damage":2,"enemies":"Small Slimes","floor":2,"turns":3},{"damage":1,"enemies":"Jaw Worm","floor":8,"turns":3},{"damage":9,"enemies":"3 Sentries","floor":11,"turns":6},{"damage":0,"enemies":"3 Louse","floor":14,"turns":1},{"damage":46,"enemies":"The Guardian","floor":16,"turns":7},{"damage":20,"enemies":"2 Thieves","floor":18,"turns":3},{"damage":12,"enemies":"Shell Parasite","floor":20,"turns":3},{"damage":18,"enemies":"Snake Plant","floor":22,"turns":3},{"damage":35,"enemies":"Gremlin Leader","floor":24,"turns":6},{"damage":23,"enemies":"Centurion and Healer","floor":25,"turns":3},{"damage":10,"enemies":"Sentry and Sphere","floor":28,"turns":3},{"damage":25,"enemies":"Snecko","floor":30,"turns":4},{"damage":13,"enemies":"Centurion and Healer","floor":31,"turns":3},{"damage":90,"enemies":"Champ","floor":33,"turns":9},{"damage":30,"enemies":"Orb Walker","floor":35,"turns":3},{"damage":33,"enemies":"2 Orb Walkers","floor":40,"turns":3},{"damage":86,"enemies":"Giant Head","floor":42,"turns":7},{"damage":84,"enemies":"Nemesis","floor":48,"turns":6},{"damage":135,"enemies":"Time Eater","floor":50,"turns":8}],"relics_obtained":[{"floor":9,"key":"Pantograph"},{"floor":11,"key":"Pear"},{"floor":24,"key":"Ancient Tea Set"},{"floor":24,"key":"Regal Pillow"},{"floor":26,"key":"Frozen Egg 2"},{"floor":40,"key":"Boot"},{"floor":40,"key":"Bronze Scales"},{"floor":42,"key":"Turnip"},{"floor":42,"key":"Bird Faced Urn"},{"floor":43,"key":"Happy Flower"},{"floor":45,"key":"Bottled Lightning"},{"floor":48,"key":"Meat on the Bone"},{"floor":48,"key":"Molten Egg 2"}],"event_choices":[{"event_name":"Golden Idol","player_choice":"Ignored","floor":3,"damage_taken":0},{"event_name":"Liars Game","player_choice":"disagreed","floor":4,"damage_taken":0},{"event_name":"Golden Wing","player_choice":"Gained Gold","floor":7,"damage_taken":0},{"event_name":"Golden Shrine","player_choice":"Pray","floor":13,"damage_taken":0},{"event_name":"Forgotten Altar","player_choice":"Shed Blood","floor":19,"damage_taken":0},{"event_name":"Golden Shrine","player_choice":"Pray","floor":21,"damage_taken":0},{"event_name":"Upgrade Shrine","player_choice":"Upgraded","floor":29,"damage_taken":0},{"event_name":"Winding Halls","player_choice":"Embrace Madness","floor":36,"damage_taken":0},{"event_name":"Mysterious Sphere","player_choice":"Ignore","floor":39,"damage_taken":0},{"event_name":"The Moai Head","player_choice":"Heal","floor":46,"damage_taken":0}],"boss_relics":[{"not_picked":["Snecko Eye","Orrery"],"picked":"Black Star"},{"not_picked":["White Beast Statue","Runic Cube"],"picked":"Lizard Tail"}],"items_purged_floors":[5],"potions_floor_spawned":[1,8,11,20,25,30,33,40,42,48],"seed_played":"4289189454684799909","killed_by":"Time Eater","ascension_level":0,"potions_obtained":[{"floor":1,"key":"Regen Potion"},{"floor":8,"key":"Fire Potion"},{"floor":11,"key":"Regen Potion"},{"floor":20,"key":"Dexterity Potion"},{"floor":25,"key":"FairyPotion"},{"floor":30,"key":"SpeedPotion"},{"floor":33,"key":"Explosive Potion"},{"floor":40,"key":"Fire Potion"},{"floor":42,"key":"SteroidPotion"},{"floor":48,"key":"Strength Potion"}],"is_trial":false}