{"gold_per_floor":[116,66,66,141,155,155,189,189,189,218,235,235,17,33,33,107,107,125,151,201,211,2,35,35,48,72,72,89,101,116,116,116,116],"floor_reached":33,"playtime":2171,"items_purged":[],"score":525,"play_id":"30ca4cda-599f-44ae-b37c-d46ea3648d53","local_time":"20190201193021","is_ascension_mode":true,"campfire_choices":[{"data":"Cloak And Dagger","floor":6.0,"key":"SMITH"},{"data":"After Image","floor":8.0,"key":"SMITH"},{"floor":12.0,"key":"REST"},{"floor":15.0,"key":"REST"},{"floor":24.0,"key":"REST"},{"floor":27.0,"key":"REST"},{"floor":32,"key":"REST"}],"neow_cost":"NONE","seed_source_timestamp":0,"circlet_count":0,"master_deck":["AscendersBane","Defend_G+1","Defend_G+1","Defend_G+1","Defend_G+1","Defend_G+1","Strike_G+1","Strike_G+1","Survivor","Neutralize+1","Backflip","Cloak And Dagger+1","Quick Slash","After Image+1","Deflect","Dash","Backstab","Blade Dance","Cloak And Dagger","Well Laid Plans","Dash","A Thousand Cuts","Tools of the Trade+1","Eviscerate+1","Escape Plan+1","Footwork+1","Blade Dance","Predator","Dodge and Roll","Dagger Spray+1","PiercingWail","Caltrops","Footwork"],"special_seed":0,"relics":["Ring of the Snake","NeowsBlessing","Potion Belt","Unceasing Top","Vajra","Astrolabe","Red Mask","Lee\u0027s Waffle","War Paint","Bag of Marbles"],"potions_floor_usage":[33,33],"damage_taken":[{"damage":0.0,"enemies":"Small Slimes","floor":1.0,"turns":1.0},{"damage":0.0,"enemies":"Jaw Worm","floor":5.0,"turns":1.0},{"damage":0.0,"enemies":"Lagavulin","floor":7.0,"turns":1.0},{"damage":33.0,"enemies":"Gremlin Nob","floor":10.0,"turns":6.0},{"damage":0.0,"enemies":"2 Louse","floor":11.0,"turns":3.0},{"damage":0.0,"enemies":"Red Slaver","floor":14.0,"turns":3.0},{"damage":51.0,"enemies":"Slime Boss","floor":16.0,"turns":15.0},{"damage":9.0,"enemies":"Spheric Guardian","floor":18.0,"turns":5.0},{"damage":29.0,"enemies":"Masked Bandits","floor":19.0,"turns":7.0},{"damage":9.0,"enemies":"Chosen","floor":21.0,"turns":8.0},{"damage":58.0,"enemies":"Book of Stabbing","floor":23.0,"turns":8.0},{"damage":29.0,"enemies":"3 Cultists","floor":25.0,"turns":7.0},{"damage":12.0,"enemies":"Snecko","floor":28.0,"turns":5.0},{"damage":16.0,"enemies":"Shelled Parasite and Fungi","floor":29.0,"turns":9.0},{"damage":2,"enemies":"Centurion and Healer","floor":30,"turns":7},{"damage":44,"enemies":"Collector","floor":33,"turns":6}],"seed_played":"8945465574732899499","potions_obtained":[{"floor":7.0,"key":"FairyPotion"},{"floor":11.0,"key":"Weak Potion"},{"floor":19.0,"key":"Block Potion"},{"floor":23.0,"key":"Strength Potion"},{"floor":29.0,"key":"Weak Potion"}],"is_trial":false,"path_per_floor":["M","$","?","?","M","R","E","R","T","E","M","R","$","M","R","B",null,"M","?","?","M","$","E","R","M","T","R","M","M","M","?","R","B"],"character_chosen":"THE_SILENT","items_purchased":["Cloak And Dagger","Backstab","Blade Dance","Cloak And Dagger","Well Laid Plans","Lee\u0027s Waffle"],"campfire_rested":5,"item_purchase_floors":[2,13,13,13,13,22],"current_hp_per_floor":[59,59,59,48,48,48,48,48,48,15,15,34,34,34,53,2,50,41,12,12,3,73,15,36,7,7,28,16,7,5,5,26,0],"gold":116,"neow_bonus":"THREE_ENEMY_KILL","is_prod":false,"is_daily":false,"chose_seed":false,"campfire_upgraded":2,"win_rate":0,"timestamp":1549067421,"path_taken":["M","$","?","?","M","R","E","R","T","E","M","R","$","M","R","BOSS","M","?","?","?","$","E","R","M","T","R","M","M","M","?","R","BOSS"],"build_version":"2019-01-23","purchased_purges":0,"victory":false,"max_hp_per_floor":[66,66,66,66,66,66,66,66,66,66,66,66,66,66,66,66,66,66,66,66,66,73,73,73,73,73,73,73,73,73,73,73,73],"card_choices":[{"not_picked":["Underhanded Strike","Deflect"],"picked":"Backflip","floor":1.0},{"not_picked":["Prepared","Deadly Poison"],"picked":"Quick Slash","floor":5.0},{"not_picked":["Masterful Stab","Outmaneuver"],"picked":"After Image","floor":7.0},{"not_picked":["Outmaneuver","Expertise"],"picked":"Deflect","floor":10.0},{"not_picked":["Caltrops","Acrobatics"],"picked":"Dash","floor":11.0},{"not_picked":["Leg Sweep","Masterful Stab"],"picked":"Dash","floor":14.0},{"not_picked":["Glass Knife","Bullet Time"],"picked":"A Thousand Cuts","floor":16.0},{"not_picked":["PiercingWail","Quick Slash"],"picked":"Footwork+1","floor":18.0},{"not_picked":["All Out Attack","Heel Hook"],"picked":"Blade Dance","floor":19.0},{"not_picked":["Deadly Poison","Sucker Punch"],"picked":"Predator","floor":21.0},{"not_picked":["Poisoned Stab+1","Expertise"],"picked":"Dodge and Roll","floor":23.0},{"not_picked":["Acrobatics","Bane"],"picked":"Dagger Spray+1","floor":25.0},{"not_picked":["Flying Knee","Setup+1"],"picked":"PiercingWail","floor":28.0},{"not_picked":["Outmaneuver","Sucker Punch+1"],"picked":"Caltrops","floor":29.0},{"not_picked":["Deflect+1","Dagger Throw"],"picked":"Footwork","floor":30}],"player_experience":2275369,"relics_obtained":[{"floor":7.0,"key":"Potion Belt"},{"floor":9.0,"key":"Unceasing Top"},{"floor":10.0,"key":"Vajra"},{"floor":19.0,"key":"Red Mask"},{"floor":23.0,"key":"War Paint"},{"floor":26.0,"key":"Bag of Marbles"}],"event_choices":[{"damage_healed":0.0,"max_hp_gain":0.0,"max_hp_loss":0.0,"gold_gain":0.0,"event_name":"Living Wall","player_choice":"Grow","floor":3.0,"gold_loss":0.0,"damage_taken":0.0,"cards_upgraded":["Neutralize"]},{"damage_healed":0.0,"max_hp_gain":0.0,"max_hp_loss":0.0,"gold_gain":75.0,"event_name":"World of Goop","player_choice":"Gather Gold","floor":4.0,"gold_loss":0.0,"damage_taken":11.0},{"damage_healed":0.0,"max_hp_gain":0.0,"max_hp_loss":0.0,"gold_gain":0.0,"event_name":"Masked Bandits","player_choice":"Fought Bandits","floor":19.0,"gold_loss":0.0,"damage_taken":0.0},{"damage_healed":0.0,"max_hp_gain":0.0,"max_hp_loss":0.0,"gold_gain":50.0,"event_name":"Golden Shrine","player_choice":"Pray","floor":20.0,"gold_loss":0.0,"damage_taken":0.0},{"damage_healed":0,"gold_gain":0,"player_choice":"Simplicity","damage_taken":0,"max_hp_gain":0,"max_hp_loss":0,"event_name":"Back to Basics","floor":31,"gold_loss":0,"cards_upgraded":["Defend_G","Defend_G","Defend_G","Strike_G","Strike_G"]}],"is_beta":false,"boss_relics":[{"not_picked":["Lizard Tail","Runic Dome"],"picked":"Astrolabe"}],"items_purged_floors":[],"is_endless":false,"potions_floor_spawned":[7,11,19,23,29],"killed_by":"Collector","ascension_level":15}