{"path_per_floor":["M","M","M","$","M","R","M","$","T","M","?","M","R","M","R","B",null,"M","$","?","?","M","R","M","M","T","R","M","M","M"],"character_chosen":"THE_SILENT","items_purchased":["Mind Blast","Quick Slash","Backstab","Die Die Die"],"gold_per_floor":[115,132,150,22,34,34,46,6,55,68,68,87,87,103,103,206,206,225,2,2,2,18,18,37,55,82,82,102,115,135,135],"floor_reached":31,"campfire_rested":0,"playtime":2339,"current_hp_per_floor":[70,69,69,69,57,63,62,62,62,62,70,57,65,65,70,41,70,47,47,47,47,37,47,37,20,20,32,24,16,3,0],"items_purged":["Strike_G"],"gold":135,"score":260,"play_id":"9bef11aa-3532-4efe-819d-8d6891b1253e","local_time":"20180523145408","is_prod":false,"is_daily":false,"chose_seed":false,"is_ascension_mode":false,"campfire_upgraded":5,"timestamp":1527101648,"campfire_choices":[{"data":"Mind Blast","floor":6,"key":"SMITH"},{"data":"Dagger Spray","floor":13,"key":"SMITH"},{"data":"Infinite Blades","floor":15,"key":"SMITH"},{"data":"Dash","floor":23,"key":"SMITH"},{"data":"Glass Knife","floor":27,"key":"SMITH"}],"path_taken":["M","M","M","$","M","R","M","$","T","M","?","?","R","M","R","BOSS","M","$","?","?","M","R","M","M","T","R","M","M","?","M"],"build_version":"2018-05-17","seed_source_timestamp":212204183976556,"purchased_purges":1,"victory":false,"master_deck":["Defend_G","Defend_G","Defend_G","Defend_G","Defend_G","Survivor","Neutralize","Dagger Throw","Blade Dance","Predator","Mind Blast+1","Quick Slash+1","Dagger Spray+1","Dagger Throw","Backstab","Slice","Parasite","Backflip","Infinite Blades+1","Glass Knife+1","Terror+1","Die Die Die","Bite","Bite","Bite","Bite","Bite","Dash+1","Dagger Spray","Blade Dance+1","Prepared","Prepared","Prepared"],"max_hp_per_floor":[70,70,70,70,70,70,70,70,70,70,70,70,70,70,70,70,70,70,70,49,49,49,49,49,49,49,49,49,49,49,49],"relics":["Eternal Feather","Whetstone","White Beast Statue","Orichalcum"],"card_choices":[{"not_picked":["Dodge and Roll","Distraction"],"picked":"Dagger Throw","floor":1},{"not_picked":["Backflip","Expertise"],"picked":"Blade Dance","floor":2},{"not_picked":["Deadly Poison","Quick Slash"],"picked":"Predator","floor":3},{"not_picked":["Bane","Reflex"],"picked":"Dagger Spray","floor":5},{"not_picked":["Poisoned Stab","Distraction"],"picked":"Dagger Throw","floor":7},{"not_picked":["Poisoned Stab","Sucker Punch"],"picked":"Slice","floor":10},{"not_picked":["Underhanded Strike","Sucker Punch"],"picked":"Backflip","floor":12},{"not_picked":["Backflip","Prepared"],"picked":"Infinite Blades","floor":14},{"not_picked":["Bullet Time","Unload"],"picked":"Glass Knife","floor":16},{"not_picked":["Escape Plan","Bouncing Flask+1"],"picked":"Terror+1","floor":18},{"not_picked":["Calculated Gamble","PiercingWail"],"picked":"Dagger Spray","floor":22},{"not_picked":["Poisoned Stab+1","Well Laid Plans"],"picked":"Blade Dance+1","floor":24},{"not_picked":["Dagger Spray","Dagger Throw+1"],"picked":"Prepared","floor":25},{"not_picked":["Dodge and Roll+1","PiercingWail"],"picked":"Prepared","floor":28},{"not_picked":["Footwork","Venomology","Deadly Poison"],"picked":"SKIP","floor":29},{"not_picked":["PiercingWail","Deflect"],"picked":"Prepared","floor":30}],"player_experience":84636,"potions_floor_usage":[7,16,16,22,22,25,25,28,29,31,31],"damage_taken":[{"damage":0,"enemies":"Small Slimes","floor":1,"turns":5},{"damage":1,"enemies":"Jaw Worm","floor":2,"turns":4},{"damage":0,"enemies":"Cultist","floor":3,"turns":3},{"damage":12,"enemies":"2 Fungi Beasts","floor":5,"turns":3},{"damage":1,"enemies":"Blue Slaver","floor":7,"turns":2},{"damage":0,"enemies":"Looter","floor":10,"turns":2},{"damage":13,"enemies":"Gremlin Gang","floor":12,"turns":3},{"damage":0,"enemies":"2 Fungi Beasts","floor":14,"turns":2},{"damage":44,"enemies":"Hexaghost","floor":16,"turns":9},{"damage":23,"enemies":"2 Thieves","floor":18,"turns":4},{"damage":10,"enemies":"3 Byrds","floor":22,"turns":3},{"damage":16,"enemies":"3 Cultists","floor":24,"turns":4},{"damage":19,"enemies":"Slaver and Parasite","floor":25,"turns":2},{"damage":18,"enemies":"Centurion and Healer","floor":28,"turns":5},{"damage":10,"enemies":"Snecko","floor":29,"turns":4},{"damage":15,"enemies":"Snake Plant","floor":30,"turns":2},{"damage":7,"enemies":"Sentry and Sphere","floor":31,"turns":3}],"relics_obtained":[{"floor":9,"key":"Whetstone"},{"floor":26,"key":"Orichalcum"}],"event_choices":[{"event_name":"Mushrooms","player_choice":"Healed and dodged fight","floor":11,"damage_taken":0},{"event_name":"Vampires","player_choice":"Became a vampire","floor":20,"damage_taken":0},{"event_name":"The Library","player_choice":"Read","floor":21,"damage_taken":0}],"boss_relics":[{"not_picked":["Sozu","Astrolabe"],"picked":"White Beast Statue"}],"potions_floor_spawned":[3,5,12,14,18,22,24,25,28,29,30],"seed_played":"7504341958774798106","killed_by":"Sentry and Sphere","ascension_level":0,"potions_obtained":[{"floor":3,"key":"GhostInAJar"},{"floor":5,"key":"GhostInAJar"},{"floor":12,"key":"Regen Potion"},{"floor":14,"key":"Energy Potion"},{"floor":18,"key":"Poison Potion"},{"floor":22,"key":"Energy Potion"},{"floor":24,"key":"Swift Potion"},{"floor":25,"key":"Fire Potion"},{"floor":28,"key":"Ancient Potion"},{"floor":29,"key":"FearPotion"},{"floor":30,"key":"Fire Potion"}],"is_trial":false}