{"gold_per_floor":[218,218,237,256,272,272,272,272,295,220,230,240,267,167,167,271,271,282,59,59,59,59,59,59,59,130,130,150,161,86,98,98,194,194,212,212],"floor_reached":36,"playtime":1272,"items_purged":["Strike_R","Strike_R","Strike_R"],"score":362,"play_id":"44c82c24-64dc-486e-9a30-f3c15d16ae58","local_time":"20190108224639","is_ascension_mode":false,"campfire_choices":[{"data":"Pommel Strike","floor":6.0,"key":"SMITH"},{"floor":15.0,"key":"REST"},{"data":"Bludgeon","floor":23,"key":"SMITH"},{"data":"Demon Form","floor":27,"key":"SMITH"},{"floor":32,"key":"REST"}],"neow_cost":"NONE","seed_source_timestamp":0,"circlet_count":0,"master_deck":["Defend_R","Defend_R","Defend_R","Defend_R","Bash","Pommel Strike+1","Clothesline","Headbutt","Bludgeon+1","Shrug It Off","Body Slam+1","Demon Form+1","Thunderclap+1","Shrug It Off","Rampage+1","Feel No Pain","Sword Boomerang+1","Limit Break"],"special_seed":0,"relics":["Black Blood","Molten Egg 2","Dodecahedron","Ancient Tea Set","Red Skull","Runic Dome","MutagenicStrength"],"potions_floor_usage":[33,33,33],"damage_taken":[{"damage":4.0,"enemies":"Small Slimes","floor":1.0,"turns":3.0},{"damage":6.0,"enemies":"Cultist","floor":3.0,"turns":3.0},{"damage":5.0,"enemies":"2 Louse","floor":4.0,"turns":3.0},{"damage":16.0,"enemies":"Lots of Slimes","floor":5.0,"turns":5.0},{"damage":12.0,"enemies":"Exordium Wildlife","floor":11.0,"turns":3.0},{"damage":10.0,"enemies":"3 Louse","floor":12.0,"turns":3.0},{"damage":39.0,"enemies":"Lagavulin","floor":13.0,"turns":7.0},{"damage":64.0,"enemies":"Hexaghost","floor":16.0,"turns":11.0},{"damage":2,"enemies":"Shell Parasite","floor":18,"turns":3},{"damage":5,"enemies":"Chosen","floor":28,"turns":3},{"damage":29,"enemies":"Snake Plant","floor":29,"turns":3},{"damage":11,"enemies":"Centurion and Healer","floor":31,"turns":3},{"damage":34,"enemies":"Automaton","floor":33,"turns":6},{"damage":30,"enemies":"3 Shapes","floor":35,"turns":4},{"damage":71,"enemies":"2 Orb Walkers","floor":36,"turns":4}],"seed_played":"1512848675556396650","potions_obtained":[{"floor":3.0,"key":"GamblersBrew"},{"floor":11.0,"key":"Regen Potion"},{"floor":12.0,"key":"Ancient Potion"},{"floor":16.0,"key":"Energy Potion"},{"floor":28,"key":"Explosive Potion"},{"floor":31,"key":"LiquidBronze"},{"floor":33,"key":"Ancient Potion"}],"is_trial":false,"path_per_floor":["M","?","M","M","M","R","T","?","T","$","M","M","E","$","R","B",null,"M","$","$","?","?","R","$","?","T","R","M","M","?","M","R","B",null,"M","?"],"character_chosen":"IRONCLAD","items_purchased":["Metallicize","Shrug It Off"],"campfire_rested":2,"item_purchase_floors":[19,19],"current_hp_per_floor":[80,80,80,80,70,70,70,70,70,70,64,60,27,27,51,8,80,80,80,80,80,80,80,80,80,80,80,80,57,57,52,76,48,80,60,0],"gold":212,"neow_bonus":"HUNDRED_GOLD","is_prod":false,"is_daily":false,"chose_seed":false,"campfire_upgraded":3,"win_rate":0,"timestamp":1547005599,"path_taken":["M","?","M","?","M","R","?","?","T","$","M","M","E","$","R","BOSS","M","?","$","?","?","R","$","?","T","R","?","M","?","M","R","BOSS","M","?"],"build_version":"2019-01-03v4","purchased_purges":3,"victory":false,"max_hp_per_floor":[80,80,80,80,80,80,80,80,80,80,80,80,80,80,80,80,80,80,80,80,80,80,80,80,80,80,80,80,80,80,80,80,80,80,80,80],"card_choices":[{"not_picked":["Havoc","Cleave"],"picked":"Pommel Strike","floor":1.0},{"not_picked":["Feel No Pain","Anger"],"picked":"Clothesline","floor":3.0},{"not_picked":["Power Through","Flame Barrier"],"picked":"Headbutt","floor":4.0},{"not_picked":["Havoc","Wild Strike"],"picked":"Bludgeon","floor":5.0},{"not_picked":["Pummel+1","Twin Strike+1"],"picked":"Shrug It Off","floor":11.0},{"not_picked":["Armaments","Corruption"],"picked":"Body Slam+1","floor":12.0},{"not_picked":["Combust","Heavy Blade+1","Havoc"],"picked":"SKIP","floor":13.0},{"not_picked":["Exhume","Offering"],"picked":"Demon Form","floor":16.0},{"not_picked":["Disarm","Clash+1"],"picked":"Thunderclap+1","floor":18},{"not_picked":["Thunderclap+1","Sword Boomerang+1","Wild Strike+1"],"picked":"SKIP","floor":28},{"not_picked":["Thunderclap+1","Wild Strike+1"],"picked":"Sword Boomerang+1","floor":28},{"not_picked":["Burning Pact","Thunderclap+1","Feel No Pain"],"picked":"SKIP","floor":29},{"not_picked":["Cleave+1","Twin Strike+1","Reckless Charge+1"],"picked":"SKIP","floor":31},{"not_picked":["Barricade","Brutality"],"picked":"Limit Break","floor":33},{"not_picked":["Blood for Blood+1","Reckless Charge+1","Second Wind+1"],"picked":"SKIP","floor":35}],"player_experience":2050834,"relics_obtained":[{"floor":7.0,"key":"Molten Egg 2"},{"floor":9.0,"key":"Ancient Tea Set"},{"floor":13.0,"key":"Red Skull"}],"event_choices":[{"cards_removed":["Strike_R"],"damage_healed":0.0,"max_hp_gain":0.0,"max_hp_loss":0.0,"gold_gain":0.0,"event_name":"Bonfire Elementals","player_choice":"Offered Basic","floor":2.0,"gold_loss":0.0,"damage_taken":0.0},{"damage_healed":0.0,"max_hp_gain":0.0,"max_hp_loss":0.0,"gold_gain":0.0,"event_name":"WeMeetAgain","player_choice":"Gave Potion","floor":8.0,"gold_loss":0.0,"damage_taken":0.0,"relics_obtained":["Dodecahedron"]},{"damage_healed":0,"gold_gain":0,"player_choice":"Read","damage_taken":0,"max_hp_gain":0,"max_hp_loss":0,"event_name":"The Library","floor":21,"gold_loss":0,"cards_obtained":["Rampage"]},{"damage_healed":0,"gold_gain":0,"player_choice":"Inject Mutagens","damage_taken":0,"relics_obtained":["MutagenicStrength"],"max_hp_gain":0,"max_hp_loss":0,"event_name":"Drug Dealer","floor":22,"gold_loss":0},{"cards_removed":["Metallicize"],"damage_healed":0,"gold_gain":0,"player_choice":"Took Card","damage_taken":0,"max_hp_gain":0,"max_hp_loss":0,"event_name":"NoteForYourself","floor":25,"gold_loss":0,"cards_obtained":["Feel No Pain"]},{"cards_removed":["Strike_R"],"damage_healed":0,"gold_gain":0,"player_choice":"Gave Gold","damage_taken":0,"max_hp_gain":0,"max_hp_loss":0,"event_name":"Beggar","floor":30,"gold_loss":75},{"damage_healed":0,"gold_gain":0,"player_choice":"Fight","damage_taken":0,"max_hp_gain":0,"max_hp_loss":0,"event_name":"Mysterious Sphere","floor":36,"gold_loss":0}],"is_beta":false,"boss_relics":[{"not_picked":["Calling Bell","Runic Pyramid"],"picked":"Runic Dome"},{"not_picked":["Astrolabe","Philosopher\u0027s Stone"],"picked":"Black Blood"}],"items_purged_floors":[10,14,19],"is_endless":false,"potions_floor_spawned":[3,11,12,16,28,31,33],"killed_by":"2 Orb Walkers","ascension_level":0}