{"gold_per_floor":[20,20,32,32,51,51,64,64,64,136,136,136,136,212,212,307,307,321,67,93,93,93,93,104,104,158,172,172,183,40,58,58,158,158,174,187,187,187,0,0,0,0,0,0,0,15,15,32,32,32],"floor_reached":51,"playtime":976,"items_purged":[],"score":631,"play_id":"94660bfe-4fe9-4001-8f62-010f6cd2c8f8","local_time":"20180808004518","is_ascension_mode":false,"campfire_choices":[{"data":"Skewer","floor":6,"key":"SMITH"},{"data":"1","floor":11,"key":"LIFT"},{"data":"2","floor":13,"key":"LIFT"},{"data":"3","floor":15,"key":"LIFT"},{"data":"RitualDagger","floor":23,"key":"SMITH"},{"data":"Glass Knife","floor":25,"key":"SMITH"},{"data":"Blade Dance","floor":28,"key":"SMITH"},{"data":"Cloak And Dagger","floor":32,"key":"SMITH"},{"data":"Adrenaline","floor":40,"key":"SMITH"},{"data":"Terror","floor":44,"key":"SMITH"},{"floor":49,"key":"REST"}],"neow_cost":"NO_GOLD","seed_source_timestamp":12238228290142,"circlet_count":0,"master_deck":["Defend_G+1","Defend_G+1","Defend_G+1","Defend_G+1","Strike_G+1","Strike_G+1","Strike_G+1","Survivor","Neutralize","Cloak And Dagger+1","Skewer+1","Blade Dance+1","Glass Knife+1","Poisoned Stab","RitualDagger+1","Terror+1","Poisoned Stab+1","Accuracy+1","Adrenaline+1","Dagger Spray+1","Madness","Madness","Madness","Dagger Spray+1"],"relics":["Ring of the Snake","Girya","Meat on the Bone","StoneCalendar","Pear","Sozu","Kunai","Juzu Bracelet","Blood Vial","Bronze Scales","WristBlade","Red Mask","Ninja Scroll"],"potions_floor_usage":[7],"damage_taken":[{"damage":4,"enemies":"Cultist","floor":1,"turns":5},{"damage":0,"enemies":"2 Louse","floor":3,"turns":4},{"damage":0,"enemies":"Jaw Worm","floor":5,"turns":4},{"damage":0,"enemies":"Large Slime","floor":7,"turns":6},{"damage":39,"enemies":"Slime Boss","floor":16,"turns":7},{"damage":0,"enemies":"Spheric Guardian","floor":18,"turns":2},{"damage":6,"enemies":"Chosen","floor":24,"turns":2},{"damage":12,"enemies":"Centurion and Healer","floor":27,"turns":3},{"damage":10,"enemies":"Cultist and Chosen","floor":29,"turns":3},{"damage":0,"enemies":"Snake Plant","floor":31,"turns":2},{"damage":33,"enemies":"Automaton","floor":33,"turns":7},{"damage":9,"enemies":"Flame Bruiser 1 Orb","floor":35,"turns":2},{"damage":0,"enemies":"Orb Walker","floor":36,"turns":1},{"damage":10,"enemies":"Sphere and 2 Shapes","floor":46,"turns":3},{"damage":20,"enemies":"4 Shapes","floor":48,"turns":3},{"damage":58,"enemies":"Awakened One","floor":50,"turns":9}],"seed_played":"7598012806068241802","potions_obtained":[{"floor":3,"key":"SkillPotion"},{"floor":5,"key":"GamblersBrew"}],"is_trial":false,"path_per_floor":["M","$","M","$","M","R","M","?","T","?","R","T","R","T","R","B",null,"M","$","T","?","?","R","M","R","T","M","R","M","$","M","R","B",null,"M","M","?","?","?","R","?","?","T","R","$","M","?","M","R","B"],"character_chosen":"THE_SILENT","items_purchased":["Kunai","Bronze Scales"],"campfire_rested":1,"item_purchase_floors":[19,30],"current_hp_per_floor":[66,66,66,66,66,66,66,54,54,54,54,54,54,64,64,37,80,80,80,80,74,74,74,68,68,68,58,58,50,50,52,52,33,80,71,73,73,73,73,73,63,63,63,63,63,55,55,49,73,29],"gold":32,"neow_bonus":"REMOVE_TWO","is_prod":false,"is_daily":false,"chose_seed":false,"campfire_upgraded":7,"win_rate":0,"timestamp":1533654918,"path_taken":["M","$","M","$","M","R","M","?","T","?","R","?","R","?","R","BOSS","M","$","?","?","?","R","M","R","T","M","R","M","$","M","R","BOSS","M","M","?","?","?","R","?","?","T","R","$","M","?","M","R","BOSS"],"build_version":"2018-08-02","purchased_purges":0,"victory":true,"max_hp_per_floor":[70,70,70,70,70,70,70,70,70,70,70,70,70,80,80,80,80,80,80,80,80,80,80,80,80,80,80,80,80,80,80,80,80,80,80,80,80,80,80,80,80,80,80,80,80,80,80,80,80,80],"card_choices":[{"not_picked":["Deflect","Underhanded Strike","Expertise"],"picked":"SKIP","floor":1},{"not_picked":["Backflip","Poisoned Stab"],"picked":"Cloak And Dagger","floor":3},{"not_picked":["Prepared","Deflect"],"picked":"Skewer","floor":5},{"not_picked":["Crippling Poison","Dagger Spray"],"picked":"Blade Dance","floor":7},{"not_picked":["Die Die Die","Night Terror"],"picked":"Glass Knife","floor":16},{"not_picked":["Bane","Reflex"],"picked":"Poisoned Stab","floor":18},{"not_picked":["Outmaneuver+1","Prepared+1"],"picked":"Terror","floor":24},{"not_picked":["Sucker Punch","Tactician+1","Prepared"],"picked":"SKIP","floor":27},{"not_picked":["Heel Hook","Bane+1"],"picked":"Poisoned Stab+1","floor":29},{"not_picked":["Deadly Poison+1","Concentrate+1"],"picked":"Accuracy+1","floor":31},{"not_picked":["A Thousand Cuts","Venomology"],"picked":"Adrenaline","floor":33},{"not_picked":["Catalyst+1","Acrobatics"],"picked":"Dagger Spray+1","floor":35},{"not_picked":["Dodge and Roll","Concentrate+1"],"picked":"Leg Sweep+1","floor":36},{"not_picked":["Mind Blast","Sadistic Nature"],"picked":"Madness","floor":38},{"not_picked":["Bane+1","Leg Sweep+1","Sucker Punch+1"],"picked":"SKIP","floor":46},{"not_picked":["Flying Knee","Deflect"],"picked":"Dagger Spray+1","floor":48}],"player_experience":291143,"relics_obtained":[{"floor":9,"key":"Meat on the Bone"},{"floor":12,"key":"StoneCalendar"},{"floor":14,"key":"Pear"},{"floor":20,"key":"Juzu Bracelet"},{"floor":26,"key":"Blood Vial"},{"floor":43,"key":"Ninja Scroll"}],"event_choices":[{"event_name":"Scrap Ooze","player_choice":"success","floor":8,"damage_taken":12},{"event_name":"Golden Wing","player_choice":"Gained Gold","floor":10,"damage_taken":0},{"event_name":"Nest","player_choice":"Joined the Cult","floor":21,"damage_taken":0},{"event_name":"Back to Basics","player_choice":"Simplicity","floor":22,"damage_taken":0},{"event_name":"The Lab","player_choice":"Got Potions","floor":37,"damage_taken":0},{"event_name":"SensoryStone","player_choice":"Memory 1","floor":38,"damage_taken":0},{"event_name":"Tomb of Lord Red Mask","player_choice":"Paid","floor":39,"damage_taken":0},{"event_name":"Winding Halls","player_choice":"Embrace Madness","floor":41,"damage_taken":0},{"event_name":"Bonfire Elementals","player_choice":"BASIC","floor":42,"damage_taken":0},{"event_name":"Falling","player_choice":"Removed Skill","floor":47,"damage_taken":0}],"is_beta":false,"boss_relics":[{"not_picked":["Cursed Key","Orrery"],"picked":"Sozu"},{"not_picked":["Astrolabe","Busted Crown"],"picked":"WristBlade"}],"items_purged_floors":[],"is_endless":false,"potions_floor_spawned":[3,5,29,31,33,36,46,48],"ascension_level":0}