{"gold_per_floor":[112,132,132,146,67,67,99,99,126,156,169,252,272,282,282,358,358,377,394,319,336,102,102,102,122,149,177,189,201,213,237,249,335,347,372,384,42,53,153,153,185,185,185,185,203,153,153],"floor_reached":47,"playtime":4216,"items_purged":["Strike_B","Strike_B+1"],"score":930,"play_id":"5b3e1e29-fbdc-4ddf-be68-387b6723b9a0","local_time":"20190209194857","is_ascension_mode":true,"campfire_choices":[{"data":"Defragment","floor":6.0,"key":"SMITH"},{"floor":8.0,"key":"REST"},{"data":"Zap","floor":15.0,"key":"SMITH"},{"data":"Defragment","floor":23.0,"key":"SMITH"},{"data":"Capacitor","floor":28.0,"key":"SMITH"},{"data":"Seek","floor":32.0,"key":"SMITH"},{"floor":40.0,"key":"REST"},{"floor":42,"key":"REST"},{"data":"Apotheosis","floor":44,"key":"SMITH"}],"neow_cost":"NONE","seed_source_timestamp":534639661208895,"circlet_count":0,"master_deck":["AscendersBane","Strike_B+1","Defend_B+1","Defend_B+1","Defend_B+1","Defend_B+1","Zap+1","Dualcast","Cold Snap","Reinforced Body","Defragment+1","White Noise","Electrodynamics","Chill","Cold Snap+1","Leap","Hello World","Seek+1","Steam+1","Defragment+1","Coolheaded","Capacitor+1","Auto Shields","Rebound+1","Conserve Battery","Electrodynamics","Barrage","Blizzard","Apotheosis+1","Tempest+1","Loop","Steam+1"],"special_seed":0,"relics":["Runic Dome","Bag of Preparation","Potion Belt","Mango","Tiny Chest","Eternal Feather","MawBank","Black Star","Pen Nib","Nunchaku","Toxic Egg 2","Dodecahedron","The Courier"],"potions_floor_usage":[41],"damage_taken":[{"damage":7.0,"enemies":"2 Louse","floor":1.0,"turns":2.0},{"damage":0.0,"enemies":"Cultist","floor":2.0,"turns":5.0},{"damage":0.0,"enemies":"Jaw Worm","floor":4.0,"turns":4.0},{"damage":23.0,"enemies":"Lagavulin","floor":7.0,"turns":8.0},{"damage":18.0,"enemies":"3 Sentries","floor":10.0,"turns":3.0},{"damage":1.0,"enemies":"Exordium Thugs","floor":11.0,"turns":3.0},{"damage":0.0,"enemies":"Lots of Slimes","floor":13.0,"turns":2.0},{"damage":10.0,"enemies":"Large Slime","floor":14.0,"turns":4.0},{"damage":18.0,"enemies":"Hexaghost","floor":16.0,"turns":12.0},{"damage":22.0,"enemies":"2 Thieves","floor":18.0,"turns":3.0},{"damage":0.0,"enemies":"Spheric Guardian","floor":19.0,"turns":6.0},{"damage":5.0,"enemies":"Centurion and Healer","floor":21.0,"turns":10.0},{"damage":9.0,"enemies":"Sentry and Sphere","floor":25.0,"turns":4.0},{"damage":0.0,"enemies":"Snake Plant","floor":27.0,"turns":6.0},{"damage":0.0,"enemies":"Chosen and Byrds","floor":31.0,"turns":8.0},{"damage":31.0,"enemies":"Collector","floor":33.0,"turns":14.0},{"damage":21.0,"enemies":"Orb Walker","floor":35.0,"turns":4.0},{"damage":23.0,"enemies":"3 Darklings","floor":38.0,"turns":5.0},{"damage":0.0,"enemies":"Mind Bloom Boss Battle","floor":39.0,"turns":6.0},{"damage":86,"enemies":"Giant Head","floor":41,"turns":11},{"damage":33,"enemies":"Jaw Worm Horde","floor":45,"turns":4},{"damage":37,"enemies":"Writhing Mass","floor":47,"turns":3}],"seed_played":"765476953334929405","potions_obtained":[{"floor":2.0,"key":"Dexterity Potion"},{"floor":7.0,"key":"Swift Potion"},{"floor":10.0,"key":"Dexterity Potion"},{"floor":11.0,"key":"SpeedPotion"},{"floor":14.0,"key":"SkillPotion"},{"floor":18.0,"key":"FairyPotion"},{"floor":25.0,"key":"Weak Potion"},{"floor":27.0,"key":"Ancient Potion"},{"floor":38.0,"key":"Block Potion"},{"floor":39.0,"key":"Poison Potion"}],"is_trial":false,"path_per_floor":["M","M","?","M","$","R","E","R","T","E","M","T","M","M","R","B",null,"M","M","?","M","$","R","?","M","T","M","R","?","?","M","R","B",null,"M","T","$","M","?","R","E","R","T","R","M","?","M"],"character_chosen":"DEFECT","items_purchased":["White Noise","Capacitor","Auto Shields","Blizzard","Apotheosis"],"campfire_rested":3,"item_purchase_floors":[5,22,22,37,37],"current_hp_per_floor":[57,57,71,71,71,71,48,69,69,65,64,64,64,54,54,36,73,51,51,51,46,46,58,58,49,49,49,64,64,64,64,79,48,76,55,55,55,32,32,75,8,51,51,69,36,36,0],"gold":153,"neow_bonus":"BOSS_RELIC","is_prod":false,"is_daily":false,"chose_seed":false,"campfire_upgraded":6,"win_rate":0,"timestamp":1549759737,"path_taken":["M","M","?","M","?","R","E","R","T","E","M","?","M","?","R","BOSS","M","?","?","M","$","R","?","M","T","M","R","?","?","M","R","BOSS","M","?","$","M","?","R","E","R","T","R","M","?","?"],"build_version":"2019-01-23","purchased_purges":2,"victory":false,"max_hp_per_floor":[71,71,71,71,71,71,71,71,71,85,85,85,85,85,85,85,85,85,85,85,85,85,85,85,85,85,85,85,85,85,85,85,85,85,85,85,85,85,85,85,85,85,85,85,85,85,85],"card_choices":[{"not_picked":["Compile Driver","Turbo"],"picked":"Cold Snap","floor":1.0},{"not_picked":["Compile Driver","Barrage"],"picked":"Reinforced Body","floor":2.0},{"not_picked":["Aggregate","BootSequence"],"picked":"Defragment","floor":4.0},{"not_picked":["Double Energy","Turbo"],"picked":"Electrodynamics","floor":7.0},{"not_picked":["Steam","Streamline"],"picked":"Chill","floor":10.0},{"not_picked":["Scrape","Redo"],"picked":"Cold Snap","floor":11.0},{"not_picked":["Fusion","FTL"],"picked":"Leap","floor":13.0},{"not_picked":["Lockon","Force Field"],"picked":"Hello World","floor":14.0},{"not_picked":["All For One","Biased Cognition"],"picked":"Seek","floor":16.0},{"not_picked":["Undo","Leap"],"picked":"Steam","floor":18.0},{"not_picked":["Hologram","Rip and Tear"],"picked":"Defragment","floor":19.0},{"not_picked":["Hologram","Sweeping Beam"],"picked":"Coolheaded","floor":21.0},{"not_picked":["Steam","Leap"],"picked":"Rebound+1","floor":25.0},{"not_picked":["Redo","Go for the Eyes","Lockon"],"picked":"SKIP","floor":27.0},{"not_picked":["Coolheaded","Chill"],"picked":"Conserve Battery","floor":31.0},{"not_picked":["Multi-Cast","Reboot"],"picked":"Electrodynamics","floor":33.0},{"not_picked":["Genetic Algorithm","Auto Shields"],"picked":"Barrage","floor":35.0},{"not_picked":["Stack+1","Hologram"],"picked":"Tempest+1","floor":38.0},{"not_picked":["Doom and Gloom","Hologram+1"],"picked":"Loop","floor":41},{"not_picked":["Reinforced Body+1","Streamline"],"picked":"Steam+1","floor":45}],"player_experience":2371948,"relics_obtained":[{"floor":7.0,"key":"Bag of Preparation"},{"floor":9.0,"key":"Potion Belt"},{"floor":10.0,"key":"Mango"},{"floor":12.0,"key":"Tiny Chest"},{"floor":26.0,"key":"MawBank"},{"floor":36.0,"key":"Pen Nib"},{"floor":39.0,"key":"Nunchaku"},{"floor":41,"key":"Toxic Egg 2"},{"floor":41,"key":"Dodecahedron"},{"floor":43,"key":"The Courier"}],"event_choices":[{"damage_healed":14.0,"max_hp_gain":0.0,"max_hp_loss":0.0,"gold_gain":0.0,"event_name":"Wheel of Change","player_choice":"Full Heal","floor":3.0,"gold_loss":0.0,"damage_taken":0.0},{"cards_removed":["Strike_B"],"damage_healed":0.0,"max_hp_gain":0.0,"max_hp_loss":0.0,"gold_gain":0.0,"event_name":"Beggar","player_choice":"Gave Gold","floor":20.0,"gold_loss":75.0,"damage_taken":0.0},{"damage_healed":0.0,"max_hp_gain":0.0,"max_hp_loss":0.0,"gold_gain":0.0,"event_name":"Back to Basics","player_choice":"Simplicity","floor":24.0,"gold_loss":0.0,"damage_taken":0.0,"cards_upgraded":["Strike_B","Strike_B","Defend_B","Defend_B","Defend_B","Defend_B"]},{"damage_healed":0.0,"max_hp_gain":0.0,"max_hp_loss":0.0,"gold_gain":0.0,"event_name":"Forgotten Altar","player_choice":"Smashed Altar","floor":29.0,"gold_loss":0.0,"damage_taken":0.0,"cards_obtained":["Decay"]},{"cards_removed":["Decay"],"damage_healed":0.0,"max_hp_gain":0.0,"max_hp_loss":0.0,"gold_gain":0.0,"event_name":"Purifier","player_choice":"Purged","floor":30.0,"gold_loss":0.0,"damage_taken":0.0},{"damage_healed":0.0,"max_hp_gain":0.0,"max_hp_loss":0.0,"gold_gain":0.0,"event_name":"MindBloom","player_choice":"Fight","floor":39.0,"gold_loss":0.0,"damage_taken":0.0},{"damage_healed":0,"gold_gain":0,"player_choice":"Upgraded Two","damage_taken":0,"max_hp_gain":0,"max_hp_loss":0,"event_name":"Designer","floor":46,"gold_loss":50,"cards_upgraded":["Cold Snap","Steam"]}],"is_beta":false,"boss_relics":[{"not_picked":["Astrolabe","Velvet Choker"],"picked":"Eternal Feather"},{"not_picked":["Tiny House","Calling Bell"],"picked":"Black Star"}],"items_purged_floors":[22,37],"is_endless":false,"potions_floor_spawned":[2,7,10,11,14,18,25,27,31,38,39],"killed_by":"Writhing Mass","ascension_level":20}