{"gold_per_floor":[116,116,134,151,36,36,98,98,98,117,133,160,160],"floor_reached":13,"playtime":458,"items_purged":[],"score":181,"play_id":"d77dabf4-4e26-42fb-a044-6bac27f5adcd","local_time":"20190103210505","is_ascension_mode":true,"campfire_choices":[{"data":"Recycle","floor":6,"key":"SMITH"},{"floor":8,"key":"REST"}],"neow_cost":"NONE","seed_source_timestamp":1273030696662818,"circlet_count":0,"master_deck":["AscendersBane","Strike_B","Strike_B","Strike_B","Strike_B","Defend_B","Defend_B","Defend_B","Defend_B","Zap","Dualcast","Coolheaded","Ball Lightning","Recycle+1","Static Discharge","Lockon","Buffer","Capacitor","Coolheaded","Steam"],"relics":["Cracked Core","NeowsBlessing","NlothsMask","Tiny Chest","Question Card"],"potions_floor_usage":[7],"damage_taken":[{"damage":0,"enemies":"Cultist","floor":1,"turns":1},{"damage":0,"enemies":"Jaw Worm","floor":3,"turns":1},{"damage":0,"enemies":"Small Slimes","floor":4,"turns":1},{"damage":29,"enemies":"3 Sentries","floor":7,"turns":7},{"damage":6,"enemies":"Blue Slaver","floor":10,"turns":4},{"damage":14,"enemies":"Red Slaver","floor":11,"turns":4},{"damage":29,"enemies":"Lagavulin","floor":12,"turns":7},{"damage":8,"enemies":"Lots of Slimes","floor":13,"turns":2}],"seed_played":"8570825951914269608","potions_obtained":[{"floor":4,"key":"Energy Potion"},{"floor":7,"key":"SteroidPotion"},{"floor":10,"key":"GamblersBrew"}],"is_trial":false,"path_per_floor":["M","?","M","M","$","R","E","R","T","M","M","E","M"],"character_chosen":"DEFECT","items_purchased":["Static Discharge","Lockon"],"campfire_rested":1,"item_purchase_floors":[5,5],"current_hp_per_floor":[64,64,64,64,64,64,35,56,56,50,36,7,0],"gold":160,"neow_bonus":"THREE_ENEMY_KILL","is_prod":false,"is_daily":false,"chose_seed":false,"campfire_upgraded":1,"win_rate":0,"timestamp":1546567505,"path_taken":["M","?","M","?","$","R","E","R","T","M","M","E","M"],"build_version":"2018-12-20","purchased_purges":0,"victory":false,"max_hp_per_floor":[71,71,71,71,71,71,71,71,71,71,71,71,71],"card_choices":[{"not_picked":["Go for the Eyes","BootSequence"],"picked":"Coolheaded","floor":1},{"not_picked":["Go for the Eyes","Turbo"],"picked":"Ball Lightning","floor":3},{"not_picked":["Go for the Eyes","Fission"],"picked":"Recycle","floor":4},{"not_picked":["Sweeping Beam","Chill"],"picked":"Buffer","floor":7},{"not_picked":["Turbo","Beam Cell"],"picked":"Capacitor","floor":10},{"not_picked":["Loop","Sweeping Beam"],"picked":"Coolheaded","floor":11},{"not_picked":["Consume","Tempest"],"picked":"Steam","floor":12}],"player_experience":1993195,"relics_obtained":[{"floor":7,"key":"Tiny Chest"},{"floor":12,"key":"Question Card"}],"event_choices":[{"damage_healed":0,"gold_gain":0,"player_choice":"Trade","damage_taken":0,"relics_obtained":["NlothsMask"],"max_hp_gain":0,"max_hp_loss":0,"event_name":"FaceTrader","floor":2,"gold_loss":0}],"is_beta":false,"boss_relics":[],"items_purged_floors":[],"is_endless":false,"potions_floor_spawned":[4,7,10],"killed_by":"Lots of Slimes","ascension_level":18}