{"gold_per_floor":[115,115,133,133,64,95,95,95,95,95,95,95,60,84,84,214,214,234,258,272,272,285,285,323,323,350,350,98,98,131,150,150,270,270,295,295,314,314,328,328,369,369,369,220,220,220,254,379,379,379],"floor_reached":50,"playtime":1211,"items_purged":[],"score":532,"play_id":"46084480-7b10-4a51-b275-2e9169d33cfc","local_time":"20190211191706","is_ascension_mode":false,"campfire_choices":[{"data":"Bash","floor":7.0,"key":"SMITH"},{"data":"Corruption","floor":10.0,"key":"SMITH"},{"data":"Whirlwind","floor":15.0,"key":"SMITH"},{"floor":23.0,"key":"REST"},{"floor":27.0,"key":"REST"},{"data":"Double Tap","floor":32.0,"key":"SMITH"},{"data":"Shrug It Off","floor":40.0,"key":"SMITH"},{"data":"Shrug It Off","floor":42.0,"key":"SMITH"},{"data":"Defend_R","floor":46,"key":"SMITH"},{"floor":49,"key":"REST"}],"neow_cost":"NONE","seed_source_timestamp":1675368484906991,"circlet_count":0,"master_deck":["Strike_R","Strike_R","Strike_R+1","Strike_R","Defend_R+1","Defend_R","Defend_R","Defend_R+1","Bash+1","Bludgeon+1","Shrug It Off+1","Corruption+1","Whirlwind+1","Double Tap+1","Flex+1","J.A.X.+1","Shrug It Off+1","Flame Barrier+1"],"special_seed":0,"relics":["Burning Blood","Mummified Hand","Darkstone Periapt","Golden Idol","Eternal Feather","Bag of Marbles","Centennial Puzzle","Chemical X","War Paint","Cursed Key","Mango","Anchor","Red Skull","Thread and Needle"],"potions_floor_usage":[],"damage_taken":[{"damage":0.0,"enemies":"Cultist","floor":1.0,"turns":2.0},{"damage":11.0,"enemies":"Jaw Worm","floor":3.0,"turns":2.0},{"damage":19.0,"enemies":"3 Sentries","floor":6.0,"turns":9.0},{"damage":0.0,"enemies":"Small Slimes","floor":14.0,"turns":2.0},{"damage":27.0,"enemies":"Slime Boss","floor":16.0,"turns":6.0},{"damage":25.0,"enemies":"Shell Parasite","floor":18.0,"turns":5.0},{"damage":0.0,"enemies":"Spheric Guardian","floor":19.0,"turns":3.0},{"damage":10.0,"enemies":"Centurion and Healer","floor":20.0,"turns":2.0},{"damage":46.0,"enemies":"3 Cultists","floor":22.0,"turns":6.0},{"damage":31.0,"enemies":"Gremlin Leader","floor":24.0,"turns":8.0},{"damage":24.0,"enemies":"Slavers","floor":30.0,"turns":2.0},{"damage":2.0,"enemies":"Cultist and Chosen","floor":31.0,"turns":4.0},{"damage":50.0,"enemies":"Collector","floor":33.0,"turns":7.0},{"damage":5.0,"enemies":"3 Shapes","floor":35.0,"turns":4.0},{"damage":3.0,"enemies":"Orb Walker","floor":37.0,"turns":2.0},{"damage":0.0,"enemies":"3 Darklings","floor":39.0,"turns":2.0},{"damage":39.0,"enemies":"Reptomancer","floor":41.0,"turns":5.0},{"damage":11,"enemies":"Giant Head","floor":47,"turns":4},{"damage":15,"enemies":"Mind Bloom Boss Battle","floor":48,"turns":5},{"damage":0,"enemies":"Time Eater","floor":50,"turns":1}],"seed_played":"-6656276783169772629","potions_obtained":[{"floor":16.0,"key":"Energy Potion"},{"floor":19.0,"key":"SteroidPotion"},{"floor":20.0,"key":"Poison Potion"},{"floor":31.0,"key":"Weak Potion"},{"floor":37.0,"key":"BloodPotion"},{"floor":39.0,"key":"Weak Potion"},{"floor":48,"key":"Fire Potion"}],"is_trial":false,"path_per_floor":["M","$","M","?","$","E","R","$","T","R","?","?","?","M","R","B",null,"M","M","M","$","M","R","E","?","T","R","$","?","E","M","R","B",null,"M","?","M","?","M","R","E","R","T","$","?","R","E","?","R","B"],"character_chosen":"IRONCLAD","items_purchased":["Corruption","Shrug It Off","Chemical X","Anchor"],"campfire_rested":3,"item_purchase_floors":[5,28,28,44],"current_hp_per_floor":[80,80,75,75,75,62,62,62,62,62,42,26,46,52,52,31,80,61,67,63,63,23,56,31,31,31,64,64,64,46,50,59,15,80,80,80,80,80,80,80,61,70,70,70,70,79,74,65,94,94],"gold":379,"neow_bonus":"ONE_RANDOM_RARE_CARD","is_prod":false,"is_daily":false,"chose_seed":false,"campfire_upgraded":7,"win_rate":0,"timestamp":1549880226,"path_taken":["M","?","M","?","$","E","R","$","T","R","?","?","?","?","R","BOSS","M","M","M","$","M","R","E","?","T","R","$","?","E","M","R","BOSS","M","?","M","?","M","R","E","R","T","$","?","R","E","?","R","BOSS"],"build_version":"2019-01-23","purchased_purges":0,"victory":false,"max_hp_per_floor":[80,80,80,80,80,80,80,80,80,80,80,80,80,80,80,80,80,80,80,80,80,80,80,80,80,80,80,80,80,80,80,80,80,80,80,80,80,80,80,80,94,94,94,94,94,94,94,94,94,94],"card_choices":[{"not_picked":["Perfected Strike","Hemokinesis","Cleave"],"picked":"SKIP","floor":1.0},{"not_picked":["Heavy Blade","Power Through"],"picked":"Shrug It Off","floor":3.0},{"not_picked":["Sword Boomerang","Exhume","Warcry"],"picked":"SKIP","floor":6.0},{"not_picked":["Combust","Blood for Blood"],"picked":"Whirlwind","floor":14.0},{"not_picked":["Limit Break","Brutality"],"picked":"Double Tap","floor":16.0},{"not_picked":["True Grit","Entrench+1","Clash"],"picked":"SKIP","floor":18.0},{"not_picked":["Sword Boomerang","Heavy Blade"],"picked":"Flex","floor":19.0},{"not_picked":["Sentinel","Thunderclap","Clash"],"picked":"SKIP","floor":20.0},{"not_picked":["Heavy Blade","Body Slam","Rupture"],"picked":"SKIP","floor":22.0},{"not_picked":["Thunderclap","Headbutt+1","True Grit"],"picked":"SKIP","floor":24.0},{"not_picked":["Infernal Blade","True Grit","Burning Pact+1"],"picked":"SKIP","floor":30.0},{"not_picked":["Carnage","Warcry+1","Berserk"],"picked":"SKIP","floor":31.0},{"not_picked":["Feel No Pain","Iron Wave","Body Slam"],"picked":"SKIP","floor":35.0},{"not_picked":["Headbutt","Entrench+1","Clash"],"picked":"SKIP","floor":37.0},{"not_picked":["Entrench","Brutality","Body Slam"],"picked":"SKIP","floor":39.0},{"not_picked":["Power Through","Anger+1","Uppercut"],"picked":"SKIP","floor":41.0},{"not_picked":["Shrug It Off+1","Evolve+1","Thunderclap"],"picked":"SKIP","floor":47},{"not_picked":["Cleave+1","Bloodletting+1"],"picked":"Flame Barrier+1","floor":48}],"player_experience":521739,"relics_obtained":[{"floor":6.0,"key":"Mummified Hand"},{"floor":9.0,"key":"Darkstone Periapt"},{"floor":24.0,"key":"Bag of Marbles"},{"floor":26.0,"key":"Centennial Puzzle"},{"floor":30.0,"key":"War Paint"},{"floor":41.0,"key":"Mango"},{"floor":47,"key":"Red Skull"},{"floor":48,"key":"Thread and Needle"}],"event_choices":[{"damage_healed":0.0,"max_hp_gain":0.0,"max_hp_loss":0.0,"gold_gain":0.0,"event_name":"Living Wall","player_choice":"Grow","floor":4.0,"gold_loss":0.0,"damage_taken":0.0,"cards_upgraded":["Bludgeon"]},{"damage_healed":0.0,"max_hp_gain":0.0,"max_hp_loss":0.0,"gold_gain":0.0,"event_name":"Golden Idol","player_choice":"Take Damage","floor":11.0,"gold_loss":0.0,"damage_taken":20.0,"relics_obtained":["Golden Idol"]},{"damage_healed":0.0,"max_hp_gain":0.0,"max_hp_loss":0.0,"gold_gain":0.0,"event_name":"Shining Light","player_choice":"Entered Light","floor":12.0,"gold_loss":0.0,"damage_taken":16.0,"cards_upgraded":["Defend_R","Strike_R"]},{"damage_healed":20.0,"max_hp_gain":0.0,"max_hp_loss":0.0,"gold_gain":0.0,"event_name":"The Cleric","player_choice":"Healed","floor":13.0,"gold_loss":35.0,"damage_taken":0.0},{"damage_healed":0.0,"max_hp_gain":0.0,"max_hp_loss":0.0,"gold_gain":0.0,"event_name":"Drug Dealer","player_choice":"Obtain J.A.X.","floor":25.0,"gold_loss":0.0,"damage_taken":0.0,"cards_obtained":["J.A.X."]},{"damage_healed":0.0,"max_hp_gain":0.0,"max_hp_loss":0.0,"gold_gain":0.0,"event_name":"The Mausoleum","player_choice":"Ignored","floor":29.0,"gold_loss":0.0,"damage_taken":0.0},{"cards_removed":["Strike_R"],"damage_healed":0.0,"max_hp_gain":0.0,"max_hp_loss":0.0,"gold_gain":0.0,"event_name":"Falling","player_choice":"Removed Attack","floor":36.0,"gold_loss":0.0,"damage_taken":0.0},{"damage_healed":0.0,"max_hp_gain":0.0,"max_hp_loss":0.0,"gold_gain":0.0,"event_name":"Tomb of Lord Red Mask","player_choice":"Ignored","floor":38.0,"gold_loss":0.0,"damage_taken":0.0},{"damage_healed":0,"gold_gain":0,"player_choice":"Memory 1","damage_taken":0,"max_hp_gain":0,"max_hp_loss":0,"event_name":"SensoryStone","floor":45,"gold_loss":0},{"damage_healed":0,"gold_gain":0,"player_choice":"Fight","damage_taken":0,"max_hp_gain":0,"max_hp_loss":0,"event_name":"MindBloom","floor":48,"gold_loss":0}],"is_beta":false,"boss_relics":[{"not_picked":["Snecko Eye","Pandora\u0027s Box"],"picked":"Eternal Feather"},{"not_picked":["Fusion Hammer","Black Blood"],"picked":"Cursed Key"}],"items_purged_floors":[],"is_endless":false,"potions_floor_spawned":[16,19,20,31,37,39,48],"killed_by":"Time Eater","ascension_level":0}