{"gold_per_floor":[117,127,127,142,159,159,185,197,233,277,308,346,358,370,382,394],"floor_reached":16,"playtime":566,"items_purged":[],"score":182,"play_id":"42565787-775a-4dcc-97a2-89b1c3804dfd","local_time":"20181115203726","is_ascension_mode":true,"campfire_choices":[{"floor":6,"key":"REST"},{"data":"Neutralize","floor":8,"key":"SMITH"},{"floor":15,"key":"REST"}],"neow_cost":"NONE","seed_source_timestamp":861799851880093,"circlet_count":0,"master_deck":["AscendersBane","Defend_G","Defend_G","Defend_G","Defend_G","Defend_G","Strike_G","Strike_G","Strike_G","Strike_G","Strike_G","Survivor","Neutralize+1","Flying Knee","Finisher","Dodge and Roll","Cloak And Dagger","Deadly Poison","Envenom","Escape Plan","Injury"],"relics":["Black Star","Happy Flower","MawBank","Art of War","Boot","Girya","Du-Vu Doll","Oddly Smooth Stone","Golden Idol"],"potions_floor_usage":[7,7,11],"damage_taken":[{"damage":0,"enemies":"2 Louse","floor":1,"turns":5},{"damage":7,"enemies":"Cultist","floor":2,"turns":5},{"damage":9,"enemies":"Jaw Worm","floor":4,"turns":4},{"damage":8,"enemies":"Looter","floor":5,"turns":3},{"damage":14,"enemies":"3 Sentries","floor":7,"turns":6},{"damage":27,"enemies":"Lagavulin","floor":10,"turns":8},{"damage":14,"enemies":"3 Louse","floor":11,"turns":4},{"damage":29,"enemies":"Slime Boss","floor":16,"turns":3}],"seed_played":"-8240135224242954792","potions_obtained":[{"floor":2,"key":"Fire Potion"},{"floor":5,"key":"PowerPotion"},{"floor":10,"key":"Poison Potion"}],"is_trial":false,"path_per_floor":["M","M","?","M","M","R","E","R","T","E","M","T","?","?","R","B"],"character_chosen":"THE_SILENT","items_purchased":[],"campfire_rested":2,"item_purchase_floors":[],"current_hp_per_floor":[63,56,56,47,39,60,46,46,46,19,5,5,5,5,26,0],"gold":394,"neow_bonus":"BOSS_RELIC","is_prod":false,"is_daily":false,"chose_seed":false,"campfire_upgraded":1,"win_rate":0,"timestamp":1542332246,"path_taken":["M","M","?","M","?","R","E","R","T","E","M","?","?","?","R","BOSS"],"build_version":"2018-11-15","purchased_purges":0,"victory":false,"max_hp_per_floor":[70,70,70,70,70,70,70,70,70,70,70,70,70,70,70,70],"card_choices":[{"not_picked":["Poisoned Stab","Dagger Spray"],"picked":"Flying Knee","floor":1},{"not_picked":["Well Laid Plans","Flying Knee"],"picked":"Finisher","floor":2},{"not_picked":["Poisoned Stab","Acrobatics"],"picked":"Dodge and Roll","floor":4},{"not_picked":["Slice","Prepared"],"picked":"Cloak And Dagger","floor":5},{"not_picked":["Underhanded Strike","Bane"],"picked":"Deadly Poison","floor":7},{"not_picked":["Skewer","Cloak And Dagger"],"picked":"Envenom","floor":10},{"not_picked":["Sucker Punch","Prepared"],"picked":"Escape Plan","floor":11}],"player_experience":1692801,"relics_obtained":[{"floor":3,"key":"Happy Flower"},{"floor":7,"key":"MawBank"},{"floor":7,"key":"Art of War"},{"floor":9,"key":"Boot"},{"floor":10,"key":"Girya"},{"floor":10,"key":"Du-Vu Doll"},{"floor":12,"key":"Oddly Smooth Stone"}],"event_choices":[{"damage_healed":0,"gold_gain":0,"player_choice":"Relic","damage_taken":0,"max_hp_gain":0,"max_hp_loss":0,"event_name":"Wheel of Change","floor":3,"gold_loss":0},{"damage_healed":0,"gold_gain":0,"player_choice":"Take Wound","damage_taken":0,"relics_obtained":["Golden Idol"],"max_hp_gain":0,"max_hp_loss":0,"event_name":"Golden Idol","floor":13,"gold_loss":0,"cards_obtained":["Injury"]},{"damage_healed":0,"gold_gain":0,"player_choice":"Ignored","damage_taken":0,"max_hp_gain":0,"max_hp_loss":0,"event_name":"Shining Light","floor":14,"gold_loss":0}],"is_beta":false,"boss_relics":[],"items_purged_floors":[],"is_endless":false,"potions_floor_spawned":[2,5,10],"killed_by":"Slime Boss","ascension_level":13}