{"gold_per_floor":[110,126,201,376,59,59,89,89,142,157,189,189,207,207,207,312,312,322,342,353,368,384,384,384,384,410,410,445,457,479,521,533,644,656,678,690,110,210,227,252,252,0,76,109,109,109,123,146,146,146],"floor_reached":51,"playtime":2178,"items_purged":["Doubt","Strike_R"],"score":1613,"play_id":"c5de7a88-6673-427c-af8e-b3632aa4093d","local_time":"20190123202017","is_ascension_mode":true,"campfire_choices":[{"data":"Carnage","floor":6.0,"key":"SMITH"},{"data":"Madness","floor":12.0,"key":"SMITH"},{"floor":15.0,"key":"REST"},{"floor":23.0,"key":"REST"},{"data":"Double Tap","floor":25.0,"key":"SMITH"},{"data":"Shockwave","floor":27.0,"key":"SMITH"},{"data":"Offering","floor":32.0,"key":"SMITH"},{"data":"Bludgeon","floor":41.0,"key":"SMITH"},{"floor":46,"key":"REST"},{"data":"Bash","floor":49,"key":"SMITH"}],"neow_cost":"NONE","seed_source_timestamp":36565279938794,"circlet_count":0,"master_deck":["AscendersBane","Strike_R","Strike_R","Strike_R","Defend_R","Defend_R+1","Defend_R","Defend_R+1","Bash+1","Carnage+1","Madness+1","Impervious","Double Tap+1","Offering+1","Whirlwind+1","Thunderclap+1","Pommel Strike+1","Shockwave+1","Ghostly","Ghostly","Ghostly","Ghostly","Ghostly","Bludgeon+1","Flame Barrier+1","Flash of Steel","Secret Weapon+1","Battle Trance+1","Seeing Red+1"],"special_seed":0,"relics":["Black Blood","Juzu Bracelet","StoneCalendar","Pen Nib","Orichalcum","Boot","MawBank","Toxic Egg 2","Mark of Pain","Vajra","PreservedInsect","Champion Belt","Bronze Scales","Red Mask","Ornamental Fan","Omamori","Art of War"],"potions_floor_usage":[50],"damage_taken":[{"damage":7.0,"enemies":"Small Slimes","floor":1.0,"turns":4.0},{"damage":8.0,"enemies":"2 Louse","floor":2.0,"turns":3.0},{"damage":25.0,"enemies":"3 Sentries","floor":7.0,"turns":7.0},{"damage":4.0,"enemies":"Jaw Worm","floor":10.0,"turns":2.0},{"damage":12.0,"enemies":"Lagavulin","floor":11.0,"turns":6.0},{"damage":12.0,"enemies":"Lots of Slimes","floor":13.0,"turns":5.0},{"damage":0.0,"enemies":"Slime Boss","floor":16.0,"turns":6.0},{"damage":32.0,"enemies":"3 Byrds","floor":18.0,"turns":7.0},{"damage":0.0,"enemies":"Chosen","floor":19.0,"turns":4.0},{"damage":27.0,"enemies":"Sentry and Sphere","floor":20.0,"turns":5.0},{"damage":30.0,"enemies":"Chosen and Byrds","floor":21.0,"turns":6.0},{"damage":6.0,"enemies":"Shelled Parasite and Fungi","floor":22.0,"turns":2.0},{"damage":1.0,"enemies":"Gremlin Leader","floor":28.0,"turns":6.0},{"damage":6.0,"enemies":"Centurion and Healer","floor":30.0,"turns":6.0},{"damage":22.0,"enemies":"Book of Stabbing","floor":31.0,"turns":6.0},{"damage":1.0,"enemies":"Collector","floor":33.0,"turns":8.0},{"damage":1.0,"enemies":"Orb Walker","floor":35.0,"turns":4.0},{"damage":1.0,"enemies":"Mind Bloom Boss Battle","floor":38.0,"turns":5.0},{"damage":1.0,"enemies":"3 Darklings","floor":39.0,"turns":6.0},{"damage":1.0,"enemies":"Giant Head","floor":40.0,"turns":5.0},{"damage":27,"enemies":"Nemesis","floor":44,"turns":7},{"damage":0,"enemies":"Spire Growth","floor":47,"turns":5},{"damage":1,"enemies":"Donu and Deca","floor":50,"turns":6}],"seed_played":"2439777578238612295","potions_obtained":[{"floor":2.0,"key":"EntropicBrew"},{"floor":7.0,"key":"SneckoOil"},{"floor":10.0,"key":"Fire Potion"},{"floor":16.0,"key":"Block Potion"},{"floor":18.0,"key":"GamblersBrew"},{"floor":28.0,"key":"Energy Potion"},{"floor":30.0,"key":"Regen Potion"},{"floor":31.0,"key":"PowerPotion"},{"floor":33.0,"key":"Dexterity Potion"},{"floor":35.0,"key":"Strength Potion"},{"floor":38.0,"key":"Energy Potion"}],"is_trial":false,"path_per_floor":["M","M","?","?","$","R","E","?","T","M","E","R","M","?","R","B",null,"M","M","M","M","M","R","?","R","T","R","E","?","M","E","R","B",null,"M","?","$","?","M","E","R","?","T","E","?","R","M","T","R","B",null],"character_chosen":"IRONCLAD","items_purchased":["Juzu Bracelet","Madness","Vajra","PreservedInsect","Secret Weapon+1"],"campfire_rested":3,"item_purchase_floors":[5,5,37,37,37],"current_hp_per_floor":[71,69,58,58,58,58,39,39,39,41,35,35,29,13,37,43,71,49,59,42,22,26,50,40,40,40,40,40,40,40,40,40,40,40,40,40,40,40,40,40,40,40,40,23,23,35,40,40,40,40],"gold":146,"neow_bonus":"REMOVE_CARD","is_prod":false,"is_daily":false,"chose_seed":false,"campfire_upgraded":7,"win_rate":0,"timestamp":1548242417,"path_taken":["M","M","?","?","$","R","E","?","T","M","E","R","M","?","R","BOSS","M","M","M","M","M","R","?","R","T","R","E","?","M","E","R","BOSS","M","?","$","?","M","E","R","?","T","E","?","R","M","?","R","BOSS"],"build_version":"2019-01-17v2","purchased_purges":2,"victory":true,"max_hp_per_floor":[80,80,80,80,80,80,80,80,80,80,80,80,80,80,80,80,80,80,80,80,80,80,80,40,40,40,40,40,40,40,40,40,40,40,40,40,40,40,40,40,40,40,40,40,40,40,40,40,40,40],"card_choices":[{"not_picked":["Anger","Evolve"],"picked":"Shrug It Off","floor":1.0},{"not_picked":["Rage","Dual Wield"],"picked":"Carnage","floor":2.0},{"not_picked":["Second Wind","Bloodletting"],"picked":"Impervious","floor":7.0},{"not_picked":["Sword Boomerang","Clothesline","Headbutt"],"picked":"SKIP","floor":10.0},{"not_picked":["Juggernaut","Carnage"],"picked":"Double Tap","floor":11.0},{"not_picked":["Anger","Wild Strike","Searing Blow"],"picked":"SKIP","floor":13.0},{"not_picked":["Brutality","Double Tap"],"picked":"Offering","floor":16.0},{"not_picked":["Heavy Blade","Combust","Armaments"],"picked":"SKIP","floor":18.0},{"not_picked":["Hemokinesis+1","Entrench"],"picked":"Whirlwind+1","floor":19.0},{"not_picked":["Perfected Strike","Reckless Charge"],"picked":"Thunderclap+1","floor":20.0},{"not_picked":["Body Slam","Corruption"],"picked":"Pommel Strike+1","floor":21.0},{"not_picked":["Anger","Whirlwind"],"picked":"Shockwave","floor":22.0},{"not_picked":["Power Through","Demon Form","Blood for Blood"],"picked":"SKIP","floor":28.0},{"not_picked":["Clash+1","Heavy Blade","Body Slam"],"picked":"SKIP","floor":30.0},{"not_picked":["Twin Strike","Shrug It Off","Havoc+1"],"picked":"SKIP","floor":31.0},{"not_picked":["Feed","Impervious+1"],"picked":"Bludgeon","floor":33.0},{"not_picked":["Seeing Red+1","Twin Strike"],"picked":"Flame Barrier+1","floor":35.0},{"not_picked":["Dark Shackles+1","Good Instincts+1"],"picked":"Flash of Steel","floor":36.0},{"not_picked":["Power Through+1","Perfected Strike"],"picked":"Battle Trance+1","floor":39.0},{"not_picked":["Perfected Strike+1","Body Slam+1","Rampage"],"picked":"SKIP","floor":40.0},{"not_picked":["Corruption","Blood for Blood"],"picked":"Seeing Red+1","floor":44},{"not_picked":["Twin Strike","Sever Soul","Reckless Charge+1"],"picked":"SKIP","floor":47}],"player_experience":438026,"relics_obtained":[{"floor":7.0,"key":"StoneCalendar"},{"floor":9.0,"key":"Pen Nib"},{"floor":11.0,"key":"Orichalcum"},{"floor":26.0,"key":"Boot"},{"floor":28.0,"key":"MawBank"},{"floor":31.0,"key":"Toxic Egg 2"},{"floor":38.0,"key":"Champion Belt"},{"floor":40.0,"key":"Bronze Scales"},{"floor":43.0,"key":"Ornamental Fan"},{"floor":44,"key":"Omamori"},{"floor":48,"key":"Art of War"}],"event_choices":[{"damage_healed":0.0,"max_hp_gain":0.0,"max_hp_loss":0.0,"gold_gain":75.0,"event_name":"World of Goop","player_choice":"Gather Gold","floor":3.0,"gold_loss":0.0,"damage_taken":11.0},{"damage_healed":0.0,"max_hp_gain":0.0,"max_hp_loss":0.0,"gold_gain":175.0,"event_name":"Liars Game","player_choice":"AGREE","floor":4.0,"gold_loss":0.0,"damage_taken":0.0,"cards_obtained":["Doubt"]},{"damage_healed":0.0,"max_hp_gain":0.0,"max_hp_loss":0.0,"gold_gain":0.0,"event_name":"FaceTrader","player_choice":"Leave","floor":8.0,"gold_loss":0.0,"damage_taken":0.0},{"damage_healed":0.0,"max_hp_gain":0.0,"max_hp_loss":0.0,"gold_gain":0.0,"event_name":"Shining Light","player_choice":"Entered Light","floor":14.0,"gold_loss":0.0,"damage_taken":16.0,"cards_upgraded":["Defend_R","Defend_R"]},{"damage_healed":0.0,"max_hp_gain":0.0,"max_hp_loss":40.0,"gold_gain":0.0,"event_name":"Ghosts","player_choice":"Became a Ghost","floor":24.0,"gold_loss":0.0,"damage_taken":0.0,"cards_obtained":["Ghostly","Ghostly","Ghostly","Ghostly","Ghostly"]},{"damage_healed":0.0,"max_hp_gain":0.0,"max_hp_loss":0.0,"gold_gain":0.0,"event_name":"Vampires","player_choice":"Ignored","floor":29.0,"gold_loss":0.0,"damage_taken":0.0},{"damage_healed":0.0,"max_hp_gain":0.0,"max_hp_loss":0.0,"gold_gain":0.0,"event_name":"SensoryStone","player_choice":"Memory 1","floor":36.0,"gold_loss":0.0,"damage_taken":0.0},{"damage_healed":0.0,"max_hp_gain":0.0,"max_hp_loss":0.0,"gold_gain":0.0,"event_name":"MindBloom","player_choice":"Fight","floor":38.0,"gold_loss":0.0,"damage_taken":0.0},{"damage_healed":0.0,"max_hp_gain":0.0,"max_hp_loss":0.0,"gold_gain":0.0,"event_name":"Tomb of Lord Red Mask","player_choice":"Paid","floor":42.0,"gold_loss":252.0,"damage_taken":0.0,"relics_obtained":["Red Mask"]},{"cards_removed":["Shrug It Off"],"damage_healed":0,"gold_gain":0,"player_choice":"Removed Skill","damage_taken":0,"max_hp_gain":0,"max_hp_loss":0,"event_name":"Falling","floor":45,"gold_loss":0}],"is_beta":false,"boss_relics":[{"not_picked":["Tiny House","Astrolabe"],"picked":"Black Blood"},{"not_picked":["Velvet Choker","Lizard Tail"],"picked":"Mark of Pain"}],"items_purged_floors":[5,37],"is_endless":false,"potions_floor_spawned":[2,7,10,16,18,28,30,31,33,35,38,40],"ascension_level":11}