{"gold_per_floor":[109,19,119,119,136,161,161,172,196,166,178,178,178,178,178,277,277,217,235,235,247,347,347,357,357],"floor_reached":25,"playtime":1432,"items_purged":[],"score":224,"play_id":"d3283281-0b7a-48bf-b079-c142d29d1ba1","local_time":"20190124160709","is_ascension_mode":false,"campfire_choices":[{"data":"Caltrops","floor":7,"key":"SMITH"},{"data":"Caltrops","floor":13,"key":"SMITH"},{"floor":15,"key":"REST"},{"data":"Caltrops","floor":23,"key":"SMITH"}],"neow_cost":"NONE","seed_source_timestamp":1118642225072258,"circlet_count":0,"master_deck":["Defend_G","Defend_G","Defend_G+1","Defend_G","Defend_G","Strike_G","Strike_G+1","Strike_G","Survivor","Neutralize","Footwork","Caltrops+1","Cloak And Dagger","Riddle With Holes","Caltrops+1","Caltrops+1","Deflect","Deflect","Burst","Cloak And Dagger+1","Escape Plan+1","Deflect","Blur+1"],"relics":["Ring of the Snake","NeowsBlessing","Strawberry","Bag of Preparation","Empty Cage"],"potions_floor_usage":[6,16,19,24,25],"damage_taken":[{"damage":0,"enemies":"Cultist","floor":1,"turns":1},{"damage":0,"enemies":"Jaw Worm","floor":5,"turns":1},{"damage":0,"enemies":"3 Sentries","floor":6,"turns":1},{"damage":2,"enemies":"2 Louse","floor":8,"turns":3},{"damage":9,"enemies":"Looter","floor":10,"turns":4},{"damage":16,"enemies":"Exordium Thugs","floor":11,"turns":4},{"damage":26,"enemies":"The Guardian","floor":16,"turns":10},{"damage":10,"enemies":"2 Thieves","floor":18,"turns":4},{"damage":1,"enemies":"Chosen","floor":19,"turns":6},{"damage":58,"enemies":"Centurion and Healer","floor":21,"turns":28},{"damage":0,"enemies":"Snecko","floor":24,"turns":8},{"damage":11,"enemies":"Cultist and Chosen","floor":25,"turns":4}],"seed_played":"8119864999135801355","potions_obtained":[{"floor":1,"key":"Energy Potion"},{"floor":11,"key":"Swift Potion"},{"floor":16,"key":"Swift Potion"},{"floor":21,"key":"Dexterity Potion"},{"floor":24,"key":"Weak Potion"}],"is_trial":false,"path_per_floor":["M","$","?","$","M","E","R","M","T","M","M","?","R","?","R","B",null,"M","M","?","M","?","R","M","M"],"character_chosen":"THE_SILENT","items_purchased":["Caltrops","Cloak And Dagger"],"campfire_rested":1,"item_purchase_floors":[2,2],"current_hp_per_floor":[70,70,70,70,70,77,77,75,75,66,50,50,50,35,58,32,77,67,66,66,8,8,8,8,0],"gold":357,"neow_bonus":"THREE_ENEMY_KILL","is_prod":false,"is_daily":false,"chose_seed":false,"campfire_upgraded":3,"win_rate":0.0,"timestamp":1548374829,"path_taken":["M","$","?","$","M","E","R","M","T","?","M","?","R","?","R","BOSS","M","M","?","M","?","R","M","M"],"build_version":"2019-01-23","purchased_purges":0,"victory":false,"max_hp_per_floor":[70,70,70,70,70,77,77,77,77,77,77,77,77,77,77,77,77,77,77,77,77,77,77,77,77],"card_choices":[{"not_picked":["Leg Sweep","Endless Agony"],"picked":"Footwork","floor":1},{"not_picked":["Deflect","Prepared"],"picked":"Riddle With Holes","floor":5},{"not_picked":["Phantasmal Killer","Noxious Fumes"],"picked":"Caltrops","floor":6},{"not_picked":["Prepared","Noxious Fumes"],"picked":"Caltrops","floor":8},{"not_picked":["Outmaneuver","Deadly Poison"],"picked":"Deflect","floor":10},{"not_picked":["Acrobatics","Blade Dance"],"picked":"Deflect","floor":11},{"not_picked":["A Thousand Cuts","Doppelganger"],"picked":"Burst","floor":16},{"not_picked":["Blade Dance","Predator"],"picked":"Cloak And Dagger+1","floor":18},{"not_picked":["Accuracy+1","Prepared"],"picked":"Escape Plan+1","floor":19},{"not_picked":["Dagger Spray","Eviscerate+1"],"picked":"Blur+1","floor":21},{"not_picked":["Dagger Throw","Choke","Backstab+1"],"picked":"SKIP","floor":24}],"player_experience":151195,"relics_obtained":[{"floor":6,"key":"Strawberry"},{"floor":9,"key":"Bag of Preparation"}],"event_choices":[{"damage_healed":0,"gold_gain":100,"player_choice":"Pray","damage_taken":0,"max_hp_gain":0,"max_hp_loss":0,"event_name":"Golden Shrine","floor":3,"gold_loss":0},{"damage_healed":0,"gold_gain":0,"player_choice":"Ignored","damage_taken":0,"max_hp_gain":0,"max_hp_loss":0,"event_name":"Liars Game","floor":12,"gold_loss":0},{"damage_healed":0,"gold_gain":0,"player_choice":"Entered Light","damage_taken":15,"max_hp_gain":0,"max_hp_loss":0,"event_name":"Shining Light","floor":14,"gold_loss":0,"cards_upgraded":["Strike_G","Defend_G"]},{"damage_healed":0,"gold_gain":0,"player_choice":"Read","damage_taken":0,"max_hp_gain":0,"max_hp_loss":0,"event_name":"The Library","floor":20,"gold_loss":0,"cards_obtained":["Deflect"]},{"damage_healed":0,"gold_gain":100,"player_choice":"Pray","damage_taken":0,"max_hp_gain":0,"max_hp_loss":0,"event_name":"Golden Shrine","floor":22,"gold_loss":0}],"is_beta":false,"boss_relics":[{"not_picked":["White Beast Statue","Runic Pyramid"],"picked":"Empty Cage"}],"items_purged_floors":[],"is_endless":false,"potions_floor_spawned":[1,11,16,21,24],"killed_by":"Cultist and Chosen","ascension_level":0}