{"gold_per_floor":[113,128,139,154,73,73,91,104,104,104,121,148,148,160,160,236,286,302,280,12,30,30],"floor_reached":22,"playtime":999,"items_purged":["Strike_G"],"score":364,"play_id":"a19e0c84-9a6b-420c-8473-c7a5e08a7930","local_time":"20190213001504","is_ascension_mode":true,"campfire_choices":[{"data":"Footwork","floor":6.0,"key":"SMITH"},{"data":"Neutralize","floor":10.0,"key":"SMITH"},{"data":"Skewer","floor":13,"key":"SMITH"},{"floor":15,"key":"REST"}],"neow_cost":"NONE","seed_source_timestamp":10208126647529,"circlet_count":0,"master_deck":["AscendersBane","Defend_G","Defend_G","Defend_G","Defend_G","Defend_G","Strike_G","Strike_G","Strike_G","Survivor","Neutralize+1","Dagger Throw","Caltrops","Backstab","Tactician+1","Footwork+1","Crippling Poison","Poisoned Stab","PiercingWail","Skewer+1","Crippling Poison","Adrenaline","Footwork","PiercingWail","Prepared","Apotheosis","Backflip"],"special_seed":0,"relics":["Ring of the Snake","Unceasing Top","Odd Mushroom","Tiny House"],"potions_floor_usage":[16,16],"damage_taken":[{"damage":6.0,"enemies":"Cultist","floor":1.0,"turns":5.0},{"damage":3.0,"enemies":"2 Louse","floor":2.0,"turns":4.0},{"damage":9.0,"enemies":"Small Slimes","floor":3.0,"turns":5.0},{"damage":4.0,"enemies":"Blue Slaver","floor":4.0,"turns":4.0},{"damage":0.0,"enemies":"Red Slaver","floor":7.0,"turns":5.0},{"damage":11.0,"enemies":"Large Slime","floor":8.0,"turns":9.0},{"damage":6,"enemies":"Looter","floor":11,"turns":4},{"damage":4,"enemies":"The Mushroom Lair","floor":12,"turns":4},{"damage":5,"enemies":"3 Louse","floor":14,"turns":3},{"damage":38,"enemies":"Slime Boss","floor":16,"turns":15},{"damage":13,"enemies":"Shell Parasite","floor":18,"turns":8},{"damage":8,"enemies":"2 Thieves","floor":19,"turns":4},{"damage":19,"enemies":"Centurion and Healer","floor":21,"turns":7},{"damage":42,"enemies":"Chosen and Byrds","floor":22,"turns":5}],"seed_played":"3731684206714954006","potions_obtained":[{"floor":8.0,"key":"Regen Potion"},{"floor":11,"key":"AttackPotion"},{"floor":12,"key":"Fire Potion"},{"floor":17,"key":"LiquidBronze"},{"floor":18,"key":"Dexterity Potion"}],"is_trial":false,"path_per_floor":["M","M","M","M","$","R","M","M","T","R","M","?","R","M","R","B",null,"M","M","$","M","M"],"character_chosen":"THE_SILENT","items_purchased":["Footwork","Apotheosis"],"campfire_rested":1,"item_purchase_floors":[5,20],"current_hp_per_floor":[53,50,41,37,37,37,37,26,26,26,20,16,16,11,30,7,56,43,35,35,16,0],"gold":30,"neow_bonus":"REMOVE_CARD","is_prod":false,"is_daily":false,"chose_seed":false,"campfire_upgraded":3,"win_rate":0,"timestamp":1550013304,"path_taken":["M","?","?","M","$","R","M","M","T","R","M","?","R","M","R","BOSS","M","M","$","M","M"],"build_version":"2019-01-23","purchased_purges":1,"victory":false,"max_hp_per_floor":[66,66,66,66,66,66,66,66,66,66,66,66,66,66,66,66,71,71,71,71,71,71],"card_choices":[{"not_picked":["Quick Slash","Concentrate"],"picked":"Dagger Throw","floor":1.0},{"not_picked":["Slice","Night Terror"],"picked":"Caltrops","floor":2.0},{"not_picked":["Dagger Spray","Sucker Punch"],"picked":"Backstab","floor":3.0},{"not_picked":["Flying Knee","Deflect"],"picked":"Tactician","floor":4.0},{"not_picked":["Riddle With Holes","PiercingWail"],"picked":"Crippling Poison","floor":7.0},{"not_picked":["Bane","Flying Knee"],"picked":"Poisoned Stab","floor":8.0},{"not_picked":["Underhanded Strike","Grand Finale"],"picked":"PiercingWail","floor":11},{"not_picked":["Bane","Slice"],"picked":"Skewer","floor":12},{"not_picked":["Escape Plan","Setup"],"picked":"Crippling Poison","floor":14},{"not_picked":["Glass Knife","Wraith Form v2"],"picked":"Adrenaline","floor":16},{"not_picked":["Outmaneuver","PiercingWail"],"picked":"Footwork","floor":17},{"not_picked":["Dodge and Roll","Dagger Throw"],"picked":"PiercingWail","floor":18},{"not_picked":["All Out Attack","Dagger Throw"],"picked":"Prepared","floor":19},{"not_picked":["Deadly Poison","Flechettes"],"picked":"Backflip","floor":21}],"player_experience":1404321,"relics_obtained":[{"floor":9.0,"key":"Unceasing Top"},{"floor":12,"key":"Odd Mushroom"}],"event_choices":[{"damage_healed":0,"gold_gain":0,"player_choice":"Fought Mushrooms","damage_taken":0,"max_hp_gain":0,"max_hp_loss":0,"event_name":"Mushrooms","floor":12,"gold_loss":0}],"is_beta":false,"boss_relics":[{"not_picked":["Snecko Eye","Velvet Choker"],"picked":"Tiny House"}],"items_purged_floors":[20],"is_endless":false,"potions_floor_spawned":[8,11,12,18,19],"killed_by":"Chosen and Byrds","ascension_level":20}