{"gold_per_floor":[144,189,139,184,184,274,274,319,344,434,498,123,168,213,213,513,513,558,333,378,293,293,383,383,473,473,518,179,254,299,344,344,644,644,689,734,609,654,699,699,789,789,814,814,859,859,949,949,949,949],"floor_reached":51,"playtime":2194,"items_purged":["Strike_G","Defend_B","Strike_B"],"score":907,"play_id":"a25fcddd-1b03-4141-94d6-a42ccfd540d3","local_time":"20181120192415","daily_mods":["Chimera","ControlledChaos","Midas"],"is_ascension_mode":false,"campfire_choices":[{"floor":7,"key":"REST"},{"floor":15,"key":"REST"},{"floor":24,"key":"REST"},{"floor":32,"key":"REST"},{"floor":40,"key":"REST"},{"floor":42,"key":"REST"},{"floor":44,"key":"REST"},{"floor":49,"key":"REST"}],"neow_cost":"","seed_source_timestamp":0,"circlet_count":0,"master_deck":["Bash","Survivor","Zap","Defend_R","Defend_G","Storm","Streamline+1","Compile Driver","Undo","Hologram","Doom and Gloom","Cold Snap","Reinforced Body","BootSequence","Go for the Eyes","Seek","Ball Lightning+1","Coolheaded","Capacitor","Self Repair","Biased Cognition","Defragment","Clumsy","Double Energy","Defragment","Injury","Defragment+1","Core Surge","Storm+1","Conserve Battery+1","Storm+1","All For One","Heatsinks+1","Shame","Buffer","Defragment+1","White Noise+1"],"special_seed":17855,"relics":["Cracked Core","Frozen Eye","Regal Pillow","Pen Nib","Dream Catcher","Mercury Hourglass","Cursed Key","PreservedInsect","Dodecahedron","Question Card","Bottled Tornado","Anchor","Happy Flower","Meat on the Bone","Runic Pyramid","Centennial Puzzle","Ancient Tea Set","Vajra"],"potions_floor_usage":[10,10,16],"damage_taken":[{"damage":6,"enemies":"2 Louse","floor":1,"turns":3},{"damage":0,"enemies":"Small Slimes","floor":2,"turns":3},{"damage":6,"enemies":"Jaw Worm","floor":4,"turns":2},{"damage":23,"enemies":"3 Sentries","floor":6,"turns":5},{"damage":0,"enemies":"2 Fungi Beasts","floor":8,"turns":3},{"damage":20,"enemies":"Gremlin Nob","floor":10,"turns":4},{"damage":4,"enemies":"Blue Slaver","floor":13,"turns":3},{"damage":5,"enemies":"Exordium Wildlife","floor":14,"turns":4},{"damage":11,"enemies":"Hexaghost","floor":16,"turns":8},{"damage":0,"enemies":"Spheric Guardian","floor":18,"turns":3},{"damage":0,"enemies":"Chosen","floor":20,"turns":2},{"damage":18,"enemies":"Gremlin Leader","floor":23,"turns":4},{"damage":14,"enemies":"Slavers","floor":25,"turns":3},{"damage":3,"enemies":"Centurion and Healer","floor":27,"turns":3},{"damage":7,"enemies":"Snake Plant","floor":30,"turns":3},{"damage":10,"enemies":"3 Cultists","floor":31,"turns":4},{"damage":27,"enemies":"Collector","floor":33,"turns":7},{"damage":0,"enemies":"3 Darklings","floor":35,"turns":4},{"damage":0,"enemies":"Orb Walker","floor":36,"turns":2},{"damage":2,"enemies":"3 Darklings","floor":38,"turns":3},{"damage":0,"enemies":"Sphere and 2 Shapes","floor":39,"turns":3},{"damage":0,"enemies":"Nemesis","floor":41,"turns":3},{"damage":0,"enemies":"Transient","floor":45,"turns":5},{"damage":0,"enemies":"Giant Head","floor":47,"turns":5},{"damage":40,"enemies":"Donu and Deca","floor":50,"turns":6}],"seed_played":"7186099057147900671","potions_obtained":[{"floor":1,"key":"Poison Potion"},{"floor":6,"key":"Swift Potion"},{"floor":8,"key":"SteroidPotion"},{"floor":10,"key":"AttackPotion"},{"floor":16,"key":"Fire Potion"},{"floor":20,"key":"FearPotion"}],"is_trial":false,"path_per_floor":["M","M","?","M","?","E","R","M","T","E","?","$","M","M","R","B",null,"M","$","M","?","?","E","R","E","T","M","$","T","M","M","R","B",null,"M","M","$","M","M","R","E","R","T","R","M","?","E","?","R","B",null],"character_chosen":"DEFECT","items_purchased":["Mercury Hourglass","Cold Snap","Coolheaded","Capacitor","Defragment","Anchor","Happy Flower"],"campfire_rested":8,"item_purchase_floors":[12,12,19,19,28,28,28],"current_hp_per_floor":[69,69,69,63,63,40,75,75,75,55,55,55,51,46,75,64,75,75,75,75,75,75,64,75,68,68,65,65,65,58,55,75,55,75,75,75,75,75,75,75,75,75,75,75,75,75,75,75,75,54],"gold":949,"neow_bonus":"","is_prod":false,"is_daily":true,"chose_seed":false,"campfire_upgraded":0,"win_rate":0,"timestamp":1542738255,"path_taken":["M","M","?","M","?","E","R","M","T","E","?","?","M","M","R","BOSS","M","$","M","?","?","E","R","E","T","M","$","?","?","M","R","BOSS","M","M","$","M","M","R","E","R","T","R","M","?","E","?","R","BOSS"],"build_version":"2018-11-15","purchased_purges":3,"victory":true,"max_hp_per_floor":[75,75,75,75,75,75,75,75,75,75,75,75,75,75,75,75,75,75,75,75,75,75,75,75,75,75,75,75,75,75,75,75,75,75,75,75,75,75,75,75,75,75,75,75,75,75,75,75,75,75],"card_choices":[{"not_picked":["Rebound","Compile Driver"],"picked":"Storm","floor":1},{"not_picked":["Stack","Consume"],"picked":"Streamline","floor":2},{"not_picked":["Blizzard","Leap"],"picked":"Compile Driver","floor":4},{"not_picked":["Steam","Capacitor"],"picked":"Undo","floor":6},{"not_picked":["Streamline","Leap"],"picked":"Hologram","floor":8},{"not_picked":["Barrage","Ball Lightning"],"picked":"Doom and Gloom","floor":10},{"not_picked":["Conserve Battery","Stack"],"picked":"Reinforced Body","floor":13},{"not_picked":["Go for the Eyes","Streamline"],"picked":"BootSequence","floor":14},{"not_picked":["Lockon","Scrape"],"picked":"Go for the Eyes","floor":15},{"not_picked":["Hyperbeam","Core Surge"],"picked":"Seek","floor":16},{"not_picked":["Cold Snap","Steam"],"picked":"Ball Lightning+1","floor":18},{"not_picked":["Leap","Capacitor+1"],"picked":"Self Repair","floor":20},{"not_picked":["Leap","Sweeping Beam+1"],"picked":"Defragment","floor":23},{"not_picked":["Rip and Tear","Coolheaded"],"picked":"Hologram","floor":24},{"not_picked":["Beam Cell","Hello World","Steam"],"picked":"SKIP","floor":25},{"not_picked":["Leap","Skim","Sunder"],"picked":"Double Energy","floor":27},{"not_picked":["Gash","Heatsinks","Reprogram","Turbo"],"picked":"SKIP","floor":30},{"not_picked":["Rebound","Conserve Battery+1","Undo","Force Field"],"picked":"SKIP","floor":31},{"not_picked":["Lockon","Melter+1","White Noise+1"],"picked":"Defragment+1","floor":32},{"not_picked":["Amplify","Machine Learning","Meteor Strike"],"picked":"Core Surge","floor":33},{"not_picked":["Heatsinks","Conserve Battery","Rebound"],"picked":"Storm+1","floor":35},{"not_picked":["Steam Power+1","Barrage","Leap+1"],"picked":"Conserve Battery+1","floor":36},{"not_picked":["Ball Lightning+1","Recycle","Steam"],"picked":"Storm+1","floor":38},{"not_picked":["Beam Cell","Recycle","Barrage"],"picked":"All For One","floor":39},{"not_picked":["Melter+1","Cold Snap+1","Redo+1","Hyperbeam"],"picked":"SKIP","floor":41},{"not_picked":["Steam+1","Stack+1","Rebound"],"picked":"Heatsinks+1","floor":42},{"not_picked":["Static Discharge","Fusion","Rip and Tear+1","Hologram+1"],"picked":"SKIP","floor":45},{"not_picked":["Go for the Eyes","Stack+1","Coolheaded+1"],"picked":"Buffer","floor":47},{"not_picked":["Coolheaded","Compile Driver+1","Double Energy+1"],"picked":"White Noise+1","floor":49}],"player_experience":1724112,"relics_obtained":[{"floor":6,"key":"Regal Pillow"},{"floor":9,"key":"Pen Nib"},{"floor":10,"key":"Dream Catcher"},{"floor":23,"key":"Dodecahedron"},{"floor":25,"key":"Question Card"},{"floor":26,"key":"Bottled Tornado"},{"floor":29,"key":"Meat on the Bone"},{"floor":41,"key":"Centennial Puzzle"},{"floor":43,"key":"Ancient Tea Set"},{"floor":47,"key":"Vajra"}],"event_choices":[{"cards_removed":["Strike_R"],"damage_healed":0,"gold_gain":0,"player_choice":"Card Removal","damage_taken":0,"max_hp_gain":0,"max_hp_loss":0,"event_name":"The Cleric","floor":3,"gold_loss":50},{"damage_healed":0,"gold_gain":0,"player_choice":"Grow","damage_taken":0,"max_hp_gain":0,"max_hp_loss":0,"event_name":"Living Wall","floor":5,"gold_loss":0,"cards_upgraded":["Streamline"]},{"damage_healed":0,"gold_gain":64,"player_choice":"Gained Gold","damage_taken":0,"max_hp_gain":0,"max_hp_loss":0,"event_name":"Golden Wing","floor":11,"gold_loss":0},{"damage_healed":0,"gold_gain":0,"player_choice":"Obtained Relic","damage_taken":0,"relics_obtained":["PreservedInsect"],"max_hp_gain":0,"max_hp_loss":0,"event_name":"Addict","floor":21,"gold_loss":85},{"damage_healed":0,"gold_gain":0,"player_choice":"Read","damage_taken":0,"max_hp_gain":0,"max_hp_loss":0,"event_name":"The Library","floor":22,"gold_loss":0,"cards_obtained":["Biased Cognition"]},{"cards_removed":["Hologram"],"damage_healed":0,"gold_gain":0,"player_choice":"Removed Skill","damage_taken":0,"max_hp_gain":0,"max_hp_loss":0,"event_name":"Falling","floor":46,"gold_loss":0},{"damage_healed":0,"gold_gain":0,"player_choice":"Copied","damage_taken":0,"max_hp_gain":0,"max_hp_loss":0,"event_name":"Duplicator","floor":48,"gold_loss":0,"cards_obtained":["Defragment"]}],"is_beta":false,"boss_relics":[{"not_picked":["FrozenCore","Philosopher\u0027s Stone"],"picked":"Cursed Key"},{"not_picked":["White Beast Statue","Pandora\u0027s Box"],"picked":"Runic Pyramid"}],"items_purged_floors":[12,19,37],"is_endless":false,"potions_floor_spawned":[1,6,8,10,16,20,27,33,35,36,39],"ascension_level":0}