{"gold_per_floor":[119,130,140,157,13,40,40,65,65,65,80,80,114,114,114,217,217,230,230,245,263,277,277,310,310,310,330,364,396,424,699,699,802,802,816,407,418,428,448,481,481,516,516,516,533,533,562,81,81,81,81,81,0,33,33],"floor_reached":56,"playtime":3644,"items_purged":["Strike_B","Regret"],"score":1674,"play_id":"e4dec19b-ed19-4a10-8fdb-be2eae5786a9","local_time":"20190210142025","is_ascension_mode":true,"campfire_choices":[{"data":"Glacier","floor":7,"key":"SMITH"},{"data":"Biased Cognition","floor":10,"key":"SMITH"},{"data":"Conserve Battery","floor":12,"key":"SMITH"},{"data":"Defragment","floor":15,"key":"SMITH"},{"floor":23,"key":"REST"},{"data":"Chill","floor":25,"key":"SMITH"},{"data":"Defragment","floor":32,"key":"SMITH"},{"floor":49,"key":"RECALL"},{"data":"White Noise","floor":52,"key":"SMITH"}],"neow_cost":"NONE","seed_source_timestamp":12155446720379,"circlet_count":0,"master_deck":["Strike_B","Strike_B","Strike_B","Defend_B","Defend_B","Defend_B","Defend_B","Zap","Dualcast","Conserve Battery","Ball Lightning","Conserve Battery+1","Ball Lightning+1","Glacier+1","Biased Cognition+1","Capacitor","Defragment+1","Rainbow","Conserve Battery+1","Compile Driver+1","Self Repair+1","Defragment+1","Chill+1","Defragment+1","Multi-Cast","Defragment+1","Loop+1","Creative AI","Reinforced Body+1","Panache","White Noise+1","Go for the Eyes+1","Go for the Eyes","Redo+1","Discovery","Mayhem","Secret Technique","Force Field+1","Madness","Madness","Skim+1","Magnetism","Finesse","Steam+1"],"relics":["Cracked Core","Pen Nib","Ancient Tea Set","Question Card","WingedGreaves","Inserter","Anchor","Mummified Hand","Mercury Hourglass","PreservedInsect","Ginger","Runic Dome","Oddly Smooth Stone","StoneCalendar","Whetstone","Boot","FossilizedHelix","Centennial Puzzle"],"potions_floor_usage":[4,4,20,22,29,29,33,33,55,55,55],"damage_taken":[{"damage":0,"enemies":"Small Slimes","floor":1,"turns":3},{"damage":0,"enemies":"Cultist","floor":2,"turns":3},{"damage":1,"enemies":"Jaw Worm","floor":3,"turns":2},{"damage":15,"enemies":"Gremlin Gang","floor":4,"turns":4},{"damage":27,"enemies":"Gremlin Nob","floor":6,"turns":4},{"damage":12,"enemies":"Lagavulin","floor":8,"turns":6},{"damage":0,"enemies":"Large Slime","floor":11,"turns":3},{"damage":12,"enemies":"Gremlin Nob","floor":13,"turns":4},{"damage":0,"enemies":"Slime Boss","floor":16,"turns":6},{"damage":33,"enemies":"2 Thieves","floor":18,"turns":4},{"damage":15,"enemies":"3 Byrds","floor":20,"turns":6},{"damage":0,"enemies":"Cultist and Chosen","floor":21,"turns":6},{"damage":9,"enemies":"Snake Plant","floor":22,"turns":4},{"damage":26,"enemies":"Slavers","floor":24,"turns":6},{"damage":0,"enemies":"3 Cultists","floor":27,"turns":5},{"damage":7,"enemies":"Gremlin Leader","floor":28,"turns":7},{"damage":7,"enemies":"Book of Stabbing","floor":29,"turns":6},{"damage":0,"enemies":"Gremlin Leader","floor":30,"turns":5},{"damage":1,"enemies":"Champ","floor":33,"turns":7},{"damage":20,"enemies":"3 Darklings","floor":35,"turns":5},{"damage":0,"enemies":"Orb Walker","floor":37,"turns":3},{"damage":0,"enemies":"Sphere and 2 Shapes","floor":38,"turns":4},{"damage":13,"enemies":"Jaw Worm Horde","floor":39,"turns":4},{"damage":10,"enemies":"Nemesis","floor":40,"turns":7},{"damage":0,"enemies":"Giant Head","floor":42,"turns":7},{"damage":15,"enemies":"3 Darklings","floor":45,"turns":6},{"damage":25,"enemies":"Nemesis","floor":47,"turns":7},{"damage":0,"enemies":"Donu and Deca","floor":50,"turns":8},{"damage":38,"enemies":"Shield and Spear","floor":54,"turns":5},{"damage":32,"enemies":"The Heart","floor":55,"turns":8}],"seed_played":"-6629744386241617603","potions_obtained":[{"floor":1,"key":"Strength Potion"},{"floor":2,"key":"Strength Potion"},{"floor":6,"key":"SpeedPotion"},{"floor":16,"key":"SmokeBomb"},{"floor":18,"key":"Dexterity Potion"},{"floor":19,"key":"SkillPotion"},{"floor":19,"key":"Swift Potion"},{"floor":22,"key":"Poison Potion"},{"floor":29,"key":"Poison Potion"},{"floor":30,"key":"LiquidBronze"},{"floor":33,"key":"Weak Potion"},{"floor":35,"key":"Dexterity Potion"},{"floor":38,"key":"Explosive Potion"},{"floor":42,"key":"PowerPotion"},{"floor":47,"key":"LiquidBronze"}],"is_trial":false,"path_per_floor":["M","M","M","M","$","E","R","E","T","R","M","R","E","?","R","B",null,"M","?","M","M","M","R","E","R","T","M","E","E","E","?","R","B",null,"M","$","M","M","M","E","?","E","T","?","M","?","E","$","R","B",null,"R","$","E","B",null],"character_chosen":"DEFECT","items_purchased":["Glacier","Oddly Smooth Stone","Panache","FossilizedHelix","Magnetism","Finesse"],"campfire_rested":1,"item_purchase_floors":[5,36,36,48,48,53],"current_hp_per_floor":[82,82,81,66,66,39,39,27,27,27,27,27,15,42,42,42,82,49,49,34,34,25,49,33,33,33,43,46,49,59,59,59,68,82,72,72,82,82,79,79,69,79,79,69,64,64,49,49,49,59,82,82,82,54,32],"gold":33,"neow_bonus":"TEN_PERCENT_HP_BONUS","is_prod":false,"is_daily":false,"chose_seed":false,"campfire_upgraded":7,"win_rate":0,"timestamp":1549837225,"path_taken":["M","M","M","M","$","E","R","E","T","R","M","R","E","?","R","BOSS","M","?","?","M","?","R","E","R","T","?","E","E","E","?","R","BOSS","M","$","M","?","?","E","?","E","T","?","M","?","E","?","R","BOSS","R","$","E","BOSS"],"build_version":"2019-01-23","purchased_purges":2,"victory":true,"max_hp_per_floor":[82,82,82,82,82,82,82,82,82,82,82,82,82,82,82,82,82,82,82,82,82,82,82,82,82,82,82,82,82,82,82,82,82,82,82,82,82,82,82,82,82,82,82,82,82,82,82,82,82,82,82,82,82,82,82],"card_choices":[{"not_picked":["Consume","Go for the Eyes"],"picked":"Conserve Battery","floor":1},{"not_picked":["Redo","Double Energy"],"picked":"Ball Lightning","floor":2},{"not_picked":["Darkness","Double Energy"],"picked":"Conserve Battery","floor":3},{"not_picked":["Barrage","Go for the Eyes"],"picked":"Ball Lightning","floor":4},{"not_picked":["Streamline","Melter","Stack"],"picked":"SKIP","floor":6},{"not_picked":["Steam Power","Barrage"],"picked":"Biased Cognition","floor":8},{"not_picked":["Blizzard","Conserve Battery","Heatsinks"],"picked":"Capacitor","floor":11},{"not_picked":["Streamline","Hello World","Redo"],"picked":"Defragment","floor":13},{"not_picked":["Thunder Strike","Amplify","Reboot"],"picked":"Rainbow","floor":16},{"not_picked":["Go for the Eyes","Rebound","Gash"],"picked":"Conserve Battery+1","floor":18},{"not_picked":["Rip and Tear","Hologram","Static Discharge"],"picked":"Compile Driver+1","floor":20},{"not_picked":["Cold Snap","Compile Driver","Doom and Gloom"],"picked":"Self Repair+1","floor":21},{"not_picked":["Ball Lightning+1","Streamline","Leap"],"picked":"Defragment","floor":22},{"not_picked":["Coolheaded","Stack+1","Ball Lightning+1"],"picked":"Chill","floor":24},{"not_picked":["Redo","Conserve Battery","Auto Shields"],"picked":"Defragment+1","floor":27},{"not_picked":["Aggregate","Lockon","Stack"],"picked":"Multi-Cast","floor":28},{"not_picked":["Hyperbeam","Darkness","Gash"],"picked":"Defragment+1","floor":29},{"not_picked":["Melter","Steam","Steam Power+1"],"picked":"Loop+1","floor":30},{"not_picked":["Core Surge","Hyperbeam","Biased Cognition"],"picked":"Creative AI","floor":33},{"not_picked":["Storm","Redo+1","Skim"],"picked":"Reinforced Body+1","floor":35},{"not_picked":["Reinforced Body","Redo","Sweeping Beam+1"],"picked":"White Noise","floor":37},{"not_picked":["Leap","Barrage","Tempest"],"picked":"Go for the Eyes","floor":38},{"not_picked":["Stack","Rebound+1","Hologram"],"picked":"Go for the Eyes","floor":39},{"not_picked":["Tempest","Melter+1","Rainbow"],"picked":"Redo+1","floor":40},{"not_picked":["Flash of Steel","Jack Of All Trades","Impatience"],"picked":"Discovery","floor":41},{"not_picked":["Trip","Enlightenment","Purity"],"picked":"Mayhem","floor":41},{"not_picked":["Madness","Purity","Bandage Up"],"picked":"Secret Technique","floor":41},{"not_picked":["Gash+1","Conserve Battery+1","Static Discharge"],"picked":"Force Field+1","floor":42},{"not_picked":["Melter","Steam Power+1","Rebound","Streamline+1"],"picked":"SKIP","floor":45},{"not_picked":["Sweeping Beam+1","Ball Lightning","Fusion+1"],"picked":"Skim+1","floor":47},{"not_picked":["Streamline","Multi-Cast","Self Repair"],"picked":"Steam+1","floor":54}],"player_experience":327775,"relics_obtained":[{"floor":6,"key":"Pen Nib"},{"floor":8,"key":"Ancient Tea Set"},{"floor":9,"key":"Question Card"},{"floor":13,"key":"WingedGreaves"},{"floor":24,"key":"Anchor"},{"floor":26,"key":"Mummified Hand"},{"floor":28,"key":"Mercury Hourglass"},{"floor":29,"key":"PreservedInsect"},{"floor":30,"key":"Ginger"},{"floor":40,"key":"StoneCalendar"},{"floor":42,"key":"Whetstone"},{"floor":47,"key":"Boot"},{"floor":54,"key":"Centennial Puzzle"}],"event_choices":[{"damage_healed":27,"gold_gain":0,"player_choice":"Banana","damage_taken":0,"max_hp_gain":0,"max_hp_loss":0,"event_name":"Big Fish","floor":14,"gold_loss":0},{"damage_healed":0,"gold_gain":0,"player_choice":"Got Potions","damage_taken":0,"max_hp_gain":0,"max_hp_loss":0,"event_name":"Lab","floor":19,"gold_loss":0},{"damage_healed":0,"gold_gain":275,"player_choice":"Desecrate","damage_taken":0,"max_hp_gain":0,"max_hp_loss":0,"event_name":"Golden Shrine","floor":31,"gold_loss":0,"cards_obtained":["Regret"]},{"damage_healed":0,"gold_gain":0,"player_choice":"Memory 3","damage_taken":10,"max_hp_gain":0,"max_hp_loss":0,"event_name":"SensoryStone","floor":41,"gold_loss":0},{"damage_healed":0,"gold_gain":0,"player_choice":"Embrace Madness","damage_taken":10,"max_hp_gain":0,"max_hp_loss":0,"event_name":"Winding Halls","floor":44,"gold_loss":0,"cards_obtained":["Madness","Madness"]},{"damage_healed":0,"gold_gain":0,"player_choice":"Ignored","damage_taken":0,"max_hp_gain":0,"max_hp_loss":0,"event_name":"Tomb of Lord Red Mask","floor":46,"gold_loss":0}],"is_beta":false,"boss_relics":[{"not_picked":["Lizard Tail","Cursed Key"],"picked":"Inserter"},{"not_picked":["White Beast Statue","Coffee Dripper"],"picked":"Runic Dome"}],"items_purged_floors":[5,36],"is_endless":false,"potions_floor_spawned":[1,2,6,16,18,22,29,30,33,35,38,42,47],"ascension_level":1}