{"gold_per_floor":[112,127,97,112,127,156,156,169,194,269,281,295,322,287,287,287],"floor_reached":16,"playtime":1142,"items_purged":[],"score":131,"play_id":"89c384e3-d9a6-4e8f-9a2a-a8580b81c716","local_time":"20190210095550","is_ascension_mode":true,"campfire_choices":[{"data":"Neutralize","floor":7,"key":"SMITH"},{"data":"Dash","floor":15,"key":"SMITH"}],"neow_cost":"NONE","seed_source_timestamp":2797421046470495,"circlet_count":0,"master_deck":["Defend_G","Defend_G","Defend_G+1","Defend_G","Defend_G","Strike_G","Strike_G","Strike_G","Strike_G","Strike_G","Survivor+1","Neutralize+1","Sucker Punch","Dash+1","Blade Dance","Well Laid Plans"],"relics":["Ring of the Snake","Bronze Scales","War Paint","PreservedInsect","Oddly Smooth Stone"],"potions_floor_usage":[5,6,16,16,16],"damage_taken":[{"damage":1,"enemies":"Small Slimes","floor":1,"turns":4},{"damage":0,"enemies":"Cultist","floor":2,"turns":4},{"damage":4,"enemies":"2 Louse","floor":4,"turns":2},{"damage":0,"enemies":"2 Fungi Beasts","floor":5,"turns":3},{"damage":12,"enemies":"3 Sentries","floor":6,"turns":7},{"damage":0,"enemies":"Blue Slaver","floor":8,"turns":4},{"damage":8,"enemies":"Exordium Thugs","floor":11,"turns":4},{"damage":0,"enemies":"2 Fungi Beasts","floor":12,"turns":3},{"damage":14,"enemies":"Lagavulin","floor":13,"turns":6},{"damage":43,"enemies":"Slime Boss","floor":16,"turns":10}],"seed_played":"2563167946414999120","potions_obtained":[{"floor":2,"key":"Block Potion"},{"floor":3,"key":"SpeedPotion"},{"floor":3,"key":"AttackPotion"},{"floor":8,"key":"Block Potion"},{"floor":12,"key":"Dexterity Potion"},{"floor":13,"key":"GhostInAJar"}],"is_trial":false,"path_per_floor":["M","M","?","M","M","E","R","M","T","?","M","M","E","?","R","B"],"character_chosen":"THE_SILENT","items_purchased":[],"campfire_rested":0,"item_purchase_floors":[],"current_hp_per_floor":[69,69,69,65,65,53,53,53,53,42,34,34,20,37,37,0],"gold":287,"neow_bonus":"RANDOM_COMMON_RELIC","is_prod":false,"is_daily":false,"chose_seed":false,"campfire_upgraded":2,"win_rate":0,"timestamp":1549814150,"path_taken":["M","M","?","?","?","E","R","?","T","?","M","M","E","?","R","BOSS"],"build_version":"2019-02-06","purchased_purges":0,"victory":false,"max_hp_per_floor":[70,70,70,70,70,70,70,70,70,70,70,70,70,70,70,70],"card_choices":[{"not_picked":["Bane","PiercingWail","Tactician"],"picked":"SKIP","floor":1},{"not_picked":["Flying Knee","Eviscerate"],"picked":"Sucker Punch","floor":2},{"not_picked":["Caltrops","Quick Slash"],"picked":"Dash","floor":4},{"not_picked":["Terror","Heel Hook","Sucker Punch"],"picked":"SKIP","floor":5},{"not_picked":["Phantasmal Killer","Sucker Punch","Dagger Throw"],"picked":"SKIP","floor":6},{"not_picked":["Sucker Punch","Acrobatics"],"picked":"Blade Dance","floor":8},{"not_picked":["Dodge and Roll","Flying Knee","Riddle With Holes"],"picked":"SKIP","floor":11},{"not_picked":["Distraction","Reflex"],"picked":"Well Laid Plans","floor":12},{"not_picked":["Bouncing Flask","Accuracy","Calculated Gamble"],"picked":"SKIP","floor":13}],"player_experience":102790,"relics_obtained":[{"floor":6,"key":"War Paint"},{"floor":9,"key":"PreservedInsect"},{"floor":13,"key":"Oddly Smooth Stone"}],"event_choices":[{"damage_healed":0,"gold_gain":0,"player_choice":"Bought 2 Potions","damage_taken":0,"max_hp_gain":0,"max_hp_loss":0,"event_name":"The Woman in Blue","floor":3,"gold_loss":0},{"damage_healed":0,"gold_gain":75,"player_choice":"Gather Gold","damage_taken":11,"max_hp_gain":0,"max_hp_loss":0,"event_name":"World of Goop","floor":10,"gold_loss":0},{"damage_healed":17,"gold_gain":0,"player_choice":"Healed","damage_taken":0,"max_hp_gain":0,"max_hp_loss":0,"event_name":"The Cleric","floor":14,"gold_loss":35}],"is_beta":true,"boss_relics":[],"items_purged_floors":[],"is_endless":false,"potions_floor_spawned":[2,4,8,12,13],"killed_by":"Slime Boss","ascension_level":3}