{"gold_per_floor":[116,116,39,55,73,73,84,84,107,107,107,107,120,61,61,187,187,207,207,241,241,156,156,79,79,105,30,30,30,49,64,64,161,161,173,188,188,1187,1187],"floor_reached":39,"playtime":2779,"items_purged":[],"score":415,"play_id":"a7c23391-4b0f-4393-82d6-054c56e5b6ad","local_time":"20181122155218","is_ascension_mode":false,"campfire_choices":[{"data":"Dagger Spray","floor":6,"key":"SMITH"},{"data":"Backstab","floor":8,"key":"SMITH"},{"floor":15,"key":"REST"},{"floor":23,"key":"REST"},{"floor":25,"key":"REST"},{"data":"Unload","floor":32,"key":"SMITH"}],"neow_cost":"NONE","seed_source_timestamp":944038564574116,"circlet_count":0,"master_deck":["Defend_G+1","Defend_G+1","Defend_G+1","Defend_G+1","Strike_G+1","Strike_G+1","Strike_G+1","Strike_G+1","Strike_G+1","Backstab+1","Dagger Spray+1","Unload+1","Backflip+1","Blur+1","Deflect+1","Quick Slash+1","Phantasmal Killer","Underhanded Strike+1","Madness","Madness","Normality","Normality"],"relics":["Ring of the Snake","Ancient Tea Set","Bloody Idol","Happy Flower","Juzu Bracelet","Astrolabe","MutagenicStrength","Red Mask","Orichalcum","Bronze Scales","Eternal Feather"],"potions_floor_usage":[16,20,20,33,33,33],"damage_taken":[{"damage":0,"enemies":"Cultist","floor":1,"turns":4},{"damage":5,"enemies":"Small Slimes","floor":4,"turns":3},{"damage":3,"enemies":"Jaw Worm","floor":5,"turns":3},{"damage":1,"enemies":"2 Fungi Beasts","floor":7,"turns":2},{"damage":0,"enemies":"3 Louse","floor":13,"turns":2},{"damage":24,"enemies":"Slime Boss","floor":16,"turns":9},{"damage":15,"enemies":"2 Thieves","floor":18,"turns":4},{"damage":30,"enemies":"Masked Bandits","floor":20,"turns":6},{"damage":0,"enemies":"Spheric Guardian","floor":30,"turns":1},{"damage":0,"enemies":"Snake Plant","floor":31,"turns":3},{"damage":74,"enemies":"Collector","floor":33,"turns":12},{"damage":0,"enemies":"Orb Walker","floor":35,"turns":3},{"damage":5,"enemies":"3 Shapes","floor":36,"turns":3},{"damage":80,"enemies":"Maw","floor":39,"turns":10}],"seed_played":"-9097762339450722678","potions_obtained":[{"floor":1,"key":"Block Potion"},{"floor":13,"key":"LiquidBronze"},{"floor":20,"key":"SpeedPotion"},{"floor":30,"key":"PowerPotion"},{"floor":31,"key":"Dexterity Potion"}],"is_trial":false,"path_per_floor":["M","?","$","M","M","R","M","R","T","$","?","?","M","?","R","B",null,"M","?","?","?","?","R","$","R","T","?","?","$","M","M","R","B",null,"M","M","?","?","M"],"character_chosen":"THE_SILENT","items_purchased":["EssenceOfSteel","GhostInAJar"],"campfire_rested":3,"item_purchase_floors":[3,24],"current_hp_per_floor":[77,77,77,72,69,69,68,68,68,68,49,42,42,42,65,41,77,62,62,32,32,32,55,55,77,77,77,77,77,77,77,77,8,77,77,77,67,72,0],"gold":1187,"neow_bonus":"TEN_PERCENT_HP_BONUS","is_prod":false,"is_daily":false,"chose_seed":false,"campfire_upgraded":3,"win_rate":0.0,"timestamp":1542869538,"path_taken":["M","?","?","M","?","R","M","R","T","$","?","?","M","?","R","BOSS","M","?","?","?","?","R","?","R","T","?","?","$","M","M","R","BOSS","M","M","?","?","M"],"build_version":"2018-11-15","purchased_purges":0,"victory":false,"max_hp_per_floor":[77,77,77,77,77,77,77,77,77,77,77,77,77,77,77,77,77,77,77,77,77,77,77,77,77,77,77,77,77,77,77,77,77,77,77,77,77,77,77],"card_choices":[{"not_picked":["All Out Attack","Crippling Poison"],"picked":"Backstab","floor":1},{"not_picked":["Sucker Punch","Flechettes"],"picked":"Dagger Spray","floor":4},{"not_picked":["Well Laid Plans","Quick Slash"],"picked":"Predator","floor":5},{"not_picked":["Reflex","Doppelganger"],"picked":"Poisoned Stab","floor":7},{"not_picked":["Choke","Calculated Gamble","Skewer"],"picked":"SKIP","floor":13},{"not_picked":["Malaise","Burst"],"picked":"Unload","floor":16},{"not_picked":["Dagger Throw","Deadly Poison","Predator"],"picked":"SKIP","floor":18},{"not_picked":["Bouncing Flask","PiercingWail"],"picked":"Quick Slash+1","floor":30},{"not_picked":["Backflip+1","Quick Slash","Slice"],"picked":"SKIP","floor":31},{"not_picked":["Venomology","Doppelganger"],"picked":"Phantasmal Killer","floor":33},{"not_picked":["Quick Slash+1","Expertise","Poisoned Stab"],"picked":"SKIP","floor":35},{"not_picked":["Caltrops","Backflip"],"picked":"Underhanded Strike+1","floor":36}],"player_experience":9071,"relics_obtained":[{"floor":9,"key":"Ancient Tea Set"},{"floor":20,"key":"Red Mask"},{"floor":26,"key":"Bronze Scales"}],"event_choices":[{"cards_removed":["Defend_G"],"damage_healed":0,"gold_gain":0,"player_choice":"Offered Basic","damage_taken":0,"max_hp_gain":0,"max_hp_loss":0,"event_name":"Bonfire Elementals","floor":2,"gold_loss":0},{"damage_healed":0,"gold_gain":0,"player_choice":"Take Damage","damage_taken":19,"relics_obtained":["Golden Idol"],"max_hp_gain":0,"max_hp_loss":0,"event_name":"Golden Idol","floor":11,"gold_loss":0},{"damage_healed":0,"gold_gain":0,"player_choice":"Success","damage_taken":7,"relics_obtained":["Happy Flower"],"max_hp_gain":0,"max_hp_loss":0,"event_name":"Scrap Ooze","floor":12,"gold_loss":0},{"damage_healed":0,"gold_gain":0,"player_choice":"Paid Gold","damage_taken":0,"relics_obtained":["Juzu Bracelet"],"max_hp_gain":0,"max_hp_loss":0,"event_name":"WeMeetAgain","floor":14,"gold_loss":59},{"damage_healed":0,"gold_gain":0,"player_choice":"Inject Mutagens","damage_taken":0,"relics_obtained":["MutagenicStrength"],"max_hp_gain":0,"max_hp_loss":0,"event_name":"Drug Dealer","floor":19,"gold_loss":0},{"damage_healed":0,"gold_gain":0,"player_choice":"Fought Bandits","damage_taken":0,"max_hp_gain":0,"max_hp_loss":0,"event_name":"Masked Bandits","floor":20,"gold_loss":0},{"damage_healed":0,"gold_gain":0,"player_choice":"Simplicity","damage_taken":0,"max_hp_gain":0,"max_hp_loss":0,"event_name":"Back to Basics","floor":21,"gold_loss":0,"cards_upgraded":["Defend_G","Defend_G","Defend_G","Defend_G","Strike_G","Strike_G","Strike_G","Strike_G","Strike_G"]},{"damage_healed":0,"gold_gain":0,"player_choice":"Obtained Relic","damage_taken":0,"relics_obtained":["Orichalcum"],"max_hp_gain":0,"max_hp_loss":0,"event_name":"Addict","floor":22,"gold_loss":85},{"cards_removed":["Predator"],"damage_healed":0,"gold_gain":0,"player_choice":"Gave Gold","damage_taken":0,"max_hp_gain":0,"max_hp_loss":0,"event_name":"Beggar","floor":27,"gold_loss":75},{"damage_healed":0,"gold_gain":0,"player_choice":"Gave Idol","damage_taken":0,"relics_obtained":["Bloody Idol"],"max_hp_gain":0,"max_hp_loss":0,"event_name":"Forgotten Altar","floor":28,"relics_lost":["Golden Idol"],"gold_loss":0},{"damage_healed":0,"gold_gain":0,"player_choice":"Embrace Madness","damage_taken":10,"max_hp_gain":0,"max_hp_loss":0,"event_name":"Winding Halls","floor":37,"gold_loss":0,"cards_obtained":["Madness","Madness"]},{"damage_healed":0,"gold_gain":999,"player_choice":"Gold","damage_taken":0,"max_hp_gain":0,"max_hp_loss":0,"event_name":"MindBloom","floor":38,"gold_loss":0,"cards_obtained":["Normality","Normality"]}],"is_beta":false,"boss_relics":[{"not_picked":["Runic Pyramid","Coffee Dripper"],"picked":"Astrolabe"},{"not_picked":["White Beast Statue","Ring of the Serpent"],"picked":"Eternal Feather"}],"items_purged_floors":[],"is_endless":false,"potions_floor_spawned":[1,13,20,30,31],"killed_by":"Maw","ascension_level":0}