{"path_per_floor":["M","M","M","$","?","E","M","E","T","E","R","M","M","?","R","B",null,"M","$","M","M","?","M","E","M","T","?","R","E","M","M","R","B",null,"M","M","M","M","M"],"character_chosen":"THE_SILENT","items_purchased":["Infinite Blades","FairyPotion","Footwork","Oddly Smooth Stone"],"gold_per_floor":[119,129,148,5,5,31,48,74,104,133,133,143,159,159,159,259,259,274,11,26,44,44,58,83,97,97,97,97,127,142,155,155,252,252,268,279,298,312,328,328],"floor_reached":40,"campfire_rested":2,"playtime":7598,"item_purchase_floors":[4,4,19,19],"current_hp_per_floor":[70,70,70,70,70,50,50,38,38,19,40,28,28,28,49,21,70,70,70,70,63,63,63,63,57,71,71,71,58,59,51,51,38,88,89,76,77,69,67,0],"items_purged":["Defend_G"],"gold":328,"score":554,"play_id":"45c76237-415f-4209-a060-e2737057399b","local_time":"20180626195244","is_prod":false,"is_daily":false,"chose_seed":false,"is_ascension_mode":true,"campfire_upgraded":0,"win_rate":0,"timestamp":1530060764,"campfire_choices":[{"floor":11,"key":"REST"},{"floor":15,"key":"REST"},{"data":"Defend_G","floor":28,"key":"PURGE"},{"data":"Defend_G","floor":32,"key":"PURGE"}],"path_taken":["M","M","M","$","?","E","?","E","T","E","R","M","M","?","R","BOSS","M","$","M","M","?","?","E","M","T","?","R","E","M","M","R","BOSS","M","M","M","M","M","E"],"build_version":"2018-06-21","seed_source_timestamp":623286684602630,"purchased_purges":1,"circlet_count":0,"victory":false,"master_deck":["Defend_G","Defend_G","Strike_G","Strike_G","Strike_G","Strike_G","Strike_G","Survivor","Neutralize","Sucker Punch","Backflip","Leg Sweep","Infinite Blades+1","Escape Plan","Prepared","Underhanded Strike","Adrenaline","Blur","PiercingWail","Die Die Die","Blur","Footwork","Crippling Poison+1","Backflip","Blur+1","Acrobatics+1","Malaise","Predator+1","Tools of the Trade","Eviscerate","Skewer+1","Underhanded Strike+1"],"max_hp_per_floor":[70,70,70,70,70,70,70,70,70,70,70,70,70,70,70,70,70,70,70,70,70,70,70,70,70,84,84,84,85,86,87,87,88,88,89,90,91,92,93,93],"relics":["Ring of the Snake","NeowsBlessing","Peace Pipe","Omamori","Tiny Chest","Letter Opener","Sozu","Oddly Smooth Stone","Orichalcum","Mango","FaceOfCleric","Question Card","Snecko Eye"],"card_choices":[{"not_picked":["Choke","Flying Knee"],"picked":"Sucker Punch","floor":1},{"not_picked":["PiercingWail","Riddle With Holes"],"picked":"Backflip","floor":2},{"not_picked":["Prepared","Dagger Throw"],"picked":"Leg Sweep","floor":3},{"not_picked":["Outmaneuver","Backflip"],"picked":"Escape Plan","floor":6},{"not_picked":["Poisoned Stab","Flying Knee"],"picked":"Prepared","floor":7},{"not_picked":["Blade Dance","Finisher"],"picked":"Underhanded Strike","floor":8},{"not_picked":["PiercingWail","Dagger Throw"],"picked":"Adrenaline","floor":10},{"not_picked":["Leg Sweep","Dash"],"picked":"Blur","floor":12},{"not_picked":["Skewer","Flying Knee"],"picked":"PiercingWail","floor":13},{"not_picked":["Unload","Wraith Form v2"],"picked":"Die Die Die","floor":16},{"not_picked":["Heel Hook+1","Dodge and Roll"],"picked":"Blur","floor":18},{"not_picked":["PiercingWail","Backflip"],"picked":"Crippling Poison+1","floor":20},{"not_picked":["Blade Dance","Deadly Poison"],"picked":"Backflip","floor":21},{"not_picked":["Masterful Stab","Dagger Throw"],"picked":"Blur+1","floor":23},{"not_picked":["Outmaneuver","Heel Hook"],"picked":"Acrobatics+1","floor":24},{"not_picked":["Skewer","Endless Agony","Outmaneuver"],"picked":"SKIP","floor":25},{"not_picked":["Underhanded Strike","Backflip","Flying Knee"],"picked":"SKIP","floor":29},{"not_picked":["Bane","Footwork","Slice"],"picked":"Malaise","floor":30},{"not_picked":["PiercingWail","Night Terror","Deadly Poison+1"],"picked":"Predator+1","floor":31},{"not_picked":["Night Terror","Burst","Envenom"],"picked":"Tools of the Trade","floor":33},{"not_picked":["Crippling Poison","Flying Knee+1","Catalyst","Dagger Spray"],"picked":"SKIP","floor":35},{"not_picked":["Acrobatics","Distraction+1","PiercingWail"],"picked":"Eviscerate","floor":36},{"not_picked":["PiercingWail+1","All Out Attack+1","Deadly Poison+1"],"picked":"Skewer+1","floor":37},{"not_picked":["Deflect","Choke","Flying Knee+1"],"picked":"Underhanded Strike+1","floor":38},{"not_picked":["Dagger Spray+1","Sucker Punch+1","Corpse Explosion","All Out Attack+1"],"picked":"SKIP","floor":39}],"player_experience":100392,"potions_floor_usage":[6,8,8,16,16,18],"damage_taken":[{"damage":0,"enemies":"Jaw Worm","floor":1,"turns":1},{"damage":0,"enemies":"2 Louse","floor":2,"turns":1},{"damage":0,"enemies":"Cultist","floor":3,"turns":1},{"damage":20,"enemies":"Lagavulin","floor":6,"turns":11},{"damage":0,"enemies":"Large Slime","floor":7,"turns":9},{"damage":12,"enemies":"3 Sentries","floor":8,"turns":11},{"damage":19,"enemies":"Lagavulin","floor":10,"turns":10},{"damage":12,"enemies":"Exordium Thugs","floor":12,"turns":5},{"damage":0,"enemies":"2 Fungi Beasts","floor":13,"turns":3},{"damage":28,"enemies":"Slime Boss","floor":16,"turns":10},{"damage":0,"enemies":"Spheric Guardian","floor":18,"turns":4},{"damage":0,"enemies":"3 Byrds","floor":20,"turns":6},{"damage":7,"enemies":"3 Cultists","floor":21,"turns":6},{"damage":0,"enemies":"Snecko","floor":23,"turns":6},{"damage":0,"enemies":"Book of Stabbing","floor":24,"turns":9},{"damage":6,"enemies":"Cultist and Chosen","floor":25,"turns":7},{"damage":14,"enemies":"Gremlin Leader","floor":29,"turns":12},{"damage":0,"enemies":"Snake Plant","floor":30,"turns":6},{"damage":9,"enemies":"Slaver and Parasite","floor":31,"turns":9},{"damage":14,"enemies":"Automaton","floor":33,"turns":18},{"damage":0,"enemies":"3 Shapes","floor":35,"turns":6},{"damage":14,"enemies":"Flame Bruiser 1 Orb","floor":36,"turns":12},{"damage":0,"enemies":"4 Shapes","floor":37,"turns":2},{"damage":9,"enemies":"3 Darklings","floor":38,"turns":4},{"damage":3,"enemies":"Maw","floor":39,"turns":8},{"damage":89,"enemies":"2 Orb Walkers","floor":40,"turns":5}],"relics_obtained":[{"floor":6,"key":"Peace Pipe"},{"floor":8,"key":"Omamori"},{"floor":9,"key":"Tiny Chest"},{"floor":10,"key":"Letter Opener"},{"floor":24,"key":"Orichalcum"},{"floor":26,"key":"Mango"},{"floor":29,"key":"Question Card"}],"event_choices":[{"event_name":"Living Wall","player_choice":"Grow","floor":5,"damage_taken":0},{"event_name":"The Lab","player_choice":"Got Potions","floor":14,"damage_taken":0},{"event_name":"Drug Dealer","player_choice":"Ignored","floor":22,"damage_taken":0},{"event_name":"FaceTrader","player_choice":"Took Face Of Cleric","floor":27,"damage_taken":0}],"boss_relics":[{"not_picked":["Busted Crown","Eternal Feather"],"picked":"Sozu"},{"not_picked":["White Beast Statue","Empty Cage"],"picked":"Snecko Eye"}],"items_purged_floors":[19],"is_endless":false,"potions_floor_spawned":[3,6,7,12,16,21,24,25,29,35,36],"seed_played":"-2308204724530244663","killed_by":"2 Orb Walkers","ascension_level":2,"potions_obtained":[{"floor":3,"key":"FearPotion"},{"floor":6,"key":"Energy Potion"},{"floor":7,"key":"SteroidPotion"},{"floor":12,"key":"FearPotion"},{"floor":14,"key":"SteroidPotion"},{"floor":16,"key":"Block Potion"}],"is_trial":false}