{"gold_per_floor":[109,128,148,65,92,92,92,124,124,124,144,69,34,53,53,127,127,147,164,164],"floor_reached":20,"playtime":2492,"items_purged":["Strike_B"],"score":313,"play_id":"abfbad31-f6e2-43ed-a8a2-0a830123cd22","local_time":"20181106184621","is_ascension_mode":true,"campfire_choices":[{"data":"Storm","floor":6,"key":"SMITH"},{"floor":10,"key":"REST"},{"floor":15,"key":"REST"}],"neow_cost":"NONE","seed_source_timestamp":75774609000746,"circlet_count":0,"master_deck":["AscendersBane","Strike_B","Strike_B","Strike_B","Defend_B","Defend_B","Defend_B","Defend_B","Zap","Dualcast","Cold Snap","White Noise","Cold Snap","Storm+1","Darkness","Chill","Loop","FTL","Leap","Echo Form","White Noise","Double Energy+1"],"relics":["Eternal Feather","Vajra","Ancient Tea Set","Dream Catcher","Question Card","Inserter"],"potions_floor_usage":[11,16],"damage_taken":[{"damage":10,"enemies":"Cultist","floor":1,"turns":5},{"damage":6,"enemies":"2 Louse","floor":2,"turns":4},{"damage":0,"enemies":"Small Slimes","floor":3,"turns":3},{"damage":22,"enemies":"Gremlin Nob","floor":8,"turns":5},{"damage":37,"enemies":"Gremlin Gang","floor":11,"turns":5},{"damage":10,"enemies":"Blue Slaver","floor":14,"turns":5},{"damage":25,"enemies":"The Guardian","floor":16,"turns":9},{"damage":22,"enemies":"Shell Parasite","floor":18,"turns":7},{"damage":8,"enemies":"Chosen","floor":19,"turns":5},{"damage":38,"enemies":"3 Cultists","floor":20,"turns":5}],"seed_played":"-8265652764955300197","potions_obtained":[{"floor":3,"key":"SkillPotion"},{"floor":8,"key":"GamblersBrew"},{"floor":19,"key":"GamblersBrew"}],"is_trial":false,"path_per_floor":["M","M","M","$","T","R","?","E","T","R","M","$","?","M","R","B",null,"M","M","M"],"character_chosen":"DEFECT","items_purchased":["Storm"],"campfire_rested":2,"item_purchase_floors":[4],"current_hp_per_floor":[54,48,48,48,48,57,57,35,35,65,28,28,45,35,65,40,63,41,33,0],"gold":164,"neow_bonus":"BOSS_RELIC","is_prod":false,"is_daily":false,"chose_seed":false,"campfire_upgraded":1,"win_rate":0,"timestamp":1541547981,"path_taken":["M","M","?","$","?","R","?","E","T","R","M","$","?","M","R","BOSS","M","M","M"],"build_version":"2018-11-01","purchased_purges":1,"victory":false,"max_hp_per_floor":[71,71,71,71,71,71,71,71,71,71,71,71,71,71,71,71,71,71,71,71],"card_choices":[{"not_picked":["Beam Cell","Hologram"],"picked":"Cold Snap","floor":1},{"not_picked":["Undo","Aggregate"],"picked":"White Noise","floor":2},{"not_picked":["Steam","Ball Lightning"],"picked":"Cold Snap","floor":3},{"not_picked":["Stack","Hyperbeam"],"picked":"Darkness","floor":8},{"not_picked":["Compile Driver","Sweeping Beam","Redo"],"picked":"Chill","floor":10},{"not_picked":["Blizzard","Aggregate","Gash"],"picked":"Loop","floor":11},{"not_picked":["Rebound","Reprogram","Streamline"],"picked":"FTL","floor":14},{"not_picked":["Stack","Steam","Force Field"],"picked":"Leap","floor":15},{"not_picked":["Multi-Cast","Seek","Biased Cognition"],"picked":"Echo Form","floor":16},{"not_picked":["Leap","BootSequence","Redo"],"picked":"White Noise","floor":18},{"not_picked":["Recycle","Beam Cell","Cold Snap+1"],"picked":"Double Energy+1","floor":19}],"player_experience":1657781,"relics_obtained":[{"floor":5,"key":"Vajra"},{"floor":8,"key":"Dream Catcher"},{"floor":9,"key":"Question Card"}],"event_choices":[{"damage_healed":0,"gold_gain":0,"player_choice":"Searched \u00271\u0027 times","damage_taken":0,"relics_obtained":["Ancient Tea Set"],"max_hp_gain":0,"max_hp_loss":0,"event_name":"Dead Adventurer","floor":7,"gold_loss":0},{"damage_healed":17,"gold_gain":0,"player_choice":"Healed","damage_taken":0,"max_hp_gain":0,"max_hp_loss":0,"event_name":"The Cleric","floor":13,"gold_loss":35}],"is_beta":false,"boss_relics":[{"not_picked":["Sozu","Coffee Dripper"],"picked":"Inserter"}],"items_purged_floors":[12],"is_endless":false,"potions_floor_spawned":[3,8,19],"killed_by":"3 Cultists","ascension_level":16}