{"gold_per_floor":[111,186,151,151,151,179,179,199,199,199,212,244,257,292,292,292],"floor_reached":16,"playtime":406,"items_purged":[],"score":279,"play_id":"65ba841c-abb5-4d5c-ae91-9caa99761951","local_time":"20190211003803","is_ascension_mode":true,"campfire_choices":[{"data":"Neutralize","floor":7,"key":"SMITH"},{"data":"Skewer","floor":10,"key":"SMITH"},{"data":"Dash","floor":15,"key":"SMITH"}],"neow_cost":"NONE","seed_source_timestamp":176705295319540,"circlet_count":0,"master_deck":["AscendersBane","Defend_G+1","Defend_G+1","Defend_G","Defend_G","Defend_G","Strike_G","Strike_G","Strike_G","Strike_G","Strike_G","Survivor","Neutralize+1","Dash+1","Skewer+1","PiercingWail","Quick Slash","Escape Plan","Adrenaline"],"relics":["Ring of the Snake","NeowsBlessing","The Courier","War Paint","Vajra","Gremlin Horn","Letter Opener"],"potions_floor_usage":[14,16,16],"damage_taken":[{"damage":0,"enemies":"2 Louse","floor":1,"turns":1},{"damage":0,"enemies":"Lagavulin","floor":6,"turns":1},{"damage":0,"enemies":"Small Slimes","floor":8,"turns":1},{"damage":0,"enemies":"Jaw Worm","floor":11,"turns":2},{"damage":19,"enemies":"Gremlin Nob","floor":12,"turns":4},{"damage":0,"enemies":"2 Fungi Beasts","floor":13,"turns":4},{"damage":12,"enemies":"3 Sentries","floor":14,"turns":6},{"damage":33,"enemies":"Hexaghost","floor":16,"turns":9}],"seed_played":"3622982452684244755","potions_obtained":[{"floor":1,"key":"EssenceOfSteel"},{"floor":12,"key":"Strength Potion"},{"floor":14,"key":"FearPotion"}],"is_trial":false,"path_per_floor":["M","?","?","T","?","E","R","M","T","R","M","E","M","E","R","B"],"character_chosen":"THE_SILENT","items_purchased":[],"campfire_rested":0,"item_purchase_floors":[],"current_hp_per_floor":[59,48,64,64,64,64,64,64,64,64,64,45,45,33,33,0],"gold":292,"neow_bonus":"THREE_ENEMY_KILL","is_prod":false,"is_daily":false,"chose_seed":false,"campfire_upgraded":3,"win_rate":0,"timestamp":1549841883,"path_taken":["M","?","?","?","?","E","R","M","T","R","?","E","M","E","R","BOSS"],"build_version":"2019-01-23","purchased_purges":0,"victory":false,"max_hp_per_floor":[66,66,66,66,66,66,66,66,66,66,66,66,66,66,66,66],"card_choices":[{"not_picked":["Poisoned Stab","Setup"],"picked":"Dash","floor":1},{"not_picked":["Bane","Deflect"],"picked":"Skewer","floor":6},{"not_picked":["Dagger Throw","Choke"],"picked":"PiercingWail","floor":8},{"not_picked":["Bane","Blade Dance"],"picked":"Quick Slash","floor":11},{"not_picked":["Backflip","Choke"],"picked":"Escape Plan","floor":12},{"not_picked":["Dagger Throw","Underhanded Strike","Blade Dance"],"picked":"SKIP","floor":13},{"not_picked":["Deflect","Terror"],"picked":"Adrenaline","floor":14}],"player_experience":1392469,"relics_obtained":[{"floor":4,"key":"The Courier"},{"floor":6,"key":"War Paint"},{"floor":9,"key":"Vajra"},{"floor":12,"key":"Gremlin Horn"},{"floor":14,"key":"Letter Opener"}],"event_choices":[{"damage_healed":0,"gold_gain":75,"player_choice":"Gather Gold","damage_taken":11,"max_hp_gain":0,"max_hp_loss":0,"event_name":"World of Goop","floor":2,"gold_loss":0},{"damage_healed":16,"gold_gain":0,"player_choice":"Healed","damage_taken":0,"max_hp_gain":0,"max_hp_loss":0,"event_name":"The Cleric","floor":3,"gold_loss":35},{"damage_healed":0,"gold_gain":0,"player_choice":"Ignored","damage_taken":0,"max_hp_gain":0,"max_hp_loss":0,"event_name":"Liars Game","floor":5,"gold_loss":0}],"is_beta":false,"boss_relics":[],"items_purged_floors":[],"is_endless":false,"potions_floor_spawned":[1,12,14],"killed_by":"Hexaghost","ascension_level":19}