{"gold_per_floor":[10,10,10,10,25,53,53,70,70,84,84,104,104,119,119,219,219,199,199,0,15,26,26,40,65,65,79,79],"floor_reached":28,"playtime":1911,"items_purged":[],"score":351,"play_id":"0400051c-efaf-42e6-a857-c9a6cc12e79f","local_time":"20190106011446","is_ascension_mode":true,"campfire_choices":[{"floor":7,"key":"REST"},{"data":"Neutralize","floor":13,"key":"SMITH"},{"data":"Outmaneuver","floor":15,"key":"SMITH"},{"floor":23,"key":"REST"}],"neow_cost":"NO_GOLD","seed_source_timestamp":360094571246115,"circlet_count":0,"master_deck":["Defend_G","Defend_G+1","Defend_G","Defend_G+1","Defend_G","Strike_G","Strike_G","Strike_G","Strike_G","Strike_G+1","Survivor","Neutralize+1","Crippling Poison+1","Outmaneuver+1","Deadly Poison","Crippling Poison","Footwork","Parasite","Poisoned Stab","Heel Hook","Burst","Poisoned Stab","Noxious Fumes","Dodge and Roll+1","Deflect+1"],"relics":["Ring of the Snake","FossilizedHelix","Paper Crane","War Paint","Ninja Scroll","White Beast Statue","Membership Card","Matryoshka","Happy Flower","Bottled Flame"],"potions_floor_usage":[6,6,18,22,25,25,27,27,28],"damage_taken":[{"damage":7,"enemies":"Jaw Worm","floor":1,"turns":7},{"damage":0,"enemies":"Cultist","floor":5,"turns":4},{"damage":28,"enemies":"Lagavulin","floor":6,"turns":11},{"damage":6,"enemies":"Small Slimes","floor":8,"turns":4},{"damage":0,"enemies":"Looter","floor":10,"turns":2},{"damage":7,"enemies":"Blue Slaver","floor":12,"turns":3},{"damage":0,"enemies":"Red Slaver","floor":14,"turns":3},{"damage":11,"enemies":"Hexaghost","floor":16,"turns":10},{"damage":5,"enemies":"2 Thieves","floor":18,"turns":4},{"damage":12,"enemies":"3 Byrds","floor":21,"turns":3},{"damage":16,"enemies":"Snecko","floor":22,"turns":8},{"damage":8,"enemies":"Snake Plant","floor":24,"turns":4},{"damage":18,"enemies":"Gremlin Leader","floor":25,"turns":7},{"damage":5,"enemies":"Centurion and Healer","floor":27,"turns":6},{"damage":13,"enemies":"Shelled Parasite and Fungi","floor":28,"turns":3}],"seed_played":"-3969163734589685234","potions_obtained":[{"floor":1,"key":"PowerPotion"},{"floor":5,"key":"PowerPotion"},{"floor":14,"key":"GamblersBrew"},{"floor":18,"key":"Dexterity Potion"},{"floor":21,"key":"Swift Potion"},{"floor":22,"key":"EssenceOfSteel"},{"floor":24,"key":"Fire Potion"},{"floor":25,"key":"LiquidBronze"},{"floor":27,"key":"PowerPotion"}],"is_trial":false,"path_per_floor":["M","$","?","T","M","E","R","M","T","M","?","M","R","M","R","B",null,"M","?","$","M","M","R","M","E","T","M","M"],"character_chosen":"THE_SILENT","items_purchased":["Membership Card"],"campfire_rested":2,"item_purchase_floors":[20],"current_hp_per_floor":[56,56,42,42,42,14,35,29,29,29,46,39,39,39,39,28,60,55,42,42,30,14,36,28,10,10,5,0],"gold":79,"neow_bonus":"ONE_RARE_RELIC","is_prod":false,"is_daily":false,"chose_seed":false,"campfire_upgraded":2,"win_rate":0,"timestamp":1546699486,"path_taken":["M","$","?","?","M","E","R","?","T","M","?","M","R","M","R","BOSS","M","?","$","M","M","R","M","E","T","M","M"],"build_version":"2019-01-03v4","purchased_purges":0,"victory":false,"max_hp_per_floor":[70,70,70,70,70,70,70,70,70,70,70,70,70,70,70,70,70,70,75,75,75,75,75,75,75,75,75,75],"card_choices":[{"not_picked":["Cloak And Dagger","Outmaneuver"],"picked":"Crippling Poison","floor":1},{"not_picked":["Calculated Gamble","Acrobatics"],"picked":"Outmaneuver","floor":5},{"not_picked":["Bane","Accuracy"],"picked":"Deadly Poison","floor":6},{"not_picked":["Flechettes","Quick Slash"],"picked":"Crippling Poison","floor":8},{"not_picked":["Dodge and Roll","Dagger Throw"],"picked":"Footwork","floor":10},{"not_picked":["Dash","Flying Knee"],"picked":"Poisoned Stab","floor":12},{"not_picked":["Choke","Dash"],"picked":"Heel Hook","floor":14},{"not_picked":["Bullet Time","Glass Knife"],"picked":"Burst","floor":16},{"not_picked":["PiercingWail","Dagger Throw","Deflect"],"picked":"SKIP","floor":18},{"not_picked":["Underhanded Strike+1","Predator"],"picked":"Poisoned Stab","floor":21},{"not_picked":["Heel Hook+1","Leg Sweep"],"picked":"Noxious Fumes","floor":22},{"not_picked":["Dagger Spray+1","Unload"],"picked":"Dodge and Roll+1","floor":24},{"not_picked":["Quick Slash+1","Choke"],"picked":"Deflect+1","floor":25},{"not_picked":["Setup","Blur","Dagger Spray"],"picked":"SKIP","floor":27}],"player_experience":380403,"relics_obtained":[{"floor":4,"key":"Paper Crane"},{"floor":6,"key":"War Paint"},{"floor":9,"key":"Ninja Scroll"},{"floor":25,"key":"Matryoshka"},{"floor":26,"key":"Happy Flower"},{"floor":26,"key":"Bottled Flame"}],"event_choices":[{"damage_healed":0,"gold_gain":0,"player_choice":"Entered Light","damage_taken":14,"max_hp_gain":0,"max_hp_loss":0,"event_name":"Shining Light","floor":3,"gold_loss":0,"cards_upgraded":["Strike_G","Defend_G"]},{"damage_healed":17,"gold_gain":0,"player_choice":"Healed and dodged fight","damage_taken":0,"max_hp_gain":0,"max_hp_loss":0,"event_name":"Mushrooms","floor":11,"gold_loss":0,"cards_obtained":["Parasite"]},{"damage_healed":0,"gold_gain":0,"player_choice":"Shed Blood","damage_taken":18,"max_hp_gain":5,"max_hp_loss":0,"event_name":"Forgotten Altar","floor":19,"gold_loss":0}],"is_beta":false,"boss_relics":[{"not_picked":["Coffee Dripper","HoveringKite"],"picked":"White Beast Statue"}],"items_purged_floors":[],"is_endless":false,"potions_floor_spawned":[1,5,14,18,21,22,24,25,27],"killed_by":"Shelled Parasite and Fungi","ascension_level":9}