{"gold_per_floor":[117,137,13,13,25,54,68,68,95,137,168,190,229,241,253,368,380,410,72,88,98,113,113,125,125,125,160,24,24],"floor_reached":29,"playtime":1745,"items_purged":["Strike_B","Strike_B"],"score":294,"play_id":"77b74c97-9da0-471b-b7e1-2c5da5482ca1","local_time":"20190211190738","is_ascension_mode":true,"campfire_choices":[{"data":"Zap","floor":8,"key":"SMITH"},{"data":"White Noise","floor":15,"key":"SMITH"},{"data":"Creative AI","floor":23,"key":"SMITH"},{"data":"Capacitor","floor":25,"key":"SMITH"}],"neow_cost":"NONE","seed_source_timestamp":6308969029551,"circlet_count":0,"master_deck":["Strike_B","Defend_B","Defend_B","Defend_B","Defend_B","Zap+1","Dualcast","Conserve Battery","Coolheaded","Sweeping Beam","White Noise+1","Chill","Hello World","Cold Snap","Reboot","Blizzard","Capacitor+1","Rebound+1","Glacier","Creative AI+1","Beam Cell","BootSequence","FTL"],"relics":["Cracked Core","Blood Vial","MawBank","Strawberry","Centennial Puzzle","Orrery","Kunai","Sundial","Meat on the Bone"],"potions_floor_usage":[13,16,29,29],"damage_taken":[{"damage":1,"enemies":"Cultist","floor":1,"turns":3},{"damage":2,"enemies":"Jaw Worm","floor":2,"turns":3},{"damage":0,"enemies":"2 Louse","floor":5,"turns":3},{"damage":21,"enemies":"3 Sentries","floor":6,"turns":10},{"damage":10,"enemies":"Looter","floor":7,"turns":4},{"damage":16,"enemies":"Gremlin Nob","floor":10,"turns":5},{"damage":0,"enemies":"3 Louse","floor":11,"turns":3},{"damage":1,"enemies":"Blue Slaver","floor":12,"turns":5},{"damage":10,"enemies":"Lagavulin","floor":13,"turns":9},{"damage":17,"enemies":"Hexaghost","floor":16,"turns":15},{"damage":6,"enemies":"Chosen","floor":18,"turns":5},{"damage":11,"enemies":"3 Byrds","floor":20,"turns":2},{"damage":27,"enemies":"Snake Plant","floor":21,"turns":6},{"damage":7,"enemies":"Chosen and Byrds","floor":22,"turns":9},{"damage":4,"enemies":"Shelled Parasite and Fungi","floor":24,"turns":9},{"damage":13,"enemies":"Book of Stabbing","floor":27,"turns":8},{"damage":45,"enemies":"3 Cultists","floor":29,"turns":6}],"seed_played":"-8956046027551880204","potions_obtained":[{"floor":1,"key":"SpeedPotion"},{"floor":11,"key":"Explosive Potion"},{"floor":12,"key":"SkillPotion"},{"floor":14,"key":"EntropicBrew"},{"floor":14,"key":"Swift Potion"},{"floor":14,"key":"Explosive Potion"},{"floor":18,"key":"SkillPotion"},{"floor":24,"key":"Fire Potion"},{"floor":27,"key":"Regen Potion"}],"is_trial":false,"path_per_floor":["M","M","$","?","M","E","M","R","T","E","M","M","E","?","R","B",null,"M","$","M","M","M","R","M","R","T","E","$","M"],"character_chosen":"DEFECT","items_purchased":["Sweeping Beam","Blizzard","Kunai","Capacitor","FTL"],"campfire_rested":0,"item_purchase_floors":[3,19,19,19,28],"current_hp_per_floor":[74,72,72,72,72,51,43,43,43,36,38,39,31,31,31,16,82,76,76,67,42,37,37,35,35,35,24,24,0],"gold":24,"neow_bonus":"THREE_CARDS","is_prod":false,"is_daily":false,"chose_seed":false,"campfire_upgraded":4,"win_rate":0,"timestamp":1549908458,"path_taken":["M","M","$","?","M","E","M","R","T","E","M","M","E","?","R","BOSS","M","$","M","M","?","R","M","R","T","E","$","M"],"build_version":"2019-01-23","purchased_purges":2,"victory":false,"max_hp_per_floor":[75,75,75,75,75,75,75,75,75,82,82,82,82,82,82,82,82,82,82,82,82,82,82,82,82,82,82,82,82],"card_choices":[{"not_picked":["Reinforced Body","Ball Lightning"],"picked":"Conserve Battery","floor":0},{"not_picked":["Steam","Leap","Streamline"],"picked":"SKIP","floor":1},{"not_picked":["Undo","Streamline"],"picked":"Coolheaded","floor":2},{"not_picked":["Conserve Battery","Barrage","Gash"],"picked":"SKIP","floor":5},{"not_picked":["Go for the Eyes","Conserve Battery"],"picked":"Chill","floor":6},{"not_picked":["Gash","Rip and Tear","Redo"],"picked":"SKIP","floor":7},{"not_picked":["Melter","Chill"],"picked":"Hello World","floor":10},{"not_picked":["Barrage","Streamline","Coolheaded"],"picked":"SKIP","floor":11},{"not_picked":["Streamline","Auto Shields"],"picked":"Cold Snap","floor":12},{"not_picked":["Steam Power","Sunder"],"picked":"Reboot","floor":13},{"not_picked":["Beam Cell","Redo","Steam"],"picked":"SKIP","floor":18},{"not_picked":["Cold Snap","Leap"],"picked":"Rebound+1","floor":20},{"not_picked":["Genetic Algorithm","Rebound"],"picked":"Glacier","floor":21},{"not_picked":["Hologram+1","Aggregate+1"],"picked":"Creative AI","floor":22},{"not_picked":["Coolheaded+1","Turbo"],"picked":"Beam Cell","floor":24},{"not_picked":["Undo+1","Streamline"],"picked":"BootSequence","floor":27}],"player_experience":59213,"relics_obtained":[{"floor":6,"key":"Blood Vial"},{"floor":9,"key":"MawBank"},{"floor":10,"key":"Strawberry"},{"floor":13,"key":"Centennial Puzzle"},{"floor":26,"key":"Sundial"},{"floor":27,"key":"Meat on the Bone"}],"event_choices":[{"damage_healed":0,"gold_gain":0,"cards_transformed":["Strike_B"],"player_choice":"Change","damage_taken":0,"max_hp_gain":0,"max_hp_loss":0,"event_name":"Living Wall","floor":4,"gold_loss":0,"cards_obtained":["White Noise"]},{"damage_healed":0,"gold_gain":0,"player_choice":"Got Potions","damage_taken":0,"max_hp_gain":0,"max_hp_loss":0,"event_name":"Lab","floor":14,"gold_loss":0}],"is_beta":false,"boss_relics":[{"not_picked":["Velvet Choker","Runic Dome"],"picked":"Orrery"}],"items_purged_floors":[3,28],"is_endless":false,"potions_floor_spawned":[1,11,12,18,24,27],"killed_by":"3 Cultists","ascension_level":2}