{"gold_per_floor":[113,113,125,125,139,139,139,139,139,172,182,198,122,45,45,119,119,132,5,55,65,65,65,81,81,104,29,45,45,64,77,77,77],"floor_reached":33,"playtime":1511,"items_purged":["Strike_B"],"score":469,"play_id":"b0532039-c323-4477-915a-42ce17c4cdfe","local_time":"20181231074835","is_ascension_mode":true,"campfire_choices":[{"data":"Zap","floor":6.0,"key":"SMITH"},{"floor":8.0,"key":"REST"},{"floor":15.0,"key":"REST"},{"floor":23.0,"key":"REST"},{"data":"1","floor":25.0,"key":"LIFT"},{"floor":32,"key":"REST"}],"neow_cost":"NONE","seed_source_timestamp":0,"circlet_count":0,"master_deck":["AscendersBane","Strike_B","Strike_B","Strike_B","Defend_B","Defend_B","Defend_B","Defend_B","Zap+1","Dualcast","Storm","Hologram","Core Surge","Coolheaded","Sunder","Leap","Sweeping Beam","Electrodynamics","Defragment","Seek","Reinforced Body","Static Discharge","Coolheaded","Go for the Eyes","Static Discharge","Stack","Leap","Decay","Rainbow","Conserve Battery"],"special_seed":0,"relics":["Cracked Core","Anchor","StoneCalendar","Girya","Inserter"],"potions_floor_usage":[28,30,33],"damage_taken":[{"damage":2.0,"enemies":"Jaw Worm","floor":1.0,"turns":4.0},{"damage":7.0,"enemies":"Small Slimes","floor":3.0,"turns":3.0},{"damage":1.0,"enemies":"Cultist","floor":5.0,"turns":3.0},{"damage":13.0,"enemies":"3 Sentries","floor":10.0,"turns":7.0},{"damage":7.0,"enemies":"3 Louse","floor":11.0,"turns":3.0},{"damage":9.0,"enemies":"Red Slaver","floor":12.0,"turns":3.0},{"damage":51.0,"enemies":"The Guardian","floor":16.0,"turns":11.0},{"damage":8.0,"enemies":"3 Byrds","floor":18.0,"turns":2.0},{"damage":14.0,"enemies":"Spheric Guardian","floor":21.0,"turns":6.0},{"damage":4.0,"enemies":"3 Cultists","floor":24.0,"turns":3.0},{"damage":3,"enemies":"Cultist and Chosen","floor":28,"turns":5},{"damage":16,"enemies":"Shelled Parasite and Fungi","floor":30,"turns":7},{"damage":19,"enemies":"Snake Plant","floor":31,"turns":4},{"damage":74,"enemies":"Automaton","floor":33,"turns":6}],"seed_played":"1531467087276681937","potions_obtained":[{"floor":1.0,"key":"PowerPotion"},{"floor":5.0,"key":"SpeedPotion"},{"floor":7.0,"key":"Fire Potion"},{"floor":11.0,"key":"FearPotion"},{"floor":12.0,"key":"SteroidPotion"},{"floor":24.0,"key":"Block Potion"},{"floor":28,"key":"Fruit Juice"},{"floor":30,"key":"AttackPotion"}],"is_trial":false,"path_per_floor":["M","?","M","?","M","R","?","R","T","E","M","M","$","$","R","B",null,"M","$","?","M","?","R","M","R","T","$","M","?","M","M","R","B"],"character_chosen":"DEFECT","items_purchased":["Electrodynamics","Defragment","Static Discharge","Coolheaded"],"campfire_rested":4,"item_purchase_floors":[13,14,19,19],"current_hp_per_floor":[62,62,55,55,54,54,54,71,71,58,51,42,42,42,63,12,56,48,48,48,34,34,55,51,51,51,51,53,53,37,18,40,0],"gold":77,"neow_bonus":"RANDOM_COMMON_RELIC","is_prod":false,"is_daily":false,"chose_seed":false,"campfire_upgraded":1,"win_rate":0,"timestamp":1546260515,"path_taken":["M","?","M","?","?","R","?","R","T","E","?","M","?","$","R","BOSS","M","$","?","?","?","R","M","R","T","?","M","?","?","M","R","BOSS"],"build_version":"2018-12-20","purchased_purges":1,"victory":false,"max_hp_per_floor":[71,71,71,71,71,71,71,71,71,71,71,71,71,71,71,71,71,71,71,71,71,71,71,71,71,71,71,76,76,76,76,76,76],"card_choices":[{"not_picked":["Lockon","Streamline"],"picked":"Storm","floor":1.0},{"not_picked":["Steam","Turbo"],"picked":"Hologram","floor":3.0},{"not_picked":["FTL","Darkness"],"picked":"Coolheaded","floor":5.0},{"not_picked":["Sweeping Beam","Auto Shields"],"picked":"Sunder","floor":10.0},{"not_picked":["Rip and Tear","Sunder"],"picked":"Leap","floor":11.0},{"not_picked":["Compile Driver","Conserve Battery"],"picked":"Sweeping Beam","floor":12.0},{"not_picked":["Multi-Cast","Hyperbeam"],"picked":"Seek","floor":16.0},{"not_picked":["Steam","Hologram"],"picked":"Reinforced Body","floor":18.0},{"not_picked":["Sweeping Beam","Ball Lightning"],"picked":"Go for the Eyes","floor":21.0},{"not_picked":["Tempest","Ball Lightning"],"picked":"Stack","floor":24.0},{"not_picked":["Streamline","Rebound"],"picked":"Leap","floor":28},{"not_picked":["Barrage","Fusion"],"picked":"Rainbow","floor":30},{"not_picked":["Reprogram","Stack"],"picked":"Conserve Battery","floor":31}],"player_experience":1957783,"relics_obtained":[{"floor":9.0,"key":"StoneCalendar"},{"floor":10.0,"key":"Girya"}],"event_choices":[{"damage_healed":0.0,"max_hp_gain":0.0,"max_hp_loss":0.0,"gold_gain":0.0,"event_name":"Shining Light","player_choice":"Ignored","floor":2.0,"gold_loss":0.0,"damage_taken":0.0},{"damage_healed":0.0,"max_hp_gain":0.0,"max_hp_loss":0.0,"gold_gain":0.0,"event_name":"Match and Keep!","player_choice":"1 cards matched","floor":4.0,"gold_loss":0.0,"damage_taken":0.0,"cards_obtained":["Core Surge"]},{"damage_healed":0.0,"max_hp_gain":0.0,"max_hp_loss":0.0,"gold_gain":0.0,"event_name":"Lab","player_choice":"Got Potions","floor":7.0,"gold_loss":0.0,"damage_taken":0.0},{"damage_healed":0.0,"max_hp_gain":0.0,"max_hp_loss":0.0,"gold_gain":50.0,"event_name":"Golden Shrine","player_choice":"Pray","floor":20.0,"gold_loss":0.0,"damage_taken":0.0},{"damage_healed":0.0,"max_hp_gain":0.0,"max_hp_loss":0.0,"gold_gain":0.0,"event_name":"Duplicator","player_choice":"Copied","floor":22.0,"gold_loss":0.0,"damage_taken":0.0,"cards_obtained":["Static Discharge"]},{"damage_healed":0,"gold_gain":0,"player_choice":"Smashed Altar","damage_taken":0,"max_hp_gain":0,"max_hp_loss":0,"event_name":"Forgotten Altar","floor":29,"gold_loss":0,"cards_obtained":["Decay"]}],"is_beta":false,"boss_relics":[{"not_picked":["Cursed Key","White Beast Statue"],"picked":"Inserter"}],"items_purged_floors":[27],"is_endless":false,"potions_floor_spawned":[1,5,11,12,24,28,30],"killed_by":"Automaton","ascension_level":18}