{"gold_per_floor":[119,135,146,34,34,68,68,86,86,100,100],"floor_reached":11,"playtime":415,"items_purged":["Strike_B"],"score":143,"play_id":"f2254d1f-140c-4e29-8d5f-87250bac6c16","local_time":"20190129195541","is_ascension_mode":true,"campfire_choices":[{"data":"Defragment","floor":7,"key":"SMITH"}],"neow_cost":"NONE","seed_source_timestamp":459215687000725,"circlet_count":0,"master_deck":["AscendersBane","Strike_B","Strike_B","Strike_B","Defend_B","Defend_B","Defend_B","Defend_B","Zap","Dualcast","Defragment","Cold Snap","Cold Snap","Loop","Defragment+1","Blizzard","Ball Lightning","Reinforced Body"],"relics":["Cracked Core","Blue Candle","Incense Burner"],"potions_floor_usage":[6,6,6,6],"damage_taken":[{"damage":1,"enemies":"Cultist","floor":1,"turns":3},{"damage":1,"enemies":"Small Slimes","floor":2,"turns":3},{"damage":10,"enemies":"2 Louse","floor":3,"turns":3},{"damage":14,"enemies":"3 Sentries","floor":6,"turns":7},{"damage":9,"enemies":"Red Slaver","floor":8,"turns":5},{"damage":25,"enemies":"Exordium Thugs","floor":10,"turns":3},{"damage":12,"enemies":"Blue Slaver","floor":11,"turns":2}],"seed_played":"8484897745573805830","potions_obtained":[{"floor":2,"key":"LiquidBronze"},{"floor":5,"key":"EntropicBrew"},{"floor":6,"key":"Fruit Juice"},{"floor":10,"key":"Strength Potion"}],"is_trial":false,"path_per_floor":["M","M","M","$","?","E","R","M","T","M","M"],"character_chosen":"DEFECT","items_purchased":["Defragment"],"campfire_rested":0,"item_purchase_floors":[4],"current_hp_per_floor":[63,62,52,52,52,43,43,34,34,9,0],"gold":100,"neow_bonus":"THREE_CARDS","is_prod":false,"is_daily":false,"chose_seed":false,"campfire_upgraded":1,"win_rate":0,"timestamp":1548809741,"path_taken":["M","M","?","$","?","E","R","M","T","M","?"],"build_version":"2019-01-23","purchased_purges":1,"victory":false,"max_hp_per_floor":[71,71,71,71,71,76,76,76,76,76,76],"card_choices":[{"not_picked":["Stack","Loop"],"picked":"Defragment","floor":0},{"not_picked":["Stack","Steam"],"picked":"Cold Snap","floor":1},{"not_picked":["Steam","BootSequence"],"picked":"Cold Snap","floor":2},{"not_picked":["Turbo","Redo"],"picked":"Loop","floor":3},{"not_picked":["Tempest","Ball Lightning"],"picked":"Blizzard","floor":6},{"not_picked":["Gash","Stack"],"picked":"Ball Lightning","floor":8},{"not_picked":["Chaos","Streamline"],"picked":"Reinforced Body","floor":10}],"player_experience":2214018,"relics_obtained":[{"floor":6,"key":"Blue Candle"},{"floor":9,"key":"Incense Burner"}],"event_choices":[{"damage_healed":0,"gold_gain":0,"player_choice":"Got Potions","damage_taken":0,"max_hp_gain":0,"max_hp_loss":0,"event_name":"Lab","floor":5,"gold_loss":0}],"is_beta":false,"boss_relics":[],"items_purged_floors":[4],"is_endless":false,"potions_floor_spawned":[2,6,10],"killed_by":"Blue Slaver","ascension_level":18}