{"gold_per_floor":[112,124,144,157,157,157,23,23,49,49,10,10,10],"floor_reached":13,"playtime":442,"items_purged":[],"score":143,"play_id":"77dda41c-7de8-4900-8ac7-519990816cd4","local_time":"20181224231017","is_ascension_mode":true,"campfire_choices":[{"floor":6,"key":"REST"},{"floor":10,"key":"REST"}],"neow_cost":"NONE","seed_source_timestamp":416752250763201,"circlet_count":0,"master_deck":["AscendersBane","Strike_B","Strike_B","Strike_B","Defend_B+1","Defend_B","Defend_B+1","Defend_B","Zap","Dualcast","Capacitor","White Noise","Conserve Battery","Capacitor","Beam Cell","Compile Driver","Genetic Algorithm","Heatsinks"],"relics":["Philosopher\u0027s Stone","Vajra","War Paint"],"potions_floor_usage":[4,13],"damage_taken":[{"damage":0,"enemies":"Cultist","floor":1,"turns":3},{"damage":15,"enemies":"2 Louse","floor":2,"turns":3},{"damage":5,"enemies":"Small Slimes","floor":3,"turns":4},{"damage":11,"enemies":"Looter","floor":4,"turns":4},{"damage":12,"enemies":"Exordium Thugs","floor":11,"turns":5},{"damage":48,"enemies":"3 Sentries","floor":13,"turns":7}],"seed_played":"8236762173386783167","potions_obtained":[{"floor":2,"key":"Poison Potion"},{"floor":3,"key":"LiquidBronze"},{"floor":11,"key":"Energy Potion"}],"is_trial":false,"path_per_floor":["M","M","M","M","?","R","$","?","T","R","M","?","E"],"character_chosen":"DEFECT","items_purchased":["Compile Driver","Genetic Algorithm"],"campfire_rested":2,"item_purchase_floors":[7,7],"current_hp_per_floor":[64,49,44,33,33,54,54,36,36,57,45,45,0],"gold":10,"neow_bonus":"BOSS_RELIC","is_prod":false,"is_daily":false,"chose_seed":false,"campfire_upgraded":0,"win_rate":0,"timestamp":1545711017,"path_taken":["M","M","M","?","?","R","$","?","T","R","M","?","E"],"build_version":"2018-12-20","purchased_purges":0,"victory":false,"max_hp_per_floor":[71,71,71,71,71,71,71,71,71,71,71,71,71],"card_choices":[{"not_picked":["Barrage","Double Energy"],"picked":"Capacitor","floor":1},{"not_picked":["Leap","Cold Snap"],"picked":"White Noise","floor":2},{"not_picked":["Stack","FTL"],"picked":"Conserve Battery","floor":3},{"not_picked":["Scrape","Hyperbeam"],"picked":"Capacitor","floor":4},{"not_picked":["Rebound","Steam Power"],"picked":"Heatsinks","floor":11}],"player_experience":1954901,"relics_obtained":[{"floor":9,"key":"War Paint"}],"event_choices":[{"damage_healed":0,"gold_gain":0,"cards_transformed":["Strike_B"],"player_choice":"Change","damage_taken":0,"max_hp_gain":0,"max_hp_loss":0,"event_name":"Living Wall","floor":5,"gold_loss":0,"cards_obtained":["Beam Cell"]},{"damage_healed":0,"gold_gain":0,"player_choice":"Success","damage_taken":18,"relics_obtained":["Vajra"],"max_hp_gain":0,"max_hp_loss":0,"event_name":"Scrap Ooze","floor":8,"gold_loss":0},{"damage_healed":0,"gold_gain":0,"player_choice":"Ignored","damage_taken":0,"max_hp_gain":0,"max_hp_loss":0,"event_name":"Liars Game","floor":12,"gold_loss":0}],"is_beta":false,"boss_relics":[],"items_purged_floors":[],"is_endless":false,"potions_floor_spawned":[2,3,11],"killed_by":"3 Sentries","ascension_level":18}