{"gold_per_floor":[115,132,146,164,184,184,204,204,204,204,204,222,239,127,127,228,228,153,153,76,76,76,76,76,76],"floor_reached":25,"playtime":2408,"items_purged":["Defend_G"],"score":285,"play_id":"382308c1-6a61-462d-b76e-e05ebb404732","local_time":"20180630155634","is_ascension_mode":true,"campfire_choices":[{"data":"Cloak And Dagger","floor":6,"key":"SMITH"},{"data":"Infinite Blades","floor":10,"key":"SMITH"},{"floor":15,"key":"REST"},{"floor":23,"key":"REST"}],"neow_cost":"","seed_source_timestamp":324778417181636,"circlet_count":0,"master_deck":["Defend_G+1","Defend_G","Defend_G","Defend_G","Strike_G","Strike_G","Strike_G","Strike_G+1","Strike_G","Survivor","Neutralize+1","Cloak And Dagger+1","Infinite Blades+1","After Image","Well Laid Plans","Skewer","Blur+1","J.A.X.","Cloak And Dagger","Backflip"],"relics":["Ring of the Snake","Sundial","Ectoplasm","Vajra"],"potions_floor_usage":[16,16,18,22,25],"damage_taken":[{"damage":2,"enemies":"Jaw Worm","floor":1,"turns":5},{"damage":0,"enemies":"Cultist","floor":2,"turns":5},{"damage":0,"enemies":"Small Slimes","floor":3,"turns":3},{"damage":6,"enemies":"Looter","floor":4,"turns":4},{"damage":1,"enemies":"Blue Slaver","floor":5,"turns":8},{"damage":16,"enemies":"Lots of Slimes","floor":7,"turns":4},{"damage":0,"enemies":"Looter","floor":12,"turns":3},{"damage":0,"enemies":"3 Louse","floor":13,"turns":5},{"damage":32,"enemies":"Slime Boss","floor":16,"turns":12},{"damage":10,"enemies":"2 Thieves","floor":18,"turns":5},{"damage":1,"enemies":"Shell Parasite","floor":19,"turns":5},{"damage":27,"enemies":"Chosen and Byrds","floor":21,"turns":10},{"damage":16,"enemies":"Snake Plant","floor":22,"turns":8},{"damage":42,"enemies":"Gremlin Leader","floor":24,"turns":13},{"damage":17,"enemies":"Snecko","floor":25,"turns":3}],"seed_played":"1942582399541253303","potions_obtained":[{"floor":2,"key":"GamblersBrew"},{"floor":12,"key":"Fire Potion"},{"floor":13,"key":"FairyPotion"},{"floor":16,"key":"FearPotion"},{"floor":21,"key":"Regen Potion"},{"floor":24,"key":"AttackPotion"}],"is_trial":false,"path_per_floor":["M","M","M","M","M","R","M","?","T","R","?","M","M","$","R","B",null,"M","M","?","M","M","R","E"],"character_chosen":"THE_SILENT","items_purchased":["Well Laid Plans"],"campfire_rested":2,"item_purchase_floors":[14],"current_hp_per_floor":[61,61,61,55,54,54,38,38,38,38,24,24,24,24,45,13,56,46,45,45,18,17,38,7,0],"gold":76,"neow_bonus":"","is_prod":false,"is_daily":false,"chose_seed":false,"campfire_upgraded":2,"win_rate":0,"timestamp":1530392194,"path_taken":["M","M","M","M","M","R","M","?","T","R","?","M","M","$","R","BOSS","M","M","?","M","M","R","E","M"],"build_version":"2018-06-29","purchased_purges":1,"victory":false,"max_hp_per_floor":[70,70,70,70,70,70,70,70,70,70,70,70,70,70,70,70,70,70,70,70,70,70,70,70,70],"card_choices":[{"not_picked":["Underhanded Strike","Sucker Punch","Prepared"],"picked":"SKIP","floor":1},{"not_picked":["Backflip","Distraction","Flying Knee"],"picked":"SKIP","floor":2},{"not_picked":["PiercingWail","Acrobatics","Eviscerate"],"picked":"SKIP","floor":3},{"not_picked":["Poisoned Stab","Flying Knee","Leg Sweep"],"picked":"SKIP","floor":4},{"not_picked":["Blade Dance","All Out Attack"],"picked":"Cloak And Dagger","floor":5},{"not_picked":["Deflect","Underhanded Strike"],"picked":"Infinite Blades","floor":7},{"not_picked":["Bane","Dagger Throw"],"picked":"After Image","floor":12},{"not_picked":["Slice","Finisher","Prepared"],"picked":"SKIP","floor":13},{"not_picked":["Dodge and Roll","Quick Slash"],"picked":"Skewer","floor":18},{"not_picked":["Heel Hook","Bane"],"picked":"Blur+1","floor":19},{"not_picked":["Sucker Punch","Deadly Poison","Underhanded Strike"],"picked":"SKIP","floor":21},{"not_picked":["Flying Knee","Setup"],"picked":"Cloak And Dagger","floor":22},{"not_picked":["Setup+1","Choke"],"picked":"Backflip","floor":24}],"player_experience":209614,"relics_obtained":[{"floor":9,"key":"Sundial"},{"floor":24,"key":"Vajra"}],"event_choices":[{"event_name":"Upgrade Shrine","player_choice":"Upgraded","floor":8,"damage_taken":0},{"event_name":"Shining Light","player_choice":"Entered Light","floor":11,"damage_taken":0},{"event_name":"Drug Dealer","player_choice":"Got JAXXED","floor":20,"damage_taken":0}],"boss_relics":[{"not_picked":["Philosopher\u0027s Stone","Runic Pyramid"],"picked":"Ectoplasm"}],"items_purged_floors":[14],"is_endless":false,"potions_floor_spawned":[2,12,13,16,21,24],"killed_by":"Snecko","ascension_level":6}