{"gold_per_floor":[210,224,235,107,207,207,234,234,234,234,245,245,245,259,259,364,364,378,527,64,114,89,104,104,121,121,189,154,105,105],"floor_reached":30,"playtime":1332,"items_purged":["Strike_B","Strike_B"],"score":390,"play_id":"31e9b9ab-e0a5-4354-b6a5-f161b5d35ab3","local_time":"20180720144137","is_ascension_mode":true,"campfire_choices":[{"data":"Zap","floor":6,"key":"SMITH"},{"floor":8,"key":"REST"},{"data":"Dualcast","floor":10,"key":"SMITH"},{"data":"Beam Cell","floor":12,"key":"SMITH"},{"floor":15,"key":"REST"},{"floor":24,"key":"REST"}],"neow_cost":"NONE","seed_source_timestamp":575196418074248,"circlet_count":0,"master_deck":["Strike_B","Defend_B","Defend_B","Defend_B","Defend_B","Zap+1","Dualcast+1","AscendersBane","Undo","Beam Cell+1","Blizzard","Gash","Gash","Cold Snap","Coolheaded","Buffer","Sunder","Panache","Recycle","Swift Strike","Go for the Eyes","Go for the Eyes+1","Compile Driver"],"relics":["FrozenCore","Pear","Kunai","SsserpentHead","Toxic Egg 2","Potion Belt"],"potions_floor_usage":[7,11,16,30],"damage_taken":[{"damage":7,"enemies":"Small Slimes","floor":1,"turns":3},{"damage":1,"enemies":"Cultist","floor":2,"turns":4},{"damage":2,"enemies":"Jaw Worm","floor":3,"turns":3},{"damage":28,"enemies":"Lagavulin","floor":7,"turns":6},{"damage":10,"enemies":"Red Slaver","floor":11,"turns":5},{"damage":3,"enemies":"2 Fungi Beasts","floor":14,"turns":3},{"damage":5,"enemies":"The Guardian","floor":16,"turns":10},{"damage":3,"enemies":"Chosen","floor":18,"turns":7},{"damage":24,"enemies":"3 Byrds","floor":23,"turns":6},{"damage":28,"enemies":"Sentry and Sphere","floor":25,"turns":9},{"damage":2,"enemies":"Snecko","floor":27,"turns":7},{"damage":36,"enemies":"Chosen and Byrds","floor":30,"turns":8}],"seed_played":"5166935642562145691","potions_obtained":[{"floor":1,"key":"FocusPotion"},{"floor":7,"key":"SkillPotion"},{"floor":14,"key":"Swift Potion"},{"floor":18,"key":"Strength Potion"},{"floor":27,"key":"GamblersBrew"}],"is_trial":false,"path_per_floor":["M","M","M","$","?","R","E","R","T","R","M","R","?","M","R","B",null,"M","?","$","?","?","M","R","M","T","M","?","$"],"character_chosen":"DEFECT","items_purchased":["Gash","Panache","Recycle","Swift Strike","Compile Driver"],"campfire_rested":3,"item_purchase_floors":[4,20,20,20,29],"current_hp_per_floor":[61,60,58,58,58,58,40,65,65,65,55,55,55,52,77,72,82,79,79,79,63,63,39,66,38,38,36,36,36,0],"gold":105,"neow_bonus":"HUNDRED_GOLD","is_prod":false,"is_daily":false,"chose_seed":false,"campfire_upgraded":3,"win_rate":0,"timestamp":1532112097,"path_taken":["M","M","M","$","?","R","E","R","T","R","?","R","?","M","R","BOSS","M","?","$","?","?","M","R","M","T","?","?","$","M"],"build_version":"2018-07-19v2","purchased_purges":2,"victory":false,"max_hp_per_floor":[75,75,75,75,75,75,85,85,85,85,85,85,85,85,85,85,85,85,85,85,90,90,90,90,90,90,90,90,90,90],"card_choices":[{"not_picked":["Reprogram","Conserve Battery"],"picked":"Undo","floor":1},{"not_picked":["Conserve Battery","Rebound"],"picked":"Beam Cell","floor":2},{"not_picked":["Ball Lightning","Hologram"],"picked":"Blizzard","floor":3},{"not_picked":["Double Energy","Leap"],"picked":"Gash","floor":7},{"not_picked":["Steam","Genetic Algorithm"],"picked":"Cold Snap","floor":11},{"not_picked":["Fission","Steam"],"picked":"Coolheaded","floor":14},{"not_picked":["Fission","Hyperbeam"],"picked":"Buffer","floor":16},{"not_picked":["Storm","Streamline"],"picked":"Sunder","floor":18},{"not_picked":["White Noise+1","Turbo","Rebound"],"picked":"SKIP","floor":23},{"not_picked":["Rip and Tear","Heatsinks"],"picked":"Go for the Eyes","floor":25},{"not_picked":["Double Energy+1","Rebound"],"picked":"Go for the Eyes+1","floor":27}],"player_experience":1193855,"relics_obtained":[{"floor":7,"key":"Pear"},{"floor":9,"key":"Kunai"},{"floor":26,"key":"Toxic Egg 2"}],"event_choices":[{"event_name":"Golden Shrine","player_choice":"Pray","floor":5,"damage_taken":0},{"event_name":"FaceTrader","player_choice":"Trade","floor":13,"damage_taken":0},{"event_name":"Nest","player_choice":"Stole From Cult","floor":19,"damage_taken":0},{"event_name":"Forgotten Altar","player_choice":"Shed Blood","floor":21,"damage_taken":0},{"event_name":"Beggar","player_choice":"Gave Gold","floor":22,"damage_taken":0},{"event_name":"Addict","player_choice":"Obtained Relic","floor":28,"damage_taken":0}],"is_beta":false,"boss_relics":[{"not_picked":["Nuclear Battery","Runic Dome"],"picked":"FrozenCore"}],"items_purged_floors":[4,20],"is_endless":false,"potions_floor_spawned":[1,7,14,18,27],"killed_by":"Chosen and Byrds","ascension_level":12}