{"path_per_floor":["M","M","$","M","M","E","R","M","T","M","E","R","?","M","R","B",null,"M","?","$","M"],"character_chosen":"THE_SILENT","items_purchased":["Meat on the Bone","Snake Skull"],"gold_per_floor":[119,131,56,73,85,115,115,125,195,211,242,242,317,334,334,434,434,450,549,105,123,123],"floor_reached":22,"campfire_rested":2,"playtime":1355,"item_purchase_floors":[20,20],"current_hp_per_floor":[65,65,65,64,58,48,48,35,35,30,17,38,27,27,48,33,61,42,42,42,29,0],"items_purged":["Strike_G","Strike_G"],"gold":123,"score":248,"play_id":"fcdd53f2-d69a-4368-a420-429d1a2ed8fe","local_time":"20180614014210","is_prod":false,"is_daily":false,"chose_seed":false,"is_ascension_mode":true,"campfire_upgraded":1,"win_rate":0,"timestamp":1528933330,"campfire_choices":[{"data":"Backstab","floor":7,"key":"SMITH"},{"floor":12,"key":"REST"},{"floor":15,"key":"REST"}],"path_taken":["M","M","$","?","M","E","R","?","T","M","E","R","?","M","R","BOSS","M","?","$","M","M"],"build_version":"2018-06-13","seed_source_timestamp":85848661148565,"purchased_purges":2,"victory":false,"master_deck":["Defend_G","Defend_G","Defend_G","Defend_G","Defend_G","Strike_G","Strike_G","Strike_G","Survivor","Neutralize","Backstab+1","Terror","Riddle With Holes","Deadly Poison","Dash","Catalyst","Caltrops","Bouncing Flask","Bullet Time","Backflip+1","Catalyst"],"max_hp_per_floor":[70,70,70,70,70,70,70,70,70,70,70,70,70,70,70,70,70,70,70,70,70,70],"special_seed":0,"relics":["Velvet Choker","Smiling Mask","Dodecahedron","Tingsha","Black Star","Meat on the Bone","Snake Skull"],"card_choices":[{"not_picked":["Finisher","Setup"],"picked":"Backstab","floor":1.0},{"not_picked":["Backflip","Well Laid Plans"],"picked":"Terror","floor":2.0},{"not_picked":["Quick Slash","Distraction"],"picked":"Riddle With Holes","floor":4.0},{"not_picked":["Acrobatics","Reflex","Quick Slash"],"picked":"SKIP","floor":5.0},{"not_picked":["Cloak And Dagger","Accuracy"],"picked":"Deadly Poison","floor":6},{"not_picked":["Dagger Spray","Skewer"],"picked":"Dash","floor":8},{"not_picked":["Eviscerate","Prepared"],"picked":"Catalyst","floor":10},{"not_picked":["Distraction","Expertise"],"picked":"Caltrops","floor":11},{"not_picked":["Skewer","Underhanded Strike"],"picked":"Bouncing Flask","floor":14},{"not_picked":["Wraith Form v2","Corpse Explosion"],"picked":"Bullet Time","floor":16},{"not_picked":["Endless Agony","Underhanded Strike"],"picked":"Backflip+1","floor":18},{"not_picked":["Dagger Spray","Cloak And Dagger+1"],"picked":"Catalyst","floor":21}],"player_experience":108939,"potions_floor_usage":[6,6],"damage_taken":[{"damage":5.0,"enemies":"Cultist","floor":1.0,"turns":5.0},{"damage":0.0,"enemies":"2 Louse","floor":2.0,"turns":3.0},{"damage":1.0,"enemies":"Small Slimes","floor":4.0,"turns":4.0},{"damage":6.0,"enemies":"Looter","floor":5.0,"turns":3.0},{"damage":10,"enemies":"Gremlin Nob","floor":6,"turns":3},{"damage":13,"enemies":"Exordium Wildlife","floor":8,"turns":5},{"damage":5,"enemies":"Red Slaver","floor":10,"turns":2},{"damage":13,"enemies":"3 Sentries","floor":11,"turns":7},{"damage":0,"enemies":"2 Fungi Beasts","floor":14,"turns":3},{"damage":15,"enemies":"The Guardian","floor":16,"turns":7},{"damage":19,"enemies":"Spheric Guardian","floor":18,"turns":5},{"damage":25,"enemies":"Chosen","floor":21,"turns":6},{"damage":34,"enemies":"Snecko","floor":22,"turns":5}],"relics_obtained":[{"floor":6,"key":"Smiling Mask"},{"floor":9,"key":"Dodecahedron"},{"floor":11,"key":"Tingsha"}],"event_choices":[{"event_name":"World of Goop","player_choice":"Gather Gold","floor":13,"damage_taken":0},{"event_name":"Nest","player_choice":"Stole From Cult","floor":19,"damage_taken":0}],"boss_relics":[{"not_picked":["Cursed Key","Snecko Eye"],"picked":"Black Star"}],"items_purged_floors":[],"potions_floor_spawned":[1,5,11],"seed_played":"-6040486003074303126","killed_by":"Snecko","ascension_level":5,"potions_obtained":[{"floor":1.0,"key":"Strength Potion"},{"floor":5.0,"key":"Dexterity Potion"},{"floor":11,"key":"Strength Potion"}],"is_trial":false}