{"gold_per_floor":[117,292,12,12,12,41,41,57,57,57,74,108,126,159,159,263,263,275,287,302,401,326,326,341,341,341,341,43,54,84,84],"floor_reached":31,"playtime":1406,"items_purged":["Doubt"],"score":387,"play_id":"7f974c79-e47e-4d97-a250-3f535ecde90f","local_time":"20181206122837","is_ascension_mode":true,"campfire_choices":[{"floor":7,"key":"REST"},{"data":"Zap","floor":10,"key":"SMITH"},{"data":"Reinforced Body","floor":15,"key":"SMITH"},{"floor":23,"key":"REST"},{"floor":25,"key":"REST"}],"neow_cost":"NONE","seed_source_timestamp":48352141006976,"circlet_count":0,"master_deck":["Strike_B","Strike_B","Strike_B","Strike_B","Defend_B","Defend_B","Defend_B","Defend_B","Zap+1","Dualcast","Coolheaded","Streamline","Heatsinks","Cold Snap","FTL","Ball Lightning","Glacier","Leap","Reinforced Body+1","Creative AI","Stack+1","Go for the Eyes+1","Capacitor+1"],"relics":["Orrery","MealTicket","Ginger","Singing Bowl","PreservedInsect","Kunai","Black Star","Letter Opener","Oddly Smooth Stone","Ancient Tea Set","Frozen Egg 2","Smiling Mask"],"potions_floor_usage":[11,12,16,20,24,30],"damage_taken":[{"damage":0,"enemies":"2 Louse","floor":1,"turns":2},{"damage":36,"enemies":"Gremlin Nob","floor":6,"turns":4},{"damage":0,"enemies":"Small Slimes","floor":8,"turns":3},{"damage":0,"enemies":"Cultist","floor":11,"turns":4},{"damage":22,"enemies":"Lagavulin","floor":12,"turns":6},{"damage":0,"enemies":"Large Slime","floor":13,"turns":6},{"damage":0,"enemies":"3 Sentries","floor":14,"turns":8},{"damage":43,"enemies":"Hexaghost","floor":16,"turns":13},{"damage":19,"enemies":"Shell Parasite","floor":18,"turns":16},{"damage":13,"enemies":"Spheric Guardian","floor":19,"turns":8},{"damage":13,"enemies":"Centurion and Healer","floor":20,"turns":14},{"damage":7,"enemies":"Chosen and Byrds","floor":24,"turns":6},{"damage":25,"enemies":"Snake Plant","floor":29,"turns":7},{"damage":16,"enemies":"Slavers","floor":30,"turns":8},{"damage":43,"enemies":"Cultist and Chosen","floor":31,"turns":6}],"seed_played":"3583642474402421110","potions_obtained":[{"floor":6,"key":"Regen Potion"},{"floor":11,"key":"Strength Potion"},{"floor":14,"key":"Weak Potion"},{"floor":18,"key":"AttackPotion"},{"floor":20,"key":"LiquidBronze"},{"floor":29,"key":"SkillPotion"}],"is_trial":false,"path_per_floor":["M","?","$","?","$","E","R","M","T","R","M","E","M","E","R","B",null,"M","M","M","?","?","R","M","R","T","?","$","M","E","M"],"character_chosen":"DEFECT","items_purchased":["MealTicket","Oddly Smooth Stone","Ancient Tea Set"],"campfire_rested":3,"item_purchase_floors":[3,28,28],"current_hp_per_floor":[68,68,68,68,75,39,61,61,61,61,73,53,53,55,55,12,62,43,30,19,19,19,42,37,61,61,80,80,57,41,0],"gold":84,"neow_bonus":"BOSS_RELIC","is_prod":false,"is_daily":false,"chose_seed":false,"campfire_upgraded":2,"win_rate":0,"timestamp":1544120917,"path_taken":["M","?","$","?","$","E","R","M","T","R","M","E","M","E","R","BOSS","M","M","?","?","?","R","M","R","T","?","$","M","E","M"],"build_version":"2018-12-06","purchased_purges":1,"victory":false,"max_hp_per_floor":[75,75,75,75,75,75,75,75,75,75,75,77,77,79,79,79,79,79,79,81,81,78,78,80,80,80,80,80,82,82,82],"card_choices":[{"not_picked":["Steam","Conserve Battery"],"picked":"Coolheaded","floor":0},{"not_picked":["Chaos","Coolheaded"],"picked":"Streamline","floor":0},{"not_picked":["Static Discharge","Skim"],"picked":"Heatsinks","floor":0},{"not_picked":["Conserve Battery","Darkness"],"picked":"Cold Snap","floor":0},{"not_picked":["Cold Snap","White Noise"],"picked":"FTL","floor":0},{"not_picked":["Reboot","Hologram"],"picked":"Ball Lightning","floor":1},{"not_picked":["Core Surge","Doom and Gloom"],"picked":"Glacier","floor":6},{"not_picked":["Coolheaded","Streamline","Darkness"],"picked":"SKIP","floor":8},{"not_picked":["Coolheaded","Conserve Battery"],"picked":"Leap","floor":11},{"not_picked":["Chaos","Hologram","Cold Snap"],"picked":"Singing Bowl","floor":12},{"not_picked":["Sweeping Beam","Compile Driver"],"picked":"Reinforced Body","floor":13},{"not_picked":["Ball Lightning","Conserve Battery","Loop"],"picked":"Singing Bowl","floor":14},{"not_picked":["Amplify","Seek"],"picked":"Creative AI","floor":16},{"not_picked":["Go for the Eyes","Gash"],"picked":"Stack+1","floor":18},{"not_picked":["Coolheaded","FTL+1"],"picked":"Go for the Eyes+1","floor":19},{"not_picked":["Coolheaded","Turbo","Rip and Tear"],"picked":"Singing Bowl","floor":20},{"not_picked":["Turbo","Glacier","Cold Snap"],"picked":"Singing Bowl","floor":24},{"not_picked":["Blizzard+1","Cold Snap+1","Go for the Eyes"],"picked":"Singing Bowl","floor":29},{"not_picked":["Blizzard","Hyperbeam"],"picked":"Capacitor","floor":30}],"player_experience":562386,"relics_obtained":[{"floor":6,"key":"Ginger"},{"floor":9,"key":"Singing Bowl"},{"floor":12,"key":"PreservedInsect"},{"floor":14,"key":"Kunai"},{"floor":26,"key":"Letter Opener"},{"floor":30,"key":"Frozen Egg 2"},{"floor":30,"key":"Smiling Mask"}],"event_choices":[{"damage_healed":0,"gold_gain":175,"player_choice":"AGREE","damage_taken":0,"max_hp_gain":0,"max_hp_loss":0,"event_name":"Liars Game","floor":2,"gold_loss":0,"cards_obtained":["Doubt"]},{"damage_healed":0,"gold_gain":0,"player_choice":"1 cards matched","damage_taken":0,"max_hp_gain":0,"max_hp_loss":0,"event_name":"Match and Keep!","floor":4,"gold_loss":0,"cards_obtained":["Parasite"]},{"damage_healed":0,"gold_gain":99,"player_choice":"Stole From Cult","damage_taken":0,"max_hp_gain":0,"max_hp_loss":0,"event_name":"Nest","floor":21,"gold_loss":0},{"cards_removed":["Parasite"],"damage_healed":0,"gold_gain":0,"player_choice":"Gave Gold","damage_taken":0,"max_hp_gain":0,"max_hp_loss":0,"event_name":"Beggar","floor":22,"gold_loss":75},{"damage_healed":26,"gold_gain":0,"player_choice":"Heal","damage_taken":0,"max_hp_gain":0,"max_hp_loss":0,"event_name":"The Library","floor":27,"gold_loss":0}],"is_beta":true,"boss_relics":[{"not_picked":["Runic Dome","Velvet Choker"],"picked":"Black Star"}],"items_purged_floors":[3],"is_endless":false,"potions_floor_spawned":[6,11,14,18,20,29],"killed_by":"Cultist and Chosen","ascension_level":6}