{"gold_per_floor":[114,130,55,67,67,97,115,115,165,165,193,206,236,254,254,356,356,374,46,63,63,80,80,115,115,115,115,135,135],"floor_reached":29,"playtime":2004,"items_purged":["Strike_B","Aggregate"],"score":255,"play_id":"c2e663d4-2b68-4ef3-8353-3b0765578e32","local_time":"20181207122249","is_ascension_mode":false,"campfire_choices":[{"floor":8,"key":"REST"},{"floor":10,"key":"REST"},{"floor":15,"key":"REST"},{"floor":23,"key":"RECALL"},{"floor":25,"key":"REST"}],"neow_cost":"NONE","seed_source_timestamp":404470138263098,"circlet_count":0,"master_deck":["Strike_B+1","Strike_B+1","Strike_B+1","Defend_B+1","Defend_B+1","Defend_B+1","Defend_B+1","Zap","Dualcast","Meteor Strike","Double Energy","Capacitor","Conserve Battery","Go for the Eyes","Stack","Leap","Echo Form","Coolheaded","BootSequence","Conserve Battery","Loop","Go for the Eyes+1","Tempest"],"relics":["Cracked Core","Ornamental Fan","Orichalcum","Centennial Puzzle","Fusion Hammer","Vajra","FossilizedHelix","StoneCalendar"],"potions_floor_usage":[6,7,11,12,16,22],"damage_taken":[{"damage":1,"enemies":"Cultist","floor":1,"turns":3},{"damage":7,"enemies":"Small Slimes","floor":2,"turns":3},{"damage":6,"enemies":"2 Louse","floor":4,"turns":3},{"damage":56,"enemies":"Gremlin Nob","floor":6,"turns":6},{"damage":4,"enemies":"Blue Slaver","floor":7,"turns":5},{"damage":29,"enemies":"3 Sentries","floor":11,"turns":8},{"damage":6,"enemies":"Gremlin Gang","floor":12,"turns":7},{"damage":5,"enemies":"Exordium Wildlife","floor":14,"turns":7},{"damage":31,"enemies":"The Guardian","floor":16,"turns":15},{"damage":11,"enemies":"Shell Parasite","floor":18,"turns":10},{"damage":16,"enemies":"Spheric Guardian","floor":20,"turns":4},{"damage":2,"enemies":"Shelled Parasite and Fungi","floor":22,"turns":9},{"damage":57,"enemies":"Slavers","floor":24,"turns":8},{"damage":0,"enemies":"Centurion and Healer","floor":28,"turns":6},{"damage":0,"enemies":"Colosseum Slavers","floor":29,"turns":5},{"damage":108,"enemies":"Colosseum Nobs","floor":29,"turns":5}],"seed_played":"-5575789308335164609","potions_obtained":[{"floor":1,"key":"Block Potion"},{"floor":6,"key":"Regen Potion"},{"floor":7,"key":"Energy Potion"},{"floor":11,"key":"Poison Potion"},{"floor":12,"key":"GamblersBrew"},{"floor":20,"key":"Regen Potion"}],"is_trial":false,"path_per_floor":["M","M","$","M","?","E","M","R","T","R","E","M","?","M","R","B",null,"M","$","M","?","M","R","E","R","T","?","M","?"],"character_chosen":"DEFECT","items_purchased":["BootSequence","Vajra"],"campfire_rested":4,"item_purchase_floors":[19,19],"current_hp_per_floor":[74,67,67,61,61,5,15,37,37,59,30,24,24,19,41,10,75,64,64,48,48,61,61,4,26,26,75,75,0],"gold":135,"neow_bonus":"ONE_RANDOM_RARE_CARD","is_prod":false,"is_daily":false,"chose_seed":false,"campfire_upgraded":0,"win_rate":0,"timestamp":1544203369,"path_taken":["M","M","$","M","?","E","M","R","T","R","E","M","?","M","R","BOSS","M","$","M","?","M","R","E","R","T","?","?","?"],"build_version":"2018-12-06","purchased_purges":2,"victory":false,"max_hp_per_floor":[75,75,75,75,75,75,75,75,75,75,75,75,75,75,75,75,75,75,75,75,75,75,75,75,75,75,75,75,75],"card_choices":[{"not_picked":["Storm","Steam"],"picked":"Double Energy","floor":1},{"not_picked":["Go for the Eyes","Gash"],"picked":"Capacitor","floor":2},{"not_picked":["Rebound","Turbo"],"picked":"Conserve Battery","floor":4},{"not_picked":["Doom and Gloom","Heatsinks"],"picked":"Go for the Eyes","floor":6},{"not_picked":["Reprogram","Streamline"],"picked":"Stack","floor":7},{"not_picked":["Doom and Gloom","Stack"],"picked":"Aggregate","floor":11},{"not_picked":["Scrape","Genetic Algorithm"],"picked":"Recycle","floor":12},{"not_picked":["Ball Lightning","Go for the Eyes"],"picked":"Leap","floor":14},{"not_picked":["Rainbow","Fission"],"picked":"Echo Form","floor":16},{"not_picked":["Beam Cell","Barrage"],"picked":"Coolheaded","floor":18},{"not_picked":["Go for the Eyes","Sweeping Beam"],"picked":"Conserve Battery","floor":20},{"not_picked":["Recycle","Compile Driver+1"],"picked":"Loop","floor":22},{"not_picked":["Rebound","Compile Driver+1"],"picked":"Go for the Eyes+1","floor":24},{"not_picked":["Aggregate","Barrage+1"],"picked":"Tempest","floor":28}],"player_experience":1793551,"relics_obtained":[{"floor":6,"key":"Ornamental Fan"},{"floor":9,"key":"Orichalcum"},{"floor":11,"key":"Centennial Puzzle"},{"floor":24,"key":"FossilizedHelix"},{"floor":26,"key":"StoneCalendar"}],"event_choices":[{"damage_healed":0,"gold_gain":0,"player_choice":"Ignored","damage_taken":0,"max_hp_gain":0,"max_hp_loss":0,"event_name":"Liars Game","floor":5,"gold_loss":0},{"damage_healed":0,"gold_gain":30,"player_choice":"Searched \u00271\u0027 times","damage_taken":0,"max_hp_gain":0,"max_hp_loss":0,"event_name":"Dead Adventurer","floor":13,"gold_loss":0},{"damage_healed":0,"gold_gain":0,"player_choice":"Simplicity","damage_taken":0,"max_hp_gain":0,"max_hp_loss":0,"event_name":"Back to Basics","floor":21,"gold_loss":0,"cards_upgraded":["Strike_B","Strike_B","Strike_B","Defend_B","Defend_B","Defend_B","Defend_B"]},{"cards_removed":["Recycle"],"damage_healed":49,"gold_gain":0,"player_choice":"Offered Uncommon","damage_taken":0,"max_hp_gain":0,"max_hp_loss":0,"event_name":"Bonfire Elementals","floor":27,"gold_loss":0},{"damage_healed":0,"gold_gain":0,"player_choice":"Fight","damage_taken":0,"max_hp_gain":0,"max_hp_loss":0,"event_name":"Colosseum","floor":29,"gold_loss":0},{"damage_healed":0,"gold_gain":0,"player_choice":"Fought Nobs","damage_taken":0,"max_hp_gain":0,"max_hp_loss":0,"event_name":"Colosseum","floor":29,"gold_loss":0}],"is_beta":false,"boss_relics":[{"not_picked":["FrozenCore","Runic Dome"],"picked":"Fusion Hammer"}],"items_purged_floors":[3,19],"is_endless":false,"potions_floor_spawned":[1,6,7,11,12,20],"killed_by":"Colosseum Nobs","ascension_level":0}