{"path_per_floor":["M","$","M","M","M","R","M","M","T","R","M","?","M","?","R","B",null,"M","M","M"],"character_chosen":"THE_SILENT","items_purchased":["Noxious Fumes"],"gold_per_floor":[118,44,64,74,85,85,99,116,192,192,209,209,223,223,223,344,344,357,342,342,342],"floor_reached":21,"campfire_rested":2,"playtime":1705,"current_hp_per_floor":[68,68,66,58,44,44,31,27,27,48,35,35,18,18,39,16,70,49,10,8,0],"items_purged":[],"gold":342,"score":177,"play_id":"f32a50a3-0d1d-4e88-a292-087e6e31a7ee","local_time":"20180523141253","is_prod":false,"is_daily":false,"chose_seed":false,"is_ascension_mode":false,"campfire_upgraded":1,"timestamp":1527099173,"campfire_choices":[{"data":"Doppelganger","floor":6,"key":"SMITH"},{"floor":10,"key":"REST"},{"floor":15,"key":"REST"}],"path_taken":["M","$","M","M","M","R","?","M","T","R","M","?","M","?","R","BOSS","M","M","M","M"],"build_version":"2018-05-17","seed_source_timestamp":210363330222607,"purchased_purges":0,"victory":false,"master_deck":["Defend_G","Defend_G","Defend_G","Defend_G","Defend_G","Strike_G","Strike_G","Strike_G","Strike_G","Strike_G","Survivor","Neutralize","Doppelganger+1","Flying Knee","Noxious Fumes","Crippling Poison","Bane","Poisoned Stab","Poisoned Stab","Backflip","Deadly Poison","Acrobatics","Injury","Burst","Bane","Bouncing Flask","Leg Sweep","A Thousand Cuts","Deadly Poison","Caltrops+1","Dodge and Roll+1"],"max_hp_per_floor":[70,70,70,70,70,70,70,70,70,70,70,70,70,70,70,70,70,70,70,70,70],"relics":["Ring of the Snake","Tough Bandages","Golden Idol","Orrery"],"card_choices":[{"not_picked":["Dagger Spray","Backflip"],"picked":"Flying Knee","floor":1},{"not_picked":["Deflect","Acrobatics"],"picked":"Crippling Poison","floor":3},{"not_picked":["Quick Slash","Predator"],"picked":"Bane","floor":4},{"not_picked":["Deflect","Dagger Spray"],"picked":"Poisoned Stab","floor":5},{"not_picked":["Quick Slash","Underhanded Strike"],"picked":"Poisoned Stab","floor":7},{"not_picked":["Quick Slash","Tactician"],"picked":"Backflip","floor":8},{"not_picked":["Slice","Sucker Punch"],"picked":"Deadly Poison","floor":11},{"not_picked":["Slice","Deflect"],"picked":"Acrobatics","floor":13},{"not_picked":["A Thousand Cuts","Unload"],"picked":"Burst","floor":16},{"not_picked":["Outmaneuver","Dagger Spray"],"picked":"Bane","floor":17},{"not_picked":["Outmaneuver","Prepared"],"picked":"Bouncing Flask","floor":17},{"not_picked":["Infinite Blades","Poisoned Stab"],"picked":"Leg Sweep","floor":17},{"not_picked":["Dagger Throw","Deadly Poison"],"picked":"A Thousand Cuts","floor":17},{"not_picked":["Predator","Acrobatics"],"picked":"Deadly Poison","floor":17},{"not_picked":["Well Laid Plans","Acrobatics"],"picked":"Caltrops+1","floor":18},{"not_picked":["Finisher","Footwork"],"picked":"Dodge and Roll+1","floor":19}],"player_experience":82931,"potions_floor_usage":[4,7,16,20,20],"damage_taken":[{"damage":2,"enemies":"Cultist","floor":1,"turns":4},{"damage":2,"enemies":"Small Slimes","floor":3,"turns":3},{"damage":8,"enemies":"Jaw Worm","floor":4,"turns":3},{"damage":14,"enemies":"Looter","floor":5,"turns":3},{"damage":13,"enemies":"Exordium Thugs","floor":7,"turns":4},{"damage":4,"enemies":"2 Fungi Beasts","floor":8,"turns":3},{"damage":13,"enemies":"3 Louse","floor":11,"turns":3},{"damage":17,"enemies":"Exordium Wildlife","floor":13,"turns":3},{"damage":23,"enemies":"Slime Boss","floor":16,"turns":9},{"damage":21,"enemies":"Spheric Guardian","floor":18,"turns":4},{"damage":39,"enemies":"2 Thieves","floor":19,"turns":4},{"damage":11,"enemies":"Cultist and Chosen","floor":20,"turns":3},{"damage":23,"enemies":"Chosen and Byrds","floor":21,"turns":4}],"relics_obtained":[{"floor":9,"key":"Tough Bandages"}],"event_choices":[{"event_name":"The Woman in Blue","player_choice":"Bought 0 Potions","floor":12,"damage_taken":0},{"event_name":"Golden Idol","player_choice":"Take Wound","floor":14,"damage_taken":0}],"boss_relics":[{"not_picked":["White Beast Statue","Runic Dome"],"picked":"Orrery"}],"potions_floor_spawned":[3,5,11,13,19,20],"seed_played":"-7674381646164244156","killed_by":"Chosen and Byrds","ascension_level":0,"potions_obtained":[{"floor":3,"key":"PowerPotion"},{"floor":5,"key":"Poison Potion"},{"floor":11,"key":"SmokeBomb"},{"floor":13,"key":"GhostInAJar"},{"floor":19,"key":"Regen Potion"}],"is_trial":false}