{"path_per_floor":["M","?","?","$","M","E","M","R","T","M","$","M","R","?","R","B",null,"M","?","?","M","M","E","R","?","T","R","$","?","R","M","R","B",null,"M","$","M","M","?"],"character_chosen":"THE_SILENT","items_purchased":["Masterful Stab","Dagger Throw","Noxious Fumes","Prepared"],"gold_per_floor":[112,112,112,3,23,51,63,63,144,156,8,27,27,27,27,131,131,144,234,234,249,262,294,294,294,320,320,195,195,195,206,206,306,306,325,82,101,113,113,113],"floor_reached":40,"campfire_rested":3,"playtime":4500,"item_purchase_floors":[4,11,36,36],"current_hp_per_floor":[65,65,65,65,60,55,54,70,70,70,70,66,66,66,66,58,70,68,47,47,44,36,22,43,66,66,66,66,50,70,60,60,20,70,51,51,44,26,26,0],"items_purged":["Strike_G","Regret","Strike_G","Corpse Explosion"],"gold":113,"score":404,"play_id":"508e2d93-0c2a-41fa-97bc-1c1827338f16","local_time":"20180604100020","is_prod":false,"is_daily":false,"chose_seed":false,"is_ascension_mode":false,"campfire_upgraded":4,"win_rate":0.0,"timestamp":1528120820,"campfire_choices":[{"floor":8,"key":"REST"},{"data":"PiercingWail","floor":13,"key":"SMITH"},{"data":"Dash","floor":15,"key":"SMITH"},{"floor":24,"key":"REST"},{"data":"A Thousand Cuts","floor":27,"key":"SMITH"},{"floor":30,"key":"REST"},{"data":"Infinite Blades","floor":32,"key":"SMITH"}],"path_taken":["M","?","?","$","M","E","M","R","T","M","$","M","R","?","R","BOSS","M","?","?","M","M","E","R","?","T","R","$","?","R","M","R","BOSS","M","$","M","M","?","E"],"build_version":"2018-05-31","seed_source_timestamp":312410176792579,"purchased_purges":4,"victory":false,"master_deck":["Defend_G","Defend_G","Defend_G","Defend_G","Defend_G","Strike_G","Survivor","Neutralize","Dash","Leg Sweep","Neutralize","Masterful Stab","Dash+1","Underhanded Strike","PiercingWail+1","Footwork","Dagger Throw","Dagger Throw","Leg Sweep","A Thousand Cuts+1","Backflip+1","Mind Blast","Infinite Blades+1","Dagger Spray+1","Slice+1","Cloak And Dagger+1","Adrenaline","Deflect","Noxious Fumes","Prepared","Endless Agony+1","Noxious Fumes+1"],"max_hp_per_floor":[70,70,70,70,70,70,70,70,70,70,70,70,70,70,70,70,70,70,70,70,70,70,70,70,70,70,70,70,70,70,70,70,70,70,70,70,70,70,70,70],"relics":["Ring of the Snake","Happy Flower","Gambling Chip","Matryoshka","Runic Pyramid","Bag of Marbles","Lantern","Regal Pillow","Nilry\u0027s Codex","Cursed Key"],"card_choices":[{"not_picked":["Dagger Spray","Poisoned Stab"],"picked":"Dash","floor":1},{"not_picked":["Outmaneuver","Acrobatics"],"picked":"Dash","floor":5},{"not_picked":["Venomology","Sucker Punch"],"picked":"Underhanded Strike","floor":6},{"not_picked":["Deadly Poison","Outmaneuver"],"picked":"PiercingWail","floor":7},{"not_picked":["Well Laid Plans","Infinite Blades"],"picked":"Footwork","floor":10},{"not_picked":["Leg Sweep","Outmaneuver"],"picked":"Dagger Throw","floor":12},{"not_picked":["Adrenaline","Bullet Time"],"picked":"A Thousand Cuts","floor":16},{"not_picked":["Bane","Accuracy"],"picked":"Backflip+1","floor":18},{"not_picked":["Sucker Punch","Acrobatics"],"picked":"Infinite Blades","floor":21},{"not_picked":["Blade Dance","Deadly Poison"],"picked":"Dagger Spray+1","floor":22},{"not_picked":["Outmaneuver+1","Leg Sweep"],"picked":"Slice+1","floor":23},{"not_picked":["Crippling Poison","Bane"],"picked":"Cloak And Dagger+1","floor":31},{"not_picked":["Die Die Die","Corpse Explosion"],"picked":"Adrenaline","floor":33},{"not_picked":["Dagger Spray+1","Distraction+1"],"picked":"Deflect","floor":35},{"not_picked":["Calculated Gamble+1","Dagger Throw"],"picked":"Endless Agony+1","floor":37},{"not_picked":["Flying Knee+1","Outmaneuver"],"picked":"Noxious Fumes+1","floor":38}],"player_experience":318693,"potions_floor_usage":[12,18,33,33,38],"damage_taken":[{"damage":5,"enemies":"2 Louse","floor":1,"turns":5},{"damage":5,"enemies":"Cultist","floor":5,"turns":4},{"damage":5,"enemies":"3 Sentries","floor":6,"turns":12},{"damage":1,"enemies":"Jaw Worm","floor":7,"turns":4},{"damage":0,"enemies":"Looter","floor":10,"turns":3},{"damage":4,"enemies":"3 Louse","floor":12,"turns":4},{"damage":8,"enemies":"The Guardian","floor":16,"turns":15},{"damage":2,"enemies":"2 Thieves","floor":18,"turns":5},{"damage":3,"enemies":"Shell Parasite","floor":21,"turns":8},{"damage":8,"enemies":"3 Cultists","floor":22,"turns":7},{"damage":14,"enemies":"Gremlin Leader","floor":23,"turns":10},{"damage":10,"enemies":"Snake Plant","floor":31,"turns":6},{"damage":40,"enemies":"Automaton","floor":33,"turns":11},{"damage":19,"enemies":"3 Darklings","floor":35,"turns":5},{"damage":7,"enemies":"3 Shapes","floor":37,"turns":5},{"damage":18,"enemies":"Sphere and 2 Shapes","floor":38,"turns":6},{"damage":30,"enemies":"Giant Head","floor":40,"turns":5}],"relics_obtained":[{"floor":6,"key":"Gambling Chip"},{"floor":9,"key":"Matryoshka"},{"floor":23,"key":"Bag of Marbles"},{"floor":26,"key":"Lantern"},{"floor":26,"key":"Regal Pillow"},{"floor":29,"key":"Nilry\u0027s Codex"}],"event_choices":[{"event_name":"Match and Keep!","player_choice":"2 cards matched","floor":2,"damage_taken":0},{"event_name":"Big Fish","player_choice":"Box","floor":3,"damage_taken":0},{"event_name":"Living Wall","player_choice":"Change","floor":14,"damage_taken":0},{"event_name":"Knowing Skull","player_choice":"GOLD CARD ","floor":19,"damage_taken":0},{"event_name":"Transmorgrifier","player_choice":"Transform","floor":20,"damage_taken":0},{"event_name":"The Library","player_choice":"Heal","floor":25,"damage_taken":0},{"event_name":"Cursed Tome","player_choice":"Obtained Book","floor":29,"damage_taken":0},{"event_name":"Tomb of Lord Red Mask","player_choice":"Ignored","floor":39,"damage_taken":0}],"boss_relics":[{"not_picked":["Eternal Feather","Velvet Choker"],"picked":"Runic Pyramid"},{"not_picked":["Black Star","White Beast Statue"],"picked":"Cursed Key"}],"items_purged_floors":[4,11,28,36],"potions_floor_spawned":[5,6,22,23,37],"seed_played":"8777078824033432974","killed_by":"Giant Head","ascension_level":0,"potions_obtained":[{"floor":5,"key":"PowerPotion"},{"floor":6,"key":"Energy Potion"},{"floor":22,"key":"SteroidPotion"},{"floor":23,"key":"AttackPotion"},{"floor":37,"key":"SkillPotion"}],"is_trial":false}