{"gold_per_floor":[115,134,154,154,154,154,167,167,191,191,215,32,48,48],"floor_reached":14,"playtime":489,"items_purged":[],"score":131,"play_id":"f8e616d6-0416-4955-9d15-575b64c83609","local_time":"20180720174844","is_ascension_mode":true,"campfire_choices":[{"data":"Redo","floor":6,"key":"SMITH"},{"floor":8,"key":"REST"},{"data":"Echo Form","floor":10,"key":"SMITH"}],"neow_cost":"NONE","seed_source_timestamp":587268557275592,"circlet_count":0,"master_deck":["Strike_B","Strike_B","Strike_B","Strike_B","Defend_B","Defend_B","Defend_B","Defend_B","Zap+1","Dualcast","AscendersBane","Redo+1","Leap","Barrage","Echo Form+1","Defragment","Streamline"],"relics":["Cracked Core","Golden Idol","Ancient Tea Set","DataDisk"],"potions_floor_usage":[7,11],"damage_taken":[{"damage":2,"enemies":"Jaw Worm","floor":1,"turns":3},{"damage":5,"enemies":"Small Slimes","floor":2,"turns":3},{"damage":0,"enemies":"2 Louse","floor":3,"turns":2},{"damage":13,"enemies":"Gremlin Gang","floor":7,"turns":5},{"damage":21,"enemies":"Exordium Thugs","floor":11,"turns":4},{"damage":14,"enemies":"Red Slaver","floor":13,"turns":3},{"damage":17,"enemies":"Gremlin Nob","floor":14,"turns":2}],"seed_played":"-5157559804692535761","potions_obtained":[{"floor":2,"key":"Block Potion"},{"floor":3,"key":"Poison Potion"},{"floor":7,"key":"Dexterity Potion"}],"is_trial":false,"path_per_floor":["M","M","M","?","?","R","M","R","T","R","M","$","M"],"character_chosen":"DEFECT","items_purchased":["Defragment","DataDisk"],"campfire_rested":1,"item_purchase_floors":[12,12],"current_hp_per_floor":[66,61,61,43,43,43,30,52,52,52,31,31,17,0],"gold":48,"neow_bonus":"UPGRADE_CARD","is_prod":false,"is_daily":false,"chose_seed":false,"campfire_upgraded":2,"win_rate":0,"timestamp":1532123324,"path_taken":["M","M","M","?","?","R","M","R","T","R","M","$","M","E"],"build_version":"2018-07-19v2","purchased_purges":0,"victory":false,"max_hp_per_floor":[75,75,75,75,75,75,75,75,75,75,75,75,75,75],"card_choices":[{"not_picked":["Reinforced Body","Reprogram"],"picked":"Redo","floor":1},{"not_picked":["White Noise","Auto Shields"],"picked":"Leap","floor":2},{"not_picked":["Redo","Go for the Eyes"],"picked":"Barrage","floor":3},{"not_picked":["Darkness","Barrage"],"picked":"Echo Form","floor":7},{"not_picked":["Steam","Static Discharge","Barrage"],"picked":"SKIP","floor":11},{"not_picked":["Beam Cell","Ball Lightning"],"picked":"Streamline","floor":13}],"player_experience":1204364,"relics_obtained":[{"floor":9,"key":"Ancient Tea Set"}],"event_choices":[{"event_name":"Golden Idol","player_choice":"Take Damage","floor":4,"damage_taken":0},{"event_name":"Shining Light","player_choice":"Ignored","floor":5,"damage_taken":0}],"is_beta":false,"boss_relics":[],"items_purged_floors":[],"is_endless":false,"potions_floor_spawned":[2,3,7],"killed_by":"Gremlin Nob","ascension_level":12}