{"gold_per_floor":[112,112,112,128,153,153,167,167,193,22,43,8,8,22,22,150,150,171,171,189,189,203,203,203,203,203,14,27,27,27,27,27,123,123,141,0,20,120,137,137,154,154,230,230,254,270,23,33,33,33],"floor_reached":51,"playtime":1483,"items_purged":["Strike_G","Defend_G"],"score":687,"play_id":"5ae9749f-8493-4c57-a3c5-a3affda6dc2e","local_time":"20180807174712","is_ascension_mode":false,"campfire_choices":[{"data":"Accuracy","floor":6,"key":"SMITH"},{"data":"Blade Dance","floor":8,"key":"SMITH"},{"data":"Blade Dance","floor":13,"key":"SMITH"},{"data":"Outmaneuver","floor":15,"key":"SMITH"},{"data":"A Thousand Cuts","floor":23,"key":"SMITH"},{"data":"Accuracy","floor":25,"key":"SMITH"},{"data":"Infinite Blades","floor":30,"key":"SMITH"},{"data":"Blade Dance","floor":32,"key":"SMITH"},{"floor":40,"key":"REST"},{"floor":49,"key":"REST"}],"neow_cost":"NONE","seed_source_timestamp":59086899153182,"circlet_count":0,"master_deck":["Defend_G","Defend_G","Defend_G","Defend_G","Strike_G","Survivor","Neutralize","Blade Dance+1","Accuracy+1","Outmaneuver","Blade Dance+1","Outmaneuver+1","Slice","After Image","Cloak And Dagger","Blade Dance","Slice","Slice","Endless Agony","A Thousand Cuts+1","Accuracy+1","Acrobatics+1","Cloak And Dagger","Blade Dance+1","Infinite Blades+1","Footwork+1","A Thousand Cuts","Blade Dance","Cloak And Dagger"],"relics":["Ring of the Snake","Lantern","Bloody Idol","Centennial Puzzle","Bronze Scales","Orrery","Thread and Needle","Bottled Tornado","Fusion Hammer","Red Mask","Question Card","Omamori","Vajra"],"potions_floor_usage":[16,33,33,50,50,50,50,50],"damage_taken":[{"damage":0,"enemies":"Small Slimes","floor":1,"turns":4},{"damage":0,"enemies":"2 Louse","floor":4,"turns":2},{"damage":1,"enemies":"Cultist","floor":5,"turns":3},{"damage":4,"enemies":"Blue Slaver","floor":7,"turns":4},{"damage":3,"enemies":"Exordium Thugs","floor":11,"turns":3},{"damage":0,"enemies":"Large Slime","floor":14,"turns":4},{"damage":22,"enemies":"Hexaghost","floor":16,"turns":9},{"damage":3,"enemies":"Chosen","floor":18,"turns":3},{"damage":0,"enemies":"Spheric Guardian","floor":20,"turns":3},{"damage":10,"enemies":"Cultist and Chosen","floor":22,"turns":4},{"damage":7,"enemies":"Snecko","floor":28,"turns":4},{"damage":27,"enemies":"Collector","floor":33,"turns":8},{"damage":0,"enemies":"Orb Walker","floor":35,"turns":3},{"damage":0,"enemies":"Flame Bruiser 1 Orb","floor":37,"turns":3},{"damage":25,"enemies":"Transient","floor":39,"turns":5},{"damage":29,"enemies":"Spire Growth","floor":41,"turns":4},{"damage":8,"enemies":"Flame Bruiser 2 Orb","floor":46,"turns":5},{"damage":2,"enemies":"Transient","floor":48,"turns":5},{"damage":60,"enemies":"Awakened One","floor":50,"turns":7}],"seed_played":"8382061707178835790","potions_obtained":[{"floor":1,"key":"Explosive Potion"},{"floor":4,"key":"Block Potion"},{"floor":11,"key":"Poison Potion"},{"floor":16,"key":"Weak Potion"},{"floor":37,"key":"Weak Potion"},{"floor":46,"key":"EntropicBrew"}],"is_trial":false,"path_per_floor":["M","?","?","M","M","R","M","R","T","$","M","?","R","M","R","B",null,"M","?","M","?","M","R","T","R","T","$","M","?","R","?","R","B",null,"M","?","M","?","M","R","M","?","T","?","T","M","$","M","R","B"],"character_chosen":"THE_SILENT","items_purchased":["Bronze Scales","Blade Dance","Blade Dance","Infinite Blades","Vajra"],"campfire_rested":2,"item_purchase_floors":[10,10,27,27,47],"current_hp_per_floor":[70,53,46,46,45,45,41,41,41,41,38,55,55,55,55,33,70,67,67,67,67,62,62,62,62,62,62,60,60,60,60,60,38,70,70,70,70,70,50,70,46,46,51,51,56,53,53,56,70,10],"gold":33,"neow_bonus":"RANDOM_COMMON_RELIC","is_prod":false,"is_daily":false,"chose_seed":false,"campfire_upgraded":8,"win_rate":0,"timestamp":1533629832,"path_taken":["M","?","?","M","M","R","M","R","T","$","M","?","R","M","R","BOSS","M","?","M","?","?","R","?","R","T","$","M","?","R","?","R","BOSS","M","?","M","?","?","R","M","?","T","?","?","M","$","M","R","BOSS"],"build_version":"2018-08-02","purchased_purges":2,"victory":true,"max_hp_per_floor":[70,70,70,70,70,70,70,70,70,70,70,70,70,70,70,70,70,70,70,70,70,70,70,70,70,70,70,70,70,70,70,70,70,70,70,70,70,70,70,70,70,70,70,70,70,70,70,70,70,70],"card_choices":[{"not_picked":["Concentrate","PiercingWail"],"picked":"Blade Dance","floor":1},{"not_picked":["Prepared","Deflect","Sucker Punch"],"picked":"SKIP","floor":4},{"not_picked":["Cloak And Dagger","Eviscerate"],"picked":"Accuracy","floor":5},{"not_picked":["Skewer","Malaise"],"picked":"Outmaneuver","floor":7},{"not_picked":["Poisoned Stab","Dodge and Roll"],"picked":"Outmaneuver","floor":11},{"not_picked":["Deadly Poison","Bane"],"picked":"Slice","floor":14},{"not_picked":["Grand Finale","Wraith Form v2"],"picked":"After Image","floor":16},{"not_picked":["Backstab","Leg Sweep"],"picked":"Cloak And Dagger","floor":17},{"not_picked":["Backstab","Underhanded Strike"],"picked":"Blade Dance","floor":17},{"not_picked":["Concentrate","Dodge and Roll"],"picked":"Slice","floor":17},{"not_picked":["Bane","Dagger Throw"],"picked":"Slice","floor":17},{"not_picked":["Dagger Spray","Slice"],"picked":"Endless Agony","floor":17},{"not_picked":["Deadly Poison","Reflex"],"picked":"A Thousand Cuts","floor":18},{"not_picked":["Flying Knee","Outmaneuver"],"picked":"Acrobatics+1","floor":20},{"not_picked":["Slice+1","Catalyst"],"picked":"Cloak And Dagger","floor":22},{"not_picked":["Well Laid Plans","Leg Sweep"],"picked":"Footwork+1","floor":28},{"not_picked":["Grand Finale","Storm of Steel"],"picked":"A Thousand Cuts","floor":33},{"not_picked":["PiercingWail","Well Laid Plans+1"],"picked":"Blade Dance","floor":35},{"not_picked":["Underhanded Strike+1","Well Laid Plans+1","Setup+1"],"picked":"SKIP","floor":37},{"not_picked":["Catalyst","Underhanded Strike","Backflip"],"picked":"SKIP","floor":39},{"not_picked":["Poisoned Stab+1","Dodge and Roll+1","Quick Slash+1"],"picked":"SKIP","floor":41},{"not_picked":["Dagger Spray+1","Dagger Throw","Sucker Punch+1","Venomology"],"picked":"SKIP","floor":46},{"not_picked":["Dagger Throw+1","Distraction","PiercingWail+1"],"picked":"Cloak And Dagger","floor":48}],"player_experience":289660,"relics_obtained":[{"floor":9,"key":"Centennial Puzzle"},{"floor":24,"key":"Thread and Needle"},{"floor":26,"key":"Bottled Tornado"},{"floor":43,"key":"Question Card"},{"floor":45,"key":"Omamori"}],"event_choices":[{"event_name":"Golden Idol","player_choice":"Take Damage","floor":2,"damage_taken":0},{"event_name":"Golden Wing","player_choice":"Card Removal","floor":3,"damage_taken":0},{"event_name":"The Cleric","player_choice":"Healed","floor":12,"damage_taken":0},{"event_name":"The Library","player_choice":"Read","floor":19,"damage_taken":0},{"event_name":"Forgotten Altar","player_choice":"Gave Idol","floor":21,"damage_taken":0},{"event_name":"Bonfire Elementals","player_choice":"BASIC","floor":29,"damage_taken":0},{"event_name":"Beggar","player_choice":"Ignored","floor":31,"damage_taken":0},{"event_name":"Tomb of Lord Red Mask","player_choice":"Paid","floor":36,"damage_taken":0},{"event_name":"Golden Shrine","player_choice":"Pray","floor":38,"damage_taken":0},{"event_name":"Mysterious Sphere","player_choice":"Ignore","floor":42,"damage_taken":0},{"event_name":"Falling","player_choice":"Removed Attack","floor":44,"damage_taken":0}],"is_beta":false,"boss_relics":[{"not_picked":["Astrolabe","Ring of the Serpent"],"picked":"Orrery"},{"not_picked":["HoveringKite","Empty Cage"],"picked":"Fusion Hammer"}],"items_purged_floors":[27,47],"is_endless":false,"potions_floor_spawned":[1,4,11,16,18,20,37,46],"ascension_level":0}