{"path_per_floor":["M","M","?","M","?","R","M","$","T","$","R","?","R","$","R","B",null,"M","$","?","M","M"],"character_chosen":"IRONCLAD","items_purchased":["Flex","Rampage","Pommel Strike","Dropkick","Shrug It Off","Sever Soul"],"gold_per_floor":[110,128,128,143,143,143,157,7,85,17,17,17,17,17,17,118,118,130,34,34,51,65],"floor_reached":23,"campfire_rested":0,"playtime":1517,"current_hp_per_floor":[80,80,73,74,74,74,64,64,64,64,64,80,80,80,80,56,80,80,80,80,66,17],"items_purged":[],"gold":65,"score":179,"play_id":"098d7e3a-52fa-478c-ab0e-d72aa5e771e7","local_time":"20180304182130","is_prod":false,"is_daily":false,"is_ascension_mode":false,"campfire_upgraded":4,"timestamp":1520180490,"path_taken":["M","M","?","M","?","R","M","$","T","?","R","?","R","$","R","BOSS","M","$","?","M","?","E"],"build_version":"2018-03-01-PROD1","purchased_purges":1,"victory":false,"master_deck":["Strike_R","Strike_R","Strike_R","Strike_R","Strike_R","Defend_R","Defend_R","Defend_R","Defend_R","Bash+1","Pommel Strike+1","Metallicize","Spot Weakness","Anger+1","Flex","Rampage","Pommel Strike+1","Barricade","Clash+1","Shrug It Off","Sever Soul+1","Flame Barrier","Metallicize"],"max_hp_per_floor":[80,80,80,80,80,80,80,80,80,80,80,80,80,80,80,80,80,80,80,80,80,80],"relics":["Black Blood","Bag of Marbles","Dream Catcher","Molten Egg 2"],"card_choices":[{"not_picked":["Headbutt","Second Wind"],"picked":"Pommel Strike"},{"not_picked":["Dual Wield","Thunderclap"],"picked":"Metallicize"},{"not_picked":["Rupture","True Grit"],"picked":"Spot Weakness"},{"not_picked":["True Grit","Disarm"],"picked":"Anger"},{"not_picked":["Offering","Fiend Fire"],"picked":"Barricade"},{"not_picked":["Flame Barrier","Clothesline"],"picked":"Clash"},{"not_picked":["Armaments","True Grit"],"picked":"Flame Barrier"},{"not_picked":["Clothesline","Heavy Blade"],"picked":"Metallicize"}],"player_experience":73955,"potions_floor_usage":[16,22,23,23],"damage_taken":[{"damage":1,"enemies":"Cultist","floor":1,"turns":3},{"damage":0,"enemies":"Small Slimes","floor":2,"turns":2},{"damage":5,"enemies":"2 Louse","floor":4,"turns":2},{"damage":16,"enemies":"Blue Slaver","floor":7,"turns":3},{"damage":30,"enemies":"Hexaghost","floor":16,"turns":9},{"damage":10,"enemies":"Chosen","floor":18,"turns":4},{"damage":24,"enemies":"Spheric Guardian","floor":21,"turns":4},{"damage":68,"enemies":"Cultist and Chosen","floor":22,"turns":7},{"damage":18,"enemies":"Slavers","floor":23,"turns":2}],"event_choices":[{"event_name":"Scrap Ooze","player_choice":"success","floor":3,"damage_taken":7},{"event_name":"Golden Wing","player_choice":"Ignored","floor":5,"damage_taken":0},{"event_name":"Bonfire Elementals","player_choice":"UNCOMMON","floor":12,"damage_taken":0},{"event_name":"Drug Dealer","player_choice":"Ignored","floor":20,"damage_taken":0}],"boss_relics":[{"not_picked":["Mark of Pain","White Beast Statue"],"picked":"Black Blood"}],"potions_floor_spawned":[2,7,16,22],"seed_played":"-2713258375282714633","killed_by":"Slavers","ascension_level":0,"is_trial":false}