{"gold_per_floor":[111,261,53,53,65,94,94,110,135,148,148],"floor_reached":11,"playtime":310,"items_purged":["Doubt"],"score":139,"play_id":"f41d2d04-4f67-4abd-83c4-d0638b867fa1","local_time":"20181222210648","is_ascension_mode":true,"campfire_choices":[{"floor":7,"key":"REST"}],"neow_cost":"NONE","seed_source_timestamp":236705606099229,"circlet_count":0,"master_deck":["AscendersBane","Strike_B","Strike_B","Strike_B","Defend_B","Defend_B","Defend_B","Defend_B","Zap","Dualcast","Defragment","Sunder","Loop","Sweeping Beam","Go for the Eyes","Compile Driver","Hello World"],"relics":["Cracked Core","Oddly Smooth Stone","Bag of Preparation","Regal Pillow"],"potions_floor_usage":[6,6],"damage_taken":[{"damage":2,"enemies":"2 Louse","floor":1,"turns":3},{"damage":14,"enemies":"Small Slimes","floor":5,"turns":3},{"damage":39,"enemies":"Gremlin Nob","floor":6,"turns":4},{"damage":10,"enemies":"Jaw Worm","floor":8,"turns":3},{"damage":0,"enemies":"3 Louse","floor":10,"turns":2},{"damage":14,"enemies":"3 Sentries","floor":11,"turns":2}],"seed_played":"5167182283371554661","potions_obtained":[{"floor":1,"key":"Strength Potion"},{"floor":5,"key":"GamblersBrew"}],"is_trial":false,"path_per_floor":["M","?","$","?","M","E","R","M","T","M","E"],"character_chosen":"DEFECT","items_purchased":["Sunder","Loop"],"campfire_rested":1,"item_purchase_floors":[3,3],"current_hp_per_floor":[62,62,62,55,41,2,23,13,13,13,0],"gold":148,"neow_bonus":"RANDOM_COMMON_RELIC","is_prod":false,"is_daily":false,"chose_seed":false,"campfire_upgraded":0,"win_rate":0,"timestamp":1545530808,"path_taken":["M","?","$","?","M","E","R","M","T","M","E"],"build_version":"2018-12-20","purchased_purges":1,"victory":false,"max_hp_per_floor":[71,71,71,71,71,71,71,71,71,71,71],"card_choices":[{"not_picked":["Leap","Aggregate"],"picked":"Defragment","floor":1},{"not_picked":["Lockon","Auto Shields"],"picked":"Sweeping Beam","floor":5},{"not_picked":["Streamline","Redo"],"picked":"Go for the Eyes","floor":6},{"not_picked":["Rebound","Hologram"],"picked":"Compile Driver","floor":8},{"not_picked":["Rebound","Gash"],"picked":"Hello World","floor":10}],"player_experience":1937665,"relics_obtained":[{"floor":6,"key":"Bag of Preparation"},{"floor":9,"key":"Regal Pillow"}],"event_choices":[{"damage_healed":0,"gold_gain":150,"player_choice":"AGREE","damage_taken":0,"max_hp_gain":0,"max_hp_loss":0,"event_name":"Liars Game","floor":2,"gold_loss":0,"cards_obtained":["Doubt"]},{"cards_removed":["Strike_B"],"damage_healed":0,"gold_gain":0,"player_choice":"Card Removal","damage_taken":7,"max_hp_gain":0,"max_hp_loss":0,"event_name":"Golden Wing","floor":4,"gold_loss":0}],"is_beta":false,"boss_relics":[],"items_purged_floors":[3],"is_endless":false,"potions_floor_spawned":[1,5],"killed_by":"3 Sentries","ascension_level":18}