{"gold_per_floor":[117,43,63,79,79,104,104,139,139,13,13],"floor_reached":11,"playtime":454,"items_purged":["Strike_R"],"score":81,"play_id":"adf56f62-8ff2-42c6-a429-c6b99e3c96a6","local_time":"20181213114315","is_ascension_mode":false,"campfire_choices":[{"floor":7,"key":"REST"}],"neow_cost":"NONE","seed_source_timestamp":58043586896304,"circlet_count":0,"master_deck":["Strike_R","Strike_R","Strike_R","Strike_R","Defend_R","Defend_R","Defend_R","Defend_R","Bash","Evolve","Burning Pact","Disarm","Flame Barrier","Iron Wave","Offering","Iron Wave","Shrug It Off"],"relics":["Burning Blood","Ice Cream","Bird Faced Urn","Prayer Wheel"],"potions_floor_usage":[],"damage_taken":[{"damage":6,"enemies":"Cultist","floor":1,"turns":3},{"damage":20,"enemies":"Jaw Worm","floor":3,"turns":4},{"damage":5,"enemies":"Small Slimes","floor":4,"turns":5},{"damage":45,"enemies":"3 Sentries","floor":6,"turns":13},{"damage":48,"enemies":"Gremlin Nob","floor":8,"turns":5},{"damage":15,"enemies":"Gremlin Gang","floor":11,"turns":3}],"seed_played":"4131331656314786091","potions_obtained":[],"is_trial":false,"path_per_floor":["M","$","M","M","?","E","R","E","T","$","M"],"character_chosen":"IRONCLAD","items_purchased":["Disarm","Shrug It Off"],"campfire_rested":1,"item_purchase_floors":[2,10],"current_hp_per_floor":[80,80,66,67,67,28,52,10,10,10,0],"gold":13,"neow_bonus":"THREE_CARDS","is_prod":false,"is_daily":false,"chose_seed":false,"campfire_upgraded":0,"win_rate":0,"timestamp":1544719395,"path_taken":["M","$","M","M","?","E","R","E","T","$","?"],"build_version":"2018-12-06","purchased_purges":1,"victory":false,"max_hp_per_floor":[80,80,80,80,80,80,80,80,80,80,80],"card_choices":[{"not_picked":["Body Slam","Wild Strike"],"picked":"Evolve","floor":0},{"not_picked":["Headbutt","Flame Barrier"],"picked":"Burning Pact","floor":1},{"not_picked":["Havoc","Perfected Strike"],"picked":"Flame Barrier","floor":3},{"not_picked":["Clothesline","Flex"],"picked":"Iron Wave","floor":4},{"not_picked":["Havoc","Flex"],"picked":"Offering","floor":6},{"not_picked":["Cleave","Sentinel"],"picked":"Iron Wave","floor":8}],"player_experience":1885350,"relics_obtained":[{"floor":6,"key":"Ice Cream"},{"floor":8,"key":"Bird Faced Urn"},{"floor":9,"key":"Prayer Wheel"}],"event_choices":[{"damage_healed":0,"gold_gain":0,"player_choice":"Ignored","damage_taken":0,"max_hp_gain":0,"max_hp_loss":0,"event_name":"NoteForYourself","floor":5,"gold_loss":0}],"is_beta":false,"boss_relics":[],"items_purged_floors":[10],"is_endless":false,"potions_floor_spawned":[],"killed_by":"Gremlin Gang","ascension_level":0}