{"path_per_floor":["M","?","$","?","M","R","?","M","T","R","?","$","E","$","R","B",null,"M","M","T","?","M","R","M","R","T","?","M","?","$","M","R","B",null,"M","$","?","$","M","R","M","M","T","M","?","R","T","M","R","B"],"character_chosen":"DEFECT","items_purchased":["Sweeping Beam","Glacier","Cold Snap","Runic Capacitor"],"gold_per_floor":[117,67,20,20,30,30,30,55,55,55,55,55,91,22,22,143,143,167,187,187,187,197,197,210,210,260,260,279,194,94,108,108,213,213,225,26,26,26,42,42,55,74,101,119,119,119,193,210,210,210],"floor_reached":51,"campfire_rested":6,"playtime":4819,"item_purchase_floors":[],"current_hp_per_floor":[75,75,75,60,53,75,57,58,58,75,75,75,39,39,61,33,75,75,75,75,75,69,75,72,75,75,75,75,75,75,75,75,75,75,75,75,64,64,49,49,57,69,74,75,75,75,75,75,75,74],"items_purged":["Regret"],"gold":210,"score":714,"play_id":"027d975a-05c4-46f4-9386-39783acd6231","local_time":"20180616091059","is_prod":false,"is_daily":false,"chose_seed":false,"is_ascension_mode":true,"campfire_upgraded":0,"win_rate":0,"timestamp":1529154659,"campfire_choices":[{"floor":6.0,"key":"REST"},{"floor":10.0,"key":"REST"},{"floor":15.0,"key":"REST"},{"floor":23,"key":"REST"},{"floor":25,"key":"REST"},{"floor":32,"key":"REST"},{"data":"Doubt","floor":40,"key":"PURGE"},{"data":"Strike_B","floor":46,"key":"PURGE"},{"data":"Decay","floor":49,"key":"PURGE"}],"path_taken":["M","?","$","?","M","R","?","M","T","R","?","$","E","$","R","BOSS","M","M","?","?","M","R","?","R","T","?","?","?","$","M","R","BOSS","M","$","?","$","M","R","M","M","T","M","?","R","?","M","R","BOSS"],"build_version":"2018-06-14v2","seed_source_timestamp":0,"purchased_purges":1,"victory":true,"master_deck":["Strike_B","Strike_B","Defend_B","Defend_B","Defend_B","Defend_B","Zap+1","Dualcast","Coolheaded","Sweeping Beam+1","Self Repair","Creative AI+1","Leap","Glacier","Machine Learning","Cold Snap+1","Redo+1","Gash+1","Consume+1","Glacier","Cold Snap","Multi-Cast"],"max_hp_per_floor":[75,75,75,75,75,75,75,75,75,75,75,75,75,75,75,75,75,75,75,75,75,75,75,75,75,75,75,75,75,75,75,75,75,75,75,75,75,75,75,75,75,75,75,75,75,75,75,75,75,75],"special_seed":0,"relics":["Fusion Hammer","Bloody Idol","Art of War","Emotion Chip","Cursed Key","Bottled Lightning","Orichalcum","Ancient Tea Set","Lizard Tail","Runic Capacitor","Peace Pipe","Boot","The Courier"],"card_choices":[{"not_picked":["Stack","Leap"],"picked":"Coolheaded","floor":1.0},{"not_picked":["Steam","Ball Lightning"],"picked":"Self Repair","floor":5.0},{"not_picked":["Storm","Go for the Eyes"],"picked":"Creative AI","floor":8.0},{"not_picked":["Ball Lightning","Barrage"],"picked":"Leap","floor":13.0},{"not_picked":["Reboot","Seek"],"picked":"Machine Learning","floor":16.0},{"not_picked":["Beam Cell","Turbo"],"picked":"Cold Snap+1","floor":18},{"not_picked":["Force Field","Cold Snap"],"picked":"Redo+1","floor":19},{"not_picked":["Rebound","Hologram"],"picked":"Gash+1","floor":22},{"not_picked":["Loop","Beam Cell"],"picked":"Consume+1","floor":24},{"not_picked":["Hologram+1","Aggregate+1","Static Discharge"],"picked":"SKIP","floor":28},{"not_picked":["White Noise+1","Rebound","Rip and Tear+1"],"picked":"SKIP","floor":31},{"not_picked":["Buffer","Electrodynamics"],"picked":"Multi-Cast","floor":33},{"not_picked":["Go for the Eyes+1","Rip and Tear","Undo+1"],"picked":"SKIP","floor":35},{"not_picked":["Sunder","Undo","All For One"],"picked":"SKIP","floor":39},{"not_picked":["Coolheaded","Compile Driver","Beam Cell"],"picked":"SKIP","floor":41},{"not_picked":["Coolheaded","Heatsinks","Redo"],"picked":"SKIP","floor":42},{"not_picked":["Stack+1","Go for the Eyes","Compile Driver+1"],"picked":"SKIP","floor":44},{"not_picked":["Stack+1","Biased Cognition","Leap+1"],"picked":"SKIP","floor":48}],"player_experience":592069,"potions_floor_usage":[31,31,33,39],"damage_taken":[{"damage":0.0,"enemies":"Small Slimes","floor":1.0,"turns":2.0},{"damage":7.0,"enemies":"Jaw Worm","floor":5.0,"turns":2.0},{"damage":6.0,"enemies":"2 Louse","floor":8.0,"turns":2.0},{"damage":43.0,"enemies":"Lagavulin","floor":13.0,"turns":6.0},{"damage":42.0,"enemies":"The Guardian","floor":16.0,"turns":15.0},{"damage":6,"enemies":"Spheric Guardian","floor":18,"turns":6},{"damage":0,"enemies":"Shell Parasite","floor":19,"turns":8},{"damage":18,"enemies":"3 Cultists","floor":22,"turns":5},{"damage":15,"enemies":"Snake Plant","floor":24,"turns":7},{"damage":12,"enemies":"Snecko","floor":28,"turns":10},{"damage":12,"enemies":"Chosen and Byrds","floor":31,"turns":11},{"damage":8,"enemies":"Automaton","floor":33,"turns":14},{"damage":4,"enemies":"3 Shapes","floor":35,"turns":9},{"damage":18,"floor":37,"turns":12},{"damage":27,"enemies":"3 Darklings","floor":39,"turns":8},{"damage":4,"enemies":"4 Shapes","floor":41,"turns":5},{"damage":0,"enemies":"Sphere and 2 Shapes","floor":42,"turns":9},{"damage":7,"enemies":"3 Darklings","floor":44,"turns":7},{"damage":4,"enemies":"Maw","floor":48,"turns":10},{"damage":8,"enemies":"Time Eater","floor":50,"turns":15}],"relics_obtained":[{"floor":9.0,"key":"Art of War"},{"floor":13.0,"key":"Emotion Chip"},{"floor":20,"key":"Bottled Lightning"},{"floor":26,"key":"Orichalcum"},{"floor":37,"key":"Peace Pipe"},{"floor":43,"key":"Boot"},{"floor":47,"key":"The Courier"}],"event_choices":[{"event_name":"The Cleric","player_choice":"Card Removal","floor":2.0,"damage_taken":0.0},{"event_name":"Shining Light","player_choice":"Entered Light","floor":4.0,"damage_taken":0.0},{"event_name":"Golden Idol","player_choice":"Take Damage","floor":7.0,"damage_taken":0.0},{"event_name":"Upgrade Shrine","player_choice":"Upgraded","floor":11.0,"damage_taken":0.0},{"event_name":"Forgotten Altar","player_choice":"Gave Idol","floor":21,"damage_taken":0},{"event_name":"Duplicator","player_choice":"One dupe","floor":27,"damage_taken":0},{"event_name":"Addict","player_choice":"Obtained Relic","floor":29,"damage_taken":0},{"event_name":"MindBloom","player_choice":"Fight","floor":37,"damage_taken":0},{"event_name":"Purifier","player_choice":"One Purge","floor":45,"damage_taken":0}],"boss_relics":[{"not_picked":["Pandora\u0027s Box","Calling Bell"],"picked":"Cursed Key"},{"not_picked":["Orrery","Astrolabe"],"picked":"Lizard Tail"}],"items_purged_floors":[30],"is_endless":false,"potions_floor_spawned":[8,13,18,19,22,37,44,48],"seed_played":"-1582417870366210295","ascension_level":4,"potions_obtained":[{"floor":8.0,"key":"Strength Potion"},{"floor":13.0,"key":"PowerPotion"},{"floor":18,"key":"PowerPotion"},{"floor":19,"key":"PowerPotion"},{"floor":22,"key":"Block Potion"},{"floor":37,"key":"EssenceOfSteel"},{"floor":44,"key":"Swift Potion"},{"floor":48,"key":"AttackPotion"}],"is_trial":false}