{"gold_per_floor":[144,189,234,234,111,201,201,246,246,336,336,381,426,164,164,464,464,509,554,554,554,554,644,644,115,115,115,169,214,304,349,349,649,649,694,739,263,308,308,398,179,224,249,339,384,109,154,199,199,199],"floor_reached":51,"playtime":2662,"items_purged":["Strike_G","Strike_G","Injury"],"score":1034,"play_id":"23ea2c67-34ff-4d73-b3a4-5683680a6e78","local_time":"20180812131532","daily_mods":["Specialized","Midas","Time Dilation"],"is_ascension_mode":false,"campfire_choices":[{"floor":7.0,"key":"REST"},{"floor":11.0,"key":"REST"},{"floor":15.0,"key":"REST"},{"floor":24.0,"key":"REST"},{"floor":32.0,"key":"REST"},{"floor":49,"key":"REST"}],"neow_cost":"","seed_source_timestamp":0,"circlet_count":0,"master_deck":["Defend_G+1","Defend_G+1","Defend_G+1","Defend_G+1","Defend_G+1","Survivor+1","Neutralize+1","Glass Knife+1","Glass Knife+1","Glass Knife+1","Glass Knife+1","Glass Knife+1","Backstab+1","Cloak And Dagger+1","Cloak And Dagger+1","Malaise+1","Crippling Poison+1","Blur+1","Dash+1","Noxious Fumes+1","A Thousand Cuts+1","Malaise+1","Die Die Die+1","Adrenaline+1","Well Laid Plans+1","PiercingWail+1","Footwork+1","Cloak And Dagger+1","Envenom+1","Cloak And Dagger+1","Footwork+1","Riddle With Holes+1","Footwork","Leg Sweep","Malaise","Cloak And Dagger+1","Finisher","Adrenaline","Dodge and Roll+1"],"special_seed":17755,"relics":["Ring of the Snake","Orichalcum","Anchor","The Specimen","Astrolabe","Pear","Dodecahedron","Art of War","Red Mask","Ancient Tea Set","Sozu","Whetstone","Bottled Flame","Mark of the Bloom","Lantern","Boot","Oddly Smooth Stone","Matryoshka","ClockworkSouvenir"],"potions_floor_usage":[50],"damage_taken":[{"damage":0.0,"enemies":"Small Slimes","floor":1.0,"turns":2.0},{"damage":0.0,"enemies":"Jaw Worm","floor":2.0,"turns":1.0},{"damage":0.0,"enemies":"Cultist","floor":3.0,"turns":1.0},{"damage":5.0,"enemies":"3 Sentries","floor":6.0,"turns":6.0},{"damage":0.0,"enemies":"Exordium Thugs","floor":8.0,"turns":2.0},{"damage":3.0,"enemies":"Gremlin Nob","floor":10.0,"turns":3.0},{"damage":0.0,"enemies":"Gremlin Gang","floor":12.0,"turns":4.0},{"damage":0.0,"enemies":"Large Slime","floor":13.0,"turns":1.0},{"damage":0.0,"enemies":"Slime Boss","floor":16.0,"turns":5.0},{"damage":0.0,"enemies":"Spheric Guardian","floor":18.0,"turns":3.0},{"damage":0.0,"enemies":"3 Byrds","floor":19.0,"turns":3.0},{"damage":6.0,"enemies":"Book of Stabbing","floor":23.0,"turns":5.0},{"damage":0.0,"floor":28.0,"turns":2.0},{"damage":0.0,"enemies":"Snake Plant","floor":29.0,"turns":3.0},{"damage":0.0,"enemies":"Slavers","floor":30.0,"turns":3.0},{"damage":0.0,"enemies":"Snecko","floor":31.0,"turns":4.0},{"damage":65.0,"enemies":"Champ","floor":33.0,"turns":24.0},{"damage":0.0,"enemies":"3 Darklings","floor":35.0,"turns":4.0},{"damage":0.0,"enemies":"Orb Walker","floor":36.0,"turns":3.0},{"damage":0.0,"enemies":"4 Shapes","floor":38.0,"turns":4.0},{"damage":0.0,"enemies":"Giant Head","floor":40.0,"turns":8.0},{"damage":0.0,"enemies":"3 Darklings","floor":42.0,"turns":3.0},{"damage":0.0,"enemies":"2 Orb Walkers","floor":44.0,"turns":3.0},{"damage":0.0,"enemies":"Flame Bruiser 2 Orb","floor":45.0,"turns":2.0},{"damage":0.0,"enemies":"Spire Growth","floor":47.0,"turns":1.0},{"damage":0,"enemies":"Transient","floor":48,"turns":5},{"damage":0,"enemies":"Donu and Deca","floor":50,"turns":6}],"seed_played":"6518817445672204880","potions_obtained":[{"floor":1.0,"key":"FearPotion"},{"floor":3.0,"key":"Energy Potion"},{"floor":8.0,"key":"PowerPotion"},{"floor":13.0,"key":"Block Potion"},{"floor":18.0,"key":"SkillPotion"},{"floor":22.0,"key":"EntropicBrew"},{"floor":33.0,"key":"Block Potion"}],"is_trial":false,"path_per_floor":["M","M","M","?","$","E","R","M","T","E","R","M","M","$","R","B",null,"M","M","?","?","?","E","R","$","T","?","?","M","E","M","R","B",null,"M","M","$","M","?","E","$","M","T","E","M","$","M","M","R","B"],"character_chosen":"THE_SILENT","items_purchased":["Cloak And Dagger","Dash","Noxious Fumes","AttackPotion","GhostInAJar","Dodecahedron","Footwork","Whetstone","Bottled Flame","Footwork","Footwork","Boot","ClockworkSouvenir","Finisher"],"campfire_rested":6,"item_purchase_floors":[5,14,14,14,25,25,25,37,37,37,41,41,46,46],"current_hp_per_floor":[70,70,70,70,70,65,70,70,70,67,70,70,70,70,70,70,70,70,70,70,70,70,74,80,80,80,80,80,80,80,80,80,15,80,80,80,80,80,80,80,80,80,80,80,80,80,80,80,80,80],"gold":199,"neow_bonus":"","is_prod":false,"is_daily":true,"chose_seed":false,"campfire_upgraded":0,"win_rate":0,"timestamp":1534072532,"path_taken":["M","M","M","?","?","E","R","?","T","E","R","M","M","$","R","BOSS","M","?","?","?","?","E","R","?","T","?","?","M","E","M","R","BOSS","M","M","?","M","?","E","$","M","T","E","M","$","M","M","R","BOSS"],"build_version":"2018-08-09","purchased_purges":3,"victory":true,"max_hp_per_floor":[70,70,70,70,70,70,70,70,70,70,70,70,70,70,70,70,70,70,70,70,70,70,80,80,80,80,80,80,80,80,80,80,80,80,80,80,80,80,80,80,80,80,80,80,80,80,80,80,80,80],"card_choices":[{"not_picked":["Poisoned Stab","Dagger Spray","Outmaneuver"],"picked":"SKIP","floor":1.0},{"not_picked":["Blade Dance","Dagger Spray"],"picked":"Backstab","floor":2.0},{"not_picked":["Blade Dance","Catalyst"],"picked":"Cloak And Dagger","floor":3.0},{"not_picked":["Outmaneuver","Heel Hook","Eviscerate"],"picked":"SKIP","floor":6.0},{"not_picked":["Cloak And Dagger","Bane"],"picked":"Malaise","floor":8.0},{"not_picked":["Accuracy","Expertise","Eviscerate"],"picked":"SKIP","floor":10.0},{"not_picked":["Flying Knee","Blade Dance"],"picked":"Crippling Poison","floor":12.0},{"not_picked":["Dodge and Roll","Prepared"],"picked":"Blur","floor":13.0},{"not_picked":["Unload","Burst"],"picked":"A Thousand Cuts","floor":16.0},{"not_picked":["Slice","Prepared","Masterful Stab"],"picked":"SKIP","floor":18.0},{"not_picked":["Outmaneuver","Deflect"],"picked":"Well Laid Plans+1","floor":19.0},{"not_picked":["Well Laid Plans","Noxious Fumes+1"],"picked":"PiercingWail+1","floor":23.0},{"not_picked":["Tools of the Trade","Tactician","Caltrops"],"picked":"SKIP","floor":29.0},{"not_picked":["Sucker Punch","Dagger Spray"],"picked":"Cloak And Dagger","floor":30.0},{"not_picked":["Choke+1","Crippling Poison","Deadly Poison"],"picked":"SKIP","floor":31.0},{"not_picked":["A Thousand Cuts","Venomology"],"picked":"Envenom","floor":33.0},{"not_picked":["Outmaneuver+1","Slice","Concentrate+1"],"picked":"SKIP","floor":35.0},{"not_picked":["Poisoned Stab","Dagger Throw"],"picked":"Cloak And Dagger","floor":36.0},{"not_picked":["Deadly Poison","Sucker Punch","Acrobatics"],"picked":"SKIP","floor":38.0},{"not_picked":["Distraction","Sucker Punch"],"picked":"Riddle With Holes+1","floor":40.0},{"not_picked":["Setup+1","Dagger Spray+1"],"picked":"Leg Sweep","floor":42.0},{"not_picked":["PiercingWail","Underhanded Strike+1"],"picked":"Malaise","floor":44.0},{"not_picked":["PiercingWail+1","Sucker Punch"],"picked":"Cloak And Dagger+1","floor":45.0},{"not_picked":["Dagger Throw","Prepared"],"picked":"Adrenaline","floor":47.0},{"not_picked":["Slice","Underhanded Strike"],"picked":"Dodge and Roll+1","floor":48}],"player_experience":1315507,"relics_obtained":[{"floor":6.0,"key":"Orichalcum"},{"floor":9.0,"key":"Anchor"},{"floor":10.0,"key":"The Specimen"},{"floor":23.0,"key":"Pear"},{"floor":26.0,"key":"Art of War"},{"floor":28.0,"key":"Red Mask"},{"floor":30.0,"key":"Ancient Tea Set"},{"floor":40.0,"key":"Lantern"},{"floor":43.0,"key":"Oddly Smooth Stone"},{"floor":44.0,"key":"Matryoshka"}],"event_choices":[{"event_name":"Liars Game","player_choice":"disagreed","floor":4.0,"damage_taken":0.0},{"event_name":"Vampires","player_choice":"Ignored","floor":20.0,"damage_taken":0.0},{"event_name":"Accursed Blacksmith","player_choice":"Forge","floor":21.0,"damage_taken":0.0},{"event_name":"The Lab","player_choice":"Got Potions","floor":22.0,"damage_taken":0.0},{"event_name":"The Woman in Blue","player_choice":"Bought 0 Potions","floor":27.0,"damage_taken":0.0},{"event_name":"Masked Bandits","player_choice":"Fought Bandits","floor":28.0,"damage_taken":0.0},{"event_name":"MindBloom","player_choice":"Upgrade","floor":39.0,"damage_taken":0.0}],"is_beta":false,"boss_relics":[{"not_picked":["Pandora\u0027s Box","Eternal Feather"],"picked":"Astrolabe"},{"not_picked":["White Beast Statue","Velvet Choker"],"picked":"Sozu"}],"items_purged_floors":[5,14,25],"is_endless":false,"potions_floor_spawned":[1,3,8,13,18,28,29,30,33,40,42,47,48],"ascension_level":0}