{"path_per_floor":["M","?","M","M","?","R","M","?","T","M","M","$","M","?","R","B",null,"M","M","?","?","?","R","?","R","T","R","$","M","E","M","R"],"character_chosen":"THE_SILENT","items_purchased":["Snake Skull","Poisoned Stab","Footwork","Noxious Fumes"],"gold_per_floor":[114,189,205,221,296,296,306,406,406,422,440,128,139,104,104,200,200,213,224,224,224,224,224,149,149,176,176,35,49,74,93,93,93],"floor_reached":33,"campfire_rested":2,"playtime":1582,"item_purchase_floors":[12,12,12,28],"current_hp_per_floor":[69,58,58,58,58,58,54,54,54,50,43,43,39,56,70,66,70,61,49,49,49,49,57,57,65,65,70,70,66,32,26,57,0],"items_purged":["Injury","Pain"],"gold":93,"score":308,"play_id":"bf4af3bc-a121-4861-9d60-fd6bb4e7d927","local_time":"20180622082005","is_prod":false,"is_daily":false,"chose_seed":false,"is_ascension_mode":true,"campfire_upgraded":4,"win_rate":0,"timestamp":1529670005,"campfire_choices":[{"data":"Crippling Poison","floor":6,"key":"SMITH"},{"floor":15,"key":"REST"},{"data":"Adrenaline","floor":23,"key":"SMITH"},{"data":"Poisoned Stab","floor":25,"key":"SMITH"},{"data":"Dash","floor":27,"key":"SMITH"},{"floor":32,"key":"REST"}],"path_taken":["M","?","?","M","?","R","M","?","T","M","?","$","M","?","R","BOSS","M","M","?","?","?","R","?","R","T","R","$","?","E","M","R","BOSS"],"build_version":"2018-06-21","seed_source_timestamp":707704987594719,"purchased_purges":2,"circlet_count":0,"victory":false,"master_deck":["Defend_G+1","Defend_G+1","Defend_G+1","Defend_G+1","Defend_G+1","Strike_G+1","Strike_G+1","Strike_G+1","Strike_G+1","Survivor","Neutralize","Dagger Throw","Crippling Poison+1","Dash+1","Terror","PiercingWail","Backflip","Poisoned Stab+1","Footwork","Noxious Fumes+1","Adrenaline+1","Terror+1","Prepared+1","Noxious Fumes","Bouncing Flask"],"max_hp_per_floor":[70,70,70,70,70,70,70,70,70,70,70,70,70,70,70,70,70,70,70,70,70,70,70,70,70,70,70,70,70,70,70,70,70],"relics":["Cursed Key","Shuriken","Snake Skull","Eternal Feather","Blood Vial","The Courier"],"card_choices":[{"not_picked":["Flying Knee","Deflect"],"picked":"Dagger Throw","floor":1},{"not_picked":["Endless Agony","Slice"],"picked":"Crippling Poison","floor":3},{"not_picked":["Skewer","Infinite Blades"],"picked":"Dash","floor":4},{"not_picked":["Masterful Stab","Flechettes"],"picked":"Terror","floor":7},{"not_picked":["Prepared","Expertise"],"picked":"PiercingWail","floor":10},{"not_picked":["Deflect","PiercingWail"],"picked":"Backflip","floor":11},{"not_picked":["Skewer","Dagger Spray"],"picked":"Noxious Fumes","floor":13},{"not_picked":["A Thousand Cuts","Die Die Die"],"picked":"Adrenaline","floor":16},{"not_picked":["Deflect","Dagger Throw"],"picked":"Terror+1","floor":18},{"not_picked":["Deflect+1","Dagger Spray+1"],"picked":"Prepared+1","floor":19},{"not_picked":["Backflip","Cloak And Dagger"],"picked":"Bouncing Flask","floor":29},{"not_picked":["Concentrate+1","Terror","Prepared+1"],"picked":"SKIP","floor":30},{"not_picked":["Outmaneuver","Masterful Stab+1","Acrobatics"],"picked":"SKIP","floor":31}],"player_experience":696131,"potions_floor_usage":[16,16,30,30,31],"damage_taken":[{"damage":1,"enemies":"Small Slimes","floor":1,"turns":4},{"damage":0,"enemies":"2 Louse","floor":3,"turns":3},{"damage":0,"enemies":"Jaw Worm","floor":4,"turns":4},{"damage":4,"enemies":"Lots of Slimes","floor":7,"turns":5},{"damage":4,"enemies":"Blue Slaver","floor":10,"turns":3},{"damage":7,"enemies":"3 Louse","floor":11,"turns":3},{"damage":4,"enemies":"Red Slaver","floor":13,"turns":3},{"damage":4,"enemies":"Hexaghost","floor":16,"turns":8},{"damage":9,"enemies":"Shell Parasite","floor":18,"turns":5},{"damage":12,"enemies":"Spheric Guardian","floor":19,"turns":5},{"damage":4,"enemies":"3 Cultists","floor":29,"turns":5},{"damage":36,"enemies":"Slavers","floor":30,"turns":5},{"damage":8,"enemies":"Chosen and Byrds","floor":31,"turns":5},{"damage":67,"enemies":"Champ","floor":33,"turns":8}],"relics_obtained":[{"floor":9,"key":"Shuriken"},{"floor":26,"key":"Blood Vial"},{"floor":30,"key":"The Courier"}],"event_choices":[{"event_name":"World of Goop","player_choice":"Gather Gold","floor":2,"damage_taken":0},{"event_name":"Golden Wing","player_choice":"Gained Gold","floor":5,"damage_taken":0},{"event_name":"Golden Shrine","player_choice":"Pray","floor":8,"damage_taken":0},{"event_name":"The Cleric","player_choice":"Healed","floor":14,"damage_taken":0},{"event_name":"Upgrade Shrine","player_choice":"Upgraded","floor":20,"damage_taken":0},{"event_name":"Back to Basics","player_choice":"Simplicity","floor":21,"damage_taken":0},{"event_name":"Accursed Blacksmith","player_choice":"Ignore","floor":22,"damage_taken":0},{"event_name":"Beggar","player_choice":"Gave Gold","floor":24,"damage_taken":0}],"boss_relics":[{"not_picked":["Runic Pyramid","Astrolabe"],"picked":"Eternal Feather"}],"items_purged_floors":[12,28],"is_endless":false,"potions_floor_spawned":[7,11,13,16,18],"seed_played":"2489112025454768292","killed_by":"Champ","ascension_level":4,"potions_obtained":[{"floor":7,"key":"SkillPotion"},{"floor":11,"key":"Swift Potion"},{"floor":13,"key":"Fire Potion"},{"floor":16,"key":"Ancient Potion"},{"floor":18,"key":"SteroidPotion"}],"is_trial":false}