{"gold_per_floor":[110,127,127,139,139,173,173,42,42,76,76,23,98,115,115,188,188,208,258,109,109,126,126,156,156,156,182,92,92,92,104,104,104],"floor_reached":33,"playtime":1116,"items_purged":["Strike_G"],"score":603,"play_id":"ba5b179b-fc5c-454e-965a-2c4e36eee8bc","local_time":"20190117185316","is_ascension_mode":true,"campfire_choices":[{"data":"Neutralize","floor":7,"key":"SMITH"},{"data":"Noxious Fumes","floor":11,"key":"SMITH"},{"data":"Cloak And Dagger","floor":15,"key":"SMITH"},{"floor":23,"key":"REST"},{"data":"Envenom","floor":25,"key":"SMITH"},{"floor":32,"key":"REST"}],"neow_cost":"NONE","seed_source_timestamp":102281193730370,"circlet_count":0,"master_deck":["AscendersBane","Defend_G","Defend_G","Defend_G","Defend_G","Defend_G","Survivor","Neutralize+1","All Out Attack","Sucker Punch","Cloak And Dagger+1","Noxious Fumes+1","Dash","PiercingWail","Flechettes+1","Envenom+1","Skewer+1","Backstab+1","Infinite Blades+1","Backflip","Footwork","Bite+1","Bite+1","Bite+1","Bite+1","Bite+1","Well Laid Plans"],"relics":["Ring of the Snake","Vajra","Letter Opener","Darkstone Periapt","Torii","Molten Egg 2","Sozu","Ancient Tea Set","Oddly Smooth Stone","MutagenicStrength"],"potions_floor_usage":[6,24],"damage_taken":[{"damage":0,"enemies":"2 Louse","floor":1,"turns":4},{"damage":7,"enemies":"Jaw Worm","floor":2,"turns":5},{"damage":0,"enemies":"Small Slimes","floor":4,"turns":4},{"damage":14,"enemies":"3 Sentries","floor":6,"turns":7},{"damage":13,"enemies":"Lagavulin","floor":10,"turns":7},{"damage":0,"enemies":"Looter","floor":14,"turns":3},{"damage":2,"enemies":"Hexaghost","floor":16,"turns":11},{"damage":2,"enemies":"Chosen","floor":18,"turns":4},{"damage":6,"enemies":"Spheric Guardian","floor":22,"turns":3},{"damage":17,"enemies":"Book of Stabbing","floor":24,"turns":5},{"damage":27,"enemies":"Gremlin Leader","floor":27,"turns":8},{"damage":0,"enemies":"Snake Plant","floor":31,"turns":2},{"damage":71,"enemies":"Champ","floor":33,"turns":11}],"seed_played":"-839209187094398694","potions_obtained":[{"floor":1,"key":"Regen Potion"},{"floor":10,"key":"Ancient Potion"}],"is_trial":false,"path_per_floor":["M","M","?","M","?","E","R","$","T","E","R","$","?","M","R","B",null,"M","?","$","?","M","R","E","R","T","E","$","?","?","M","R","B"],"character_chosen":"THE_SILENT","items_purchased":["Noxious Fumes","Dash","PowerPotion","Skewer+1","Footwork"],"campfire_rested":2,"item_purchase_floors":[8,8,12,20,28],"current_hp_per_floor":[59,52,41,41,46,47,47,47,47,34,34,34,23,23,23,21,59,57,57,57,37,31,53,36,36,36,9,9,9,9,12,27,0],"gold":104,"neow_bonus":"RANDOM_COMMON_RELIC","is_prod":false,"is_daily":false,"chose_seed":false,"campfire_upgraded":4,"win_rate":0,"timestamp":1547747596,"path_taken":["M","M","?","M","?","E","R","$","T","E","R","?","?","M","R","BOSS","M","?","$","?","M","R","E","R","T","E","$","?","?","?","R","BOSS"],"build_version":"2019-01-10","purchased_purges":1,"victory":false,"max_hp_per_floor":[66,66,66,66,71,71,71,71,71,71,71,71,71,71,71,71,71,71,71,71,76,76,76,76,76,76,76,76,53,53,53,53,53],"card_choices":[{"not_picked":["Blur","Sucker Punch"],"picked":"All Out Attack","floor":1},{"not_picked":["Backflip","Acrobatics","Underhanded Strike"],"picked":"SKIP","floor":2},{"not_picked":["Eviscerate","Reflex"],"picked":"Sucker Punch","floor":4},{"not_picked":["Night Terror","All Out Attack"],"picked":"Cloak And Dagger","floor":6},{"not_picked":["Dagger Throw","Sucker Punch"],"picked":"PiercingWail","floor":10},{"not_picked":["Expertise","Finisher+1"],"picked":"Flechettes+1","floor":14},{"not_picked":["Tools of the Trade","Grand Finale+1"],"picked":"Envenom","floor":16},{"not_picked":["Deflect","Quick Slash+1","Slice+1"],"picked":"SKIP","floor":18},{"not_picked":["Bane+1","Dagger Spray+1"],"picked":"Backstab+1","floor":22},{"not_picked":["Blur","Poisoned Stab+1"],"picked":"Infinite Blades+1","floor":24},{"not_picked":["Tools of the Trade","Reflex"],"picked":"Backflip","floor":27},{"not_picked":["Slice+1","Reflex"],"picked":"Well Laid Plans","floor":31}],"player_experience":1906580,"relics_obtained":[{"floor":6,"key":"Darkstone Periapt"},{"floor":9,"key":"Torii"},{"floor":10,"key":"Molten Egg 2"},{"floor":26,"key":"Ancient Tea Set"},{"floor":27,"key":"Oddly Smooth Stone"}],"event_choices":[{"damage_healed":0,"gold_gain":0,"player_choice":"Success","damage_taken":11,"relics_obtained":["Letter Opener"],"max_hp_gain":0,"max_hp_loss":0,"event_name":"Scrap Ooze","floor":3,"gold_loss":0},{"damage_healed":0,"gold_gain":0,"player_choice":"Donut","damage_taken":0,"max_hp_gain":5,"max_hp_loss":0,"event_name":"Big Fish","floor":5,"gold_loss":0},{"damage_healed":0,"gold_gain":75,"player_choice":"Gather Gold","damage_taken":11,"max_hp_gain":0,"max_hp_loss":0,"event_name":"World of Goop","floor":13,"gold_loss":0},{"damage_healed":0,"gold_gain":50,"player_choice":"Stole From Cult","damage_taken":0,"max_hp_gain":0,"max_hp_loss":0,"event_name":"Nest","floor":19,"gold_loss":0},{"damage_healed":0,"gold_gain":0,"player_choice":"Shed Blood","damage_taken":25,"max_hp_gain":5,"max_hp_loss":0,"event_name":"Forgotten Altar","floor":21,"gold_loss":0},{"damage_healed":0,"gold_gain":0,"player_choice":"Became a vampire","damage_taken":0,"max_hp_gain":0,"max_hp_loss":23,"event_name":"Vampires","floor":29,"gold_loss":0,"cards_obtained":["Bite","Bite","Bite","Bite","Bite"]},{"damage_healed":0,"gold_gain":0,"player_choice":"Inject Mutagens","damage_taken":0,"relics_obtained":["MutagenicStrength"],"max_hp_gain":0,"max_hp_loss":0,"event_name":"Drug Dealer","floor":30,"gold_loss":0}],"is_beta":false,"boss_relics":[{"not_picked":["Coffee Dripper","Philosopher\u0027s Stone"],"picked":"Sozu"}],"items_purged_floors":[20],"is_endless":false,"potions_floor_spawned":[1,10,27,31],"killed_by":"Champ","ascension_level":20}