{"gold_per_floor":[116,116,132,132,162,191,211,211,257,282,301,318,318,318,318,395,395,409,421,18,18,18,18,47,58,109,109,109,135,234,234],"floor_reached":31,"playtime":1216,"items_purged":["Strike_R"],"score":464,"play_id":"d75c63b4-bdc1-45cc-b73b-1d88a2100892","local_time":"20190114223808","is_ascension_mode":true,"campfire_choices":[{"floor":8,"key":"REST"},{"floor":13,"key":"REST"},{"data":"Sword Boomerang","floor":15,"key":"SMITH"},{"floor":23,"key":"REST"},{"floor":27,"key":"REST"}],"neow_cost":"NONE","seed_source_timestamp":500277706695206,"circlet_count":0,"master_deck":["AscendersBane","Strike_R","Strike_R","Strike_R","Strike_R","Defend_R","Defend_R","Defend_R","Defend_R","Bash+1","Rage","Sword Boomerang+1","Cleave","Clash","Ghostly Armor","Immolate","Reaper","Sword Boomerang","Twin Strike","Uppercut","Inflame","Pummel","Immolate+1"],"relics":["Burning Blood","Juzu Bracelet","Tiny Chest","Gambling Chip","Pen Nib","Mummified Hand","Runic Cube","Self Forming Clay","MutagenicStrength","Incense Burner","Paper Frog","Molten Egg 2"],"potions_floor_usage":[6,6,19,19,24],"damage_taken":[{"damage":18,"enemies":"Jaw Worm","floor":1,"turns":4},{"damage":0,"enemies":"2 Louse","floor":3,"turns":4},{"damage":40,"enemies":"Lagavulin","floor":6,"turns":10},{"damage":0,"enemies":"Small Slimes","floor":7,"turns":4},{"damage":24,"enemies":"Gremlin Nob","floor":10,"turns":4},{"damage":0,"enemies":"Exordium Thugs","floor":11,"turns":3},{"damage":7,"enemies":"Blue Slaver","floor":12,"turns":2},{"damage":47,"enemies":"Slime Boss","floor":16,"turns":12},{"damage":32,"enemies":"2 Thieves","floor":18,"turns":4},{"damage":28,"enemies":"Shell Parasite","floor":19,"turns":5},{"damage":36,"enemies":"Slavers","floor":24,"turns":5},{"damage":29,"enemies":"Snake Plant","floor":25,"turns":4},{"damage":51,"enemies":"Gremlin Leader","floor":29,"turns":6},{"damage":27,"enemies":"Colosseum Slavers","floor":31,"turns":1}],"seed_played":"-4594195067944766532","potions_obtained":[{"floor":1,"key":"SkillPotion"},{"floor":3,"key":"Energy Potion"},{"floor":18,"key":"EntropicBrew"},{"floor":24,"key":"Energy Potion"},{"floor":29,"key":"SpeedPotion"}],"is_trial":false,"path_per_floor":["M","?","M","?","?","E","M","R","T","E","M","M","R","?","R","B",null,"M","M","$","?","T","R","E","M","T","R","?","E","?","?"],"character_chosen":"IRONCLAD","items_purchased":["Self Forming Clay","Uppercut"],"campfire_rested":4,"item_purchase_floors":[20,20],"current_hp_per_floor":[60,60,66,71,64,30,36,61,61,43,49,48,73,73,73,32,72,46,24,24,24,24,49,40,21,21,46,46,9,9,0],"gold":234,"neow_bonus":"RANDOM_COMMON_RELIC","is_prod":false,"is_daily":false,"chose_seed":false,"campfire_upgraded":1,"win_rate":0,"timestamp":1547523488,"path_taken":["M","?","M","?","?","E","M","R","T","E","M","M","R","?","R","BOSS","M","M","$","?","?","R","E","M","T","R","?","E","?","?"],"build_version":"2019-01-10","purchased_purges":1,"victory":false,"max_hp_per_floor":[80,80,80,85,85,85,85,85,85,85,85,85,85,85,85,85,85,85,85,85,85,85,85,85,85,85,85,85,85,85,85],"card_choices":[{"not_picked":["Iron Wave","Warcry"],"picked":"Rage","floor":1},{"not_picked":["Armaments","Body Slam"],"picked":"Sword Boomerang","floor":3},{"not_picked":["Clothesline","True Grit"],"picked":"Cleave","floor":6},{"not_picked":["Dark Embrace","Wild Strike"],"picked":"Clash","floor":7},{"not_picked":["Hemokinesis","Twin Strike"],"picked":"Ghostly Armor","floor":10},{"not_picked":["Body Slam","Bloodletting","Heavy Blade"],"picked":"SKIP","floor":11},{"not_picked":["Perfected Strike","Heavy Blade"],"picked":"Immolate","floor":12},{"not_picked":["Immolate","Exhume"],"picked":"Reaper","floor":16},{"not_picked":["Reckless Charge","Seeing Red"],"picked":"Sword Boomerang","floor":18},{"not_picked":["Body Slam","Armaments"],"picked":"Twin Strike","floor":19},{"not_picked":["Feel No Pain","Infernal Blade"],"picked":"Inflame","floor":24},{"not_picked":["Sever Soul","Warcry+1"],"picked":"Pummel","floor":25},{"not_picked":["Wild Strike","Pommel Strike"],"picked":"Immolate","floor":29}],"player_experience":2126249,"relics_obtained":[{"floor":6,"key":"Gambling Chip"},{"floor":9,"key":"Pen Nib"},{"floor":10,"key":"Mummified Hand"},{"floor":22,"key":"Incense Burner"},{"floor":24,"key":"Paper Frog"},{"floor":29,"key":"Molten Egg 2"}],"event_choices":[{"damage_healed":0,"gold_gain":0,"player_choice":"Grow","damage_taken":0,"max_hp_gain":0,"max_hp_loss":0,"event_name":"Living Wall","floor":2,"gold_loss":0,"cards_upgraded":["Bash"]},{"damage_healed":0,"gold_gain":0,"player_choice":"Donut","damage_taken":0,"max_hp_gain":5,"max_hp_loss":0,"event_name":"Big Fish","floor":4,"gold_loss":0},{"damage_healed":0,"gold_gain":0,"player_choice":"Success","damage_taken":7,"relics_obtained":["Tiny Chest"],"max_hp_gain":0,"max_hp_loss":0,"event_name":"Scrap Ooze","floor":5,"gold_loss":0},{"damage_healed":0,"gold_gain":0,"player_choice":"Ignored","damage_taken":0,"max_hp_gain":0,"max_hp_loss":0,"event_name":"WeMeetAgain","floor":14,"gold_loss":0},{"damage_healed":0,"gold_gain":0,"player_choice":"Inject Mutagens","damage_taken":0,"relics_obtained":["MutagenicStrength"],"max_hp_gain":0,"max_hp_loss":0,"event_name":"Drug Dealer","floor":21,"gold_loss":0},{"damage_healed":0,"gold_gain":0,"player_choice":"Ignored","damage_taken":0,"max_hp_gain":0,"max_hp_loss":0,"event_name":"Cursed Tome","floor":28,"gold_loss":0},{"damage_healed":0,"gold_gain":99,"player_choice":"Stole From Cult","damage_taken":0,"max_hp_gain":0,"max_hp_loss":0,"event_name":"Nest","floor":30,"gold_loss":0},{"damage_healed":0,"gold_gain":0,"player_choice":"Fight","damage_taken":0,"max_hp_gain":0,"max_hp_loss":0,"event_name":"Colosseum","floor":31,"gold_loss":0}],"is_beta":false,"boss_relics":[{"not_picked":["Busted Crown","Pandora\u0027s Box"],"picked":"Runic Cube"}],"items_purged_floors":[20],"is_endless":false,"potions_floor_spawned":[1,3,18,24,29],"killed_by":"Colosseum Slavers","ascension_level":13}