{"gold_per_floor":[115,174,174,185,185,210,226,226,271,298,314,6,6,26,26,100,100,117,135,147,147,158,158,17,17,17,17,36,49,49,60,60,60],"floor_reached":33,"playtime":1547,"items_purged":[],"score":540,"play_id":"6548e441-0098-4b18-9d5d-ebca14b89252","local_time":"20190121105929","is_ascension_mode":true,"campfire_choices":[{"data":"Streamline","floor":8.0,"key":"SMITH"},{"floor":13.0,"key":"REST"},{"data":"Echo Form","floor":15.0,"key":"SMITH"},{"floor":23.0,"key":"REST"},{"floor":25.0,"key":"REST"},{"floor":30.0,"key":"REST"},{"floor":32,"key":"REST"}],"neow_cost":"NONE","seed_source_timestamp":94776528064658,"circlet_count":0,"master_deck":["AscendersBane","Strike_B","Strike_B","Strike_B","Strike_B","Defend_B","Defend_B+1","Defend_B","Defend_B+1","Zap+1","Dualcast","Melter","Gash","Streamline+1","Ball Lightning","Loop","Conserve Battery","Hologram","Echo Form+1","Creative AI","Heatsinks","Glacier","Heatsinks","Stack","Heatsinks","Leap","Gash","Force Field","Coolheaded"],"special_seed":0,"relics":["Cracked Core","NeowsBlessing","Orichalcum","War Paint","Art of War","Meat on the Bone","Kunai","Philosopher\u0027s Stone","Bottled Tornado"],"potions_floor_usage":[31],"damage_taken":[{"damage":0.0,"enemies":"Small Slimes","floor":1.0,"turns":1.0},{"damage":0.0,"enemies":"Cultist","floor":4.0,"turns":1.0},{"damage":0.0,"enemies":"Gremlin Nob","floor":6.0,"turns":1.0},{"damage":4.0,"enemies":"Jaw Worm","floor":7.0,"turns":3.0},{"damage":3.0,"enemies":"3 Sentries","floor":10.0,"turns":6.0},{"damage":8.0,"enemies":"Lots of Slimes","floor":11.0,"turns":3.0},{"damage":7.0,"enemies":"Gremlin Gang","floor":14.0,"turns":4.0},{"damage":32.0,"enemies":"Slime Boss","floor":16.0,"turns":7.0},{"damage":30.0,"enemies":"Shell Parasite","floor":18.0,"turns":6.0},{"damage":41.0,"enemies":"3 Byrds","floor":19.0,"turns":5.0},{"damage":11.0,"enemies":"Snecko","floor":20.0,"turns":8.0},{"damage":7.0,"enemies":"Sentry and Sphere","floor":22.0,"turns":4.0},{"damage":33.0,"enemies":"Shelled Parasite and Fungi","floor":28.0,"turns":7.0},{"damage":39.0,"enemies":"Cultist and Chosen","floor":29.0,"turns":8.0},{"damage":25,"enemies":"Chosen and Byrds","floor":31,"turns":5},{"damage":47,"enemies":"Automaton","floor":33,"turns":6}],"seed_played":"3756704252329680281","potions_obtained":[{"floor":1.0,"key":"PowerPotion"},{"floor":7.0,"key":"AttackPotion"},{"floor":18.0,"key":"Poison Potion"},{"floor":29.0,"key":"Ancient Potion"},{"floor":31,"key":"Fire Potion"}],"is_trial":false,"path_per_floor":["M","?","?","M","?","E","M","R","T","E","M","$","R","M","R","B",null,"M","M","M","?","M","R","$","R","T","?","M","M","R","M","R","B"],"character_chosen":"DEFECT","items_purchased":["Kunai","Hologram","Heatsinks","Leap"],"campfire_rested":5,"item_purchase_floors":[12,12,24,24],"current_hp_per_floor":[64,64,64,64,64,64,60,60,60,57,49,49,70,63,63,43,64,46,17,18,18,23,44,44,65,65,65,44,17,38,25,46,0],"gold":60,"neow_bonus":"THREE_ENEMY_KILL","is_prod":false,"is_daily":false,"chose_seed":false,"campfire_upgraded":2,"win_rate":0,"timestamp":1548086369,"path_taken":["M","?","?","?","?","E","M","R","T","E","?","$","R","M","R","BOSS","M","?","?","?","M","R","$","R","T","?","M","?","R","M","R","BOSS"],"build_version":"2019-01-17v2","purchased_purges":0,"victory":false,"max_hp_per_floor":[71,71,71,71,71,71,71,71,71,71,71,71,71,71,71,71,71,71,71,71,71,71,71,71,71,71,71,71,71,71,71,71,71],"card_choices":[{"not_picked":["Compile Driver","Barrage"],"picked":"Melter","floor":1.0},{"not_picked":["Go for the Eyes","Doom and Gloom"],"picked":"Gash","floor":4.0},{"not_picked":["Sunder","Steam"],"picked":"Streamline","floor":6.0},{"not_picked":["Sweeping Beam","Rebound"],"picked":"Ball Lightning","floor":7.0},{"not_picked":["Stack","Reprogram"],"picked":"Loop","floor":10.0},{"not_picked":["Go for the Eyes","Redo"],"picked":"Conserve Battery","floor":11.0},{"not_picked":["Skim","Stack"],"picked":"Echo Form","floor":14.0},{"not_picked":["Buffer","Hyperbeam"],"picked":"Creative AI","floor":16.0},{"not_picked":["Go for the Eyes","Streamline"],"picked":"Heatsinks","floor":18.0},{"not_picked":["Blizzard","Stack"],"picked":"Glacier","floor":19.0},{"not_picked":["Cold Snap","Streamline"],"picked":"Heatsinks","floor":20.0},{"not_picked":["Hello World","Rebound"],"picked":"Stack","floor":22.0},{"not_picked":["Reinforced Body","Cold Snap"],"picked":"Gash","floor":28.0},{"not_picked":["Loop+1","Tempest"],"picked":"Force Field","floor":29.0},{"not_picked":["Streamline","Barrage"],"picked":"Coolheaded","floor":31}],"player_experience":2180215,"relics_obtained":[{"floor":5.0,"key":"Orichalcum"},{"floor":6.0,"key":"War Paint"},{"floor":9.0,"key":"Art of War"},{"floor":10.0,"key":"Meat on the Bone"},{"floor":26.0,"key":"Bottled Tornado"}],"event_choices":[{"damage_healed":0.0,"max_hp_gain":0.0,"max_hp_loss":0.0,"gold_gain":59.0,"event_name":"Golden Wing","player_choice":"Gained Gold","floor":2.0,"gold_loss":0.0,"damage_taken":0.0},{"damage_healed":0.0,"max_hp_gain":0.0,"max_hp_loss":0.0,"gold_gain":0.0,"event_name":"Upgrade Shrine","player_choice":"Upgraded","floor":3.0,"gold_loss":0.0,"damage_taken":0.0,"cards_upgraded":["Zap"]},{"damage_healed":0.0,"max_hp_gain":0.0,"max_hp_loss":0.0,"gold_gain":0.0,"event_name":"Wheel of Change","player_choice":"Relic","floor":5.0,"gold_loss":0.0,"damage_taken":0.0},{"damage_healed":0.0,"max_hp_gain":0.0,"max_hp_loss":0.0,"gold_gain":0.0,"event_name":"Cursed Tome","player_choice":"Ignored","floor":21.0,"gold_loss":0.0,"damage_taken":0.0},{"damage_healed":0.0,"max_hp_gain":0.0,"max_hp_loss":0.0,"gold_gain":0.0,"event_name":"Beggar","player_choice":"Ignored","floor":27.0,"gold_loss":0.0,"damage_taken":0.0}],"is_beta":false,"boss_relics":[{"not_picked":["Fusion Hammer","Runic Dome"],"picked":"Philosopher\u0027s Stone"}],"items_purged_floors":[],"is_endless":false,"potions_floor_spawned":[1,7,11,18,29,31],"killed_by":"Automaton","ascension_level":18}