{"gold_per_floor":[116,116,41,59,79,79,110,125,205,219,234,234,251,262,262,367,367,385,385,385,0,18,18,48,62,62,32,48,74,15,27,27,128,128,146,71,71,87,99,99,126,126,205,217,39,67,83,101,101,101,101,101,19,46,46],"floor_reached":55,"playtime":3546,"items_purged":["Defend_B","Strike_B"],"score":863,"play_id":"6047dfd3-eaeb-4c0a-834c-dd0b7369c9e8","local_time":"20190211010541","is_ascension_mode":true,"campfire_choices":[{"data":"Genetic Algorithm","floor":6,"key":"SMITH"},{"data":"Zap","floor":15,"key":"SMITH"},{"data":"Recycle","floor":23,"key":"SMITH"},{"data":"Reprogram","floor":32,"key":"SMITH"},{"data":"Machine Learning","floor":40,"key":"SMITH"},{"floor":49,"key":"RECALL"},{"data":"Seek","floor":52,"key":"SMITH"}],"neow_cost":"NONE","seed_source_timestamp":37377588207641,"circlet_count":0,"master_deck":["Strike_B","Defend_B","Defend_B","Defend_B","Zap+1","Dualcast","Genetic Algorithm+1","Ball Lightning","Seek+1","Recycle+1","Hello World","Cold Snap","Blizzard+1","FTL","Go for the Eyes+1","Conserve Battery","Machine Learning+1","Reprogram+1","Defragment","Gash+1","All For One","Go for the Eyes","Loop","Forethought","Panache","Deep Breath","Beam Cell+1","Loop+1","Double Energy+1","Metamorphosis","Creative AI+1","Steam+1","Turbo","Finesse","Scrape+1"],"relics":["Cracked Core","Ancient Tea Set","Unceasing Top","Mummified Hand","Nuclear Battery","Nilry\u0027s Codex","Medical Kit","Bronze Scales","MawBank","Runic Pyramid","Bottled Tornado","Frozen Egg 2","Oddly Smooth Stone","Cables"],"potions_floor_usage":[13,13,25,27,33,41,50,50],"damage_taken":[{"damage":1,"enemies":"Jaw Worm","floor":1,"turns":3},{"damage":2,"enemies":"2 Louse","floor":4,"turns":3},{"damage":0,"enemies":"Cultist","floor":5,"turns":4},{"damage":16,"enemies":"Lagavulin","floor":7,"turns":5},{"damage":0,"enemies":"Looter","floor":8,"turns":3},{"damage":1,"enemies":"3 Louse","floor":10,"turns":3},{"damage":1,"enemies":"2 Fungi Beasts","floor":11,"turns":3},{"damage":12,"enemies":"Exordium Thugs","floor":13,"turns":4},{"damage":1,"enemies":"3 Louse","floor":14,"turns":4},{"damage":14,"enemies":"The Guardian","floor":16,"turns":12},{"damage":2,"enemies":"Spheric Guardian","floor":18,"turns":4},{"damage":0,"enemies":"2 Thieves","floor":22,"turns":3},{"damage":0,"enemies":"Gremlin Leader","floor":24,"turns":5},{"damage":6,"enemies":"Snake Plant","floor":25,"turns":4},{"damage":0,"enemies":"3 Cultists","floor":28,"turns":4},{"damage":8,"enemies":"Book of Stabbing","floor":29,"turns":6},{"damage":0,"enemies":"Snecko","floor":31,"turns":4},{"damage":26,"enemies":"Automaton","floor":33,"turns":8},{"damage":4,"enemies":"Orb Walker","floor":35,"turns":2},{"damage":0,"enemies":"3 Shapes","floor":38,"turns":1},{"damage":0,"enemies":"Spire Growth","floor":39,"turns":4},{"damage":16,"enemies":"Reptomancer","floor":41,"turns":4},{"damage":0,"enemies":"Transient","floor":44,"turns":5},{"damage":4,"enemies":"Giant Head","floor":46,"turns":3},{"damage":0,"enemies":"Maw","floor":47,"turns":2},{"damage":8,"enemies":"4 Shapes","floor":48,"turns":2},{"damage":30,"enemies":"Awakened One","floor":50,"turns":5},{"damage":0,"enemies":"Shield and Spear","floor":54,"turns":3},{"damage":87,"enemies":"The Heart","floor":55,"turns":3}],"seed_played":"4418650757623173200","potions_obtained":[{"floor":5,"key":"Block Potion"},{"floor":7,"key":"Dexterity Potion"},{"floor":8,"key":"Poison Potion"},{"floor":14,"key":"FearPotion"},{"floor":16,"key":"AttackPotion"},{"floor":22,"key":"Explosive Potion"},{"floor":25,"key":"SneckoOil"},{"floor":27,"key":"Fruit Juice"},{"floor":27,"key":"SkillPotion"},{"floor":35,"key":"SkillPotion"},{"floor":38,"key":"SteroidPotion"},{"floor":42,"key":"EntropicBrew"},{"floor":42,"key":"Poison Potion"}],"is_trial":false,"path_per_floor":["M","?","$","M","M","R","E","M","T","M","M","?","M","M","R","B",null,"M","?","?","$","M","R","E","M","T","?","M","E","$","M","R","B",null,"M","$","?","M","M","R","E","?","T","M","$","E","M","M","R","B",null,"R","$","E","B"],"character_chosen":"DEFECT","items_purchased":["Medical Kit","FTL","Defragment","Loop","Metamorphosis","Finesse"],"campfire_rested":0,"item_purchase_floors":[21,21,30,36,45,53],"current_hp_per_floor":[74,67,67,65,65,65,49,49,49,48,47,47,35,34,34,20,75,73,73,57,57,57,57,57,51,51,56,56,48,48,48,48,22,80,76,76,66,66,66,66,50,50,50,50,50,46,46,38,38,8,80,80,80,80,0],"gold":46,"neow_bonus":"RANDOM_COMMON_RELIC","is_prod":false,"is_daily":false,"chose_seed":false,"campfire_upgraded":6,"win_rate":0,"timestamp":1549843541,"path_taken":["M","?","$","M","M","R","E","M","T","M","M","?","?","M","R","BOSS","M","?","?","$","M","R","E","M","T","?","?","E","$","M","R","BOSS","M","$","?","M","M","R","E","?","T","M","$","E","M","?","R","BOSS","R","$","E","BOSS"],"build_version":"2019-01-23","purchased_purges":2,"victory":false,"max_hp_per_floor":[75,75,75,75,75,75,75,75,75,75,75,75,75,75,75,75,75,75,75,75,75,75,75,75,75,75,80,80,80,80,80,80,80,80,80,80,80,80,80,80,80,80,80,80,80,80,80,80,80,80,80,80,80,80,80],"card_choices":[{"not_picked":["Go for the Eyes","Reprogram"],"picked":"Genetic Algorithm","floor":1},{"not_picked":["Aggregate","Barrage","Streamline"],"picked":"SKIP","floor":4},{"not_picked":["Leap","Reprogram"],"picked":"Ball Lightning","floor":5},{"not_picked":["Stack","Genetic Algorithm"],"picked":"Seek","floor":7},{"not_picked":["Reinforced Body","Redo","Sunder"],"picked":"SKIP","floor":8},{"not_picked":["Streamline","Compile Driver"],"picked":"Recycle","floor":10},{"not_picked":["Lockon","Rebound","Redo"],"picked":"SKIP","floor":11},{"not_picked":["Core Surge","Reinforced Body"],"picked":"Hello World","floor":13},{"not_picked":["Ball Lightning","Skim"],"picked":"Cold Snap","floor":14},{"not_picked":["Stack","Defragment"],"picked":"Blizzard+1","floor":18},{"not_picked":["Streamline","Barrage"],"picked":"Go for the Eyes+1","floor":22},{"not_picked":["Auto Shields","Glacier+1"],"picked":"Conserve Battery","floor":24},{"not_picked":["Skim+1","Leap+1","Streamline"],"picked":"SKIP","floor":25},{"not_picked":["Coolheaded","Go for the Eyes"],"picked":"Machine Learning","floor":28},{"not_picked":["Steam+1","Creative AI"],"picked":"Reprogram","floor":29},{"not_picked":["Conserve Battery","Sweeping Beam"],"picked":"Gash+1","floor":31},{"not_picked":["Buffer","Core Surge"],"picked":"All For One","floor":33},{"not_picked":["Hologram+1","Streamline"],"picked":"Go for the Eyes","floor":35},{"not_picked":["Madness","Discovery"],"picked":"Forethought","floor":37},{"not_picked":["Impatience","Deep Breath"],"picked":"Panache","floor":37},{"not_picked":["Blind","Impatience"],"picked":"Deep Breath","floor":37},{"not_picked":["Hologram","Barrage+1"],"picked":"Beam Cell+1","floor":38},{"not_picked":["Glacier","Barrage"],"picked":"Loop+1","floor":39},{"not_picked":["Conserve Battery+1","Compile Driver+1","Tempest"],"picked":"SKIP","floor":41},{"not_picked":["Rebound+1","Sweeping Beam+1"],"picked":"Double Energy+1","floor":44},{"not_picked":["Reinforced Body+1","Conserve Battery"],"picked":"Creative AI+1","floor":46},{"not_picked":["Defragment+1","Beam Cell+1"],"picked":"Steam+1","floor":47},{"not_picked":["Conserve Battery","Ball Lightning+1"],"picked":"Turbo","floor":48},{"not_picked":["Aggregate","Reprogram+1"],"picked":"Scrape+1","floor":54}],"player_experience":50475,"relics_obtained":[{"floor":7,"key":"Unceasing Top"},{"floor":9,"key":"Mummified Hand"},{"floor":20,"key":"Nilry\u0027s Codex"},{"floor":24,"key":"Bronze Scales"},{"floor":29,"key":"MawBank"},{"floor":41,"key":"Bottled Tornado"},{"floor":43,"key":"Frozen Egg 2"},{"floor":46,"key":"Oddly Smooth Stone"},{"floor":54,"key":"Cables"}],"event_choices":[{"cards_removed":["Strike_B"],"damage_healed":0,"gold_gain":0,"player_choice":"Card Removal","damage_taken":7,"max_hp_gain":0,"max_hp_loss":0,"event_name":"Golden Wing","floor":2,"gold_loss":0},{"cards_removed":["Strike_B"],"damage_healed":0,"gold_gain":0,"player_choice":"Purged","damage_taken":0,"max_hp_gain":0,"max_hp_loss":0,"event_name":"Purifier","floor":12,"gold_loss":0},{"damage_healed":0,"gold_gain":0,"player_choice":"Ignored","damage_taken":0,"max_hp_gain":0,"max_hp_loss":0,"event_name":"Ghosts","floor":19,"gold_loss":0},{"damage_healed":0,"gold_gain":0,"player_choice":"Obtained Book","damage_taken":16,"max_hp_gain":0,"max_hp_loss":0,"event_name":"Cursed Tome","floor":20,"gold_loss":0},{"damage_healed":0,"gold_gain":0,"player_choice":"Bought 2 Potions","damage_taken":0,"max_hp_gain":0,"max_hp_loss":0,"event_name":"The Woman in Blue","floor":27,"gold_loss":0},{"damage_healed":0,"gold_gain":0,"player_choice":"Memory 3","damage_taken":10,"max_hp_gain":0,"max_hp_loss":0,"event_name":"SensoryStone","floor":37,"gold_loss":0},{"damage_healed":0,"gold_gain":0,"player_choice":"Got Potions","damage_taken":0,"max_hp_gain":0,"max_hp_loss":0,"event_name":"Lab","floor":42,"gold_loss":0}],"is_beta":false,"boss_relics":[{"not_picked":["Fusion Hammer","Orrery"],"picked":"Nuclear Battery"},{"not_picked":["Eternal Feather","Astrolabe"],"picked":"Runic Pyramid"}],"items_purged_floors":[3,21],"is_endless":false,"potions_floor_spawned":[5,7,8,11,14,16,22,24,25,35,38,44,48],"killed_by":"The Heart","ascension_level":1}