{"gold_per_floor":[113,113,288,306,56,90,90,90,117,13,38,11,27,55,55,155,155,165,177,177,77,87,115,125,152,152,166,195,195,195,209,209,314,314,328,428,442,274,274,274,302,302,325,357,357,357,357,372,372,372,372,372,13,48,48],"floor_reached":55,"playtime":4014,"items_purged":["Regret","Regret","Shame","Doubt"],"score":926,"play_id":"2ca01d3b-80e8-43e2-a725-968edcf7ef18","local_time":"20190212093745","is_ascension_mode":true,"campfire_choices":[{"data":"Thinking Ahead","floor":8.0,"key":"SMITH"},{"data":"Zap","floor":15.0,"key":"SMITH"},{"floor":30.0,"key":"REST"},{"data":"Defragment","floor":32.0,"key":"SMITH"},{"data":"Defragment","floor":40.0,"key":"SMITH"},{"data":"Echo Form","floor":42.0,"key":"SMITH"},{"data":"Loop","floor":45.0,"key":"SMITH"},{"floor":49.0,"key":"RECALL"},{"data":"Seek","floor":52.0,"key":"SMITH"}],"neow_cost":"NONE","seed_source_timestamp":0,"circlet_count":0,"master_deck":["Strike_B","Strike_B","Strike_B","Defend_B","Defend_B","Defend_B","Zap+1","Dualcast+1","Leap+1","Glacier","Thinking Ahead+1","Cold Snap","Coolheaded","Chill","Cold Snap","Heatsinks","Leap","Cold Snap","FTL","Echo Form+1","Clumsy","Loop+1","Ball Lightning+1","Biased Cognition","Defragment+1","Seek+1","Defragment+1","Self Repair+1","Defragment+1","Coolheaded","Self Repair+1","Madness","Madness","BootSequence","Discovery"],"special_seed":0,"relics":["Cracked Core","NeowsBlessing","Meat on the Bone","Centennial Puzzle","DataDisk","Incense Burner","Mango","Calling Bell","Orichalcum","Singing Bowl","Ginger","Turnip","Blood Vial","Bronze Scales","War Paint","Smiling Mask","Eternal Feather","Nunchaku","Ancient Tea Set","Kunai","Bag of Marbles","Oddly Smooth Stone"],"potions_floor_usage":[54,55,55],"damage_taken":[{"damage":0.0,"enemies":"Jaw Worm","floor":1.0,"turns":1.0},{"damage":0.0,"enemies":"Small Slimes","floor":4.0,"turns":1.0},{"damage":0.0,"enemies":"3 Sentries","floor":6.0,"turns":1.0},{"damage":7.0,"enemies":"Lagavulin","floor":11.0,"turns":10.0},{"damage":0.0,"enemies":"Cultist","floor":13.0,"turns":4.0},{"damage":5.0,"enemies":"Gremlin Nob","floor":14.0,"turns":6.0},{"damage":40.0,"enemies":"Slime Boss","floor":16.0,"turns":22.0},{"damage":31.0,"enemies":"3 Byrds","floor":18.0,"turns":10.0},{"damage":17.0,"enemies":"Spheric Guardian","floor":19.0,"turns":5.0},{"damage":14.0,"enemies":"Shelled Parasite and Fungi","floor":22.0,"turns":12.0},{"damage":26.0,"enemies":"Slavers","floor":23.0,"turns":8.0},{"damage":2.0,"enemies":"Snake Plant","floor":24.0,"turns":6.0},{"damage":13.0,"enemies":"Book of Stabbing","floor":25.0,"turns":9.0},{"damage":12.0,"enemies":"Chosen and Byrds","floor":27.0,"turns":5.0},{"damage":53.0,"enemies":"Slavers","floor":28.0,"turns":6.0},{"damage":2.0,"enemies":"Shelled Parasite and Fungi","floor":31.0,"turns":6.0},{"damage":20.0,"enemies":"Collector","floor":33.0,"turns":11.0},{"damage":13.0,"enemies":"3 Darklings","floor":35.0,"turns":6.0},{"damage":20.0,"enemies":"Mind Bloom Boss Battle","floor":36.0,"turns":5.0},{"damage":4.0,"enemies":"Orb Walker","floor":37.0,"turns":3.0},{"damage":29.0,"enemies":"Reptomancer","floor":41.0,"turns":7.0},{"damage":13.0,"enemies":"Giant Head","floor":44.0,"turns":14.0},{"damage":12.0,"enemies":"Spire Growth","floor":48.0,"turns":6.0},{"damage":14.0,"enemies":"Donu and Deca","floor":50.0,"turns":16.0},{"damage":71,"enemies":"Shield and Spear","floor":54,"turns":13},{"damage":103,"enemies":"The Heart","floor":55,"turns":14}],"seed_played":"-8989711277898083708","potions_obtained":[{"floor":4.0,"key":"Fire Potion"},{"floor":6.0,"key":"SteroidPotion"},{"floor":13.0,"key":"Poison Potion"},{"floor":22.0,"key":"GamblersBrew"},{"floor":27.0,"key":"Energy Potion"},{"floor":28.0,"key":"SpeedPotion"},{"floor":31.0,"key":"SpeedPotion"},{"floor":37.0,"key":"Fire Potion"},{"floor":48.0,"key":"PowerPotion"}],"is_trial":false,"path_per_floor":["M","?","?","M","$","E","?","R","T","$","E","$","M","E","R","B",null,"M","M","?","$","M","E","M","E","T","M","E","?","R","M","R","B",null,"M","?","M","$","?","R","E","R","T","E","R","?","?","M","R","B",null,"R","$","E","B"],"character_chosen":"DEFECT","items_purchased":["Thinking Ahead","Chill","Cold Snap","Leap","Defragment","Coolheaded","Discovery","Regen Potion","Bag of Marbles"],"campfire_rested":1,"item_purchase_floors":[5,10,10,12,38,38,53,53,53],"current_hp_per_floor":[75,75,75,75,75,75,75,75,75,75,68,68,68,77,77,49,89,60,55,55,55,53,41,55,56,56,58,21,2,32,46,46,40,104,91,73,73,73,73,91,76,94,94,93,108,94,94,94,108,108,108,108,108,86,0],"gold":48,"neow_bonus":"THREE_ENEMY_KILL","is_prod":false,"is_daily":false,"chose_seed":false,"campfire_upgraded":7,"win_rate":0,"timestamp":1549993065,"path_taken":["M","?","?","M","$","E","?","R","T","$","E","?","?","E","R","BOSS","M","M","?","$","M","E","M","E","T","M","E","?","R","M","R","BOSS","M","?","M","$","?","R","E","R","T","E","R","?","?","?","R","BOSS","R","$","E","BOSS"],"build_version":"2019-01-23","purchased_purges":4,"victory":false,"max_hp_per_floor":[75,75,75,75,75,75,75,75,75,75,75,75,75,89,89,89,89,91,91,91,91,91,93,95,95,95,95,97,102,102,104,104,104,104,104,104,106,106,106,106,108,108,108,108,108,108,108,108,108,108,108,108,108,110,110],"card_choices":[{"not_picked":["Beam Cell","Reprogram"],"picked":"Leap","floor":1.0},{"not_picked":["Cold Snap","Aggregate"],"picked":"Glacier","floor":4.0},{"not_picked":["Rebound","Force Field"],"picked":"Cold Snap","floor":6.0},{"not_picked":["Turbo","Reprogram"],"picked":"Heatsinks","floor":11.0},{"not_picked":["Beam Cell","Sweeping Beam"],"picked":"Cold Snap","floor":13.0},{"not_picked":["Scrape","Aggregate"],"picked":"FTL","floor":14.0},{"not_picked":["Buffer","Machine Learning"],"picked":"Echo Form","floor":16.0},{"not_picked":["Heatsinks","Darkness","Cold Snap"],"picked":"Singing Bowl","floor":18.0},{"not_picked":["Rip and Tear","Coolheaded"],"picked":"Loop","floor":19.0},{"not_picked":["Cold Snap","Go for the Eyes"],"picked":"Ball Lightning+1","floor":22.0},{"not_picked":["Compile Driver","Rebound","Static Discharge+1"],"picked":"Singing Bowl","floor":23.0},{"not_picked":["Stack+1","Hello World","Gash"],"picked":"Singing Bowl","floor":24.0},{"not_picked":["Conserve Battery","Sweeping Beam"],"picked":"Biased Cognition","floor":25.0},{"not_picked":["Sunder+1","FTL+1"],"picked":"Defragment","floor":27.0},{"not_picked":["Hologram","Turbo+1","Rip and Tear"],"picked":"Singing Bowl","floor":28.0},{"not_picked":["Ball Lightning+1","Sweeping Beam","Auto Shields+1"],"picked":"Singing Bowl","floor":31.0},{"not_picked":["Thunder Strike","Buffer"],"picked":"Seek","floor":33.0},{"not_picked":["Leap","Ball Lightning+1"],"picked":"Defragment+1","floor":35.0},{"not_picked":["Reprogram+1","Scrape+1"],"picked":"Self Repair+1","floor":36.0},{"not_picked":["Sweeping Beam+1","Steam Power","Storm"],"picked":"Singing Bowl","floor":37.0},{"not_picked":["Static Discharge","Turbo","Compile Driver+1"],"picked":"Singing Bowl","floor":41.0},{"not_picked":["Hologram+1","Double Energy+1"],"picked":"Self Repair+1","floor":44.0},{"not_picked":["Stack","Redo+1"],"picked":"BootSequence","floor":48.0},{"not_picked":["Auto Shields","Beam Cell+1","Stack"],"picked":"Singing Bowl","floor":54}],"player_experience":334935,"relics_obtained":[{"floor":6.0,"key":"Centennial Puzzle"},{"floor":9.0,"key":"DataDisk"},{"floor":11.0,"key":"Incense Burner"},{"floor":14.0,"key":"Mango"},{"floor":17.0,"key":"Orichalcum"},{"floor":17.0,"key":"Singing Bowl"},{"floor":17.0,"key":"Ginger"},{"floor":23.0,"key":"Blood Vial"},{"floor":25.0,"key":"Bronze Scales"},{"floor":26.0,"key":"War Paint"},{"floor":28.0,"key":"Smiling Mask"},{"floor":36.0,"key":"Nunchaku"},{"floor":41.0,"key":"Ancient Tea Set"},{"floor":44.0,"key":"Kunai"},{"floor":54,"key":"Oddly Smooth Stone"}],"event_choices":[{"damage_healed":0.0,"max_hp_gain":0.0,"max_hp_loss":0.0,"gold_gain":0.0,"event_name":"Big Fish","player_choice":"Box","floor":2.0,"gold_loss":0.0,"damage_taken":0.0,"relics_obtained":["Meat on the Bone"],"cards_obtained":["Regret"]},{"damage_healed":0.0,"max_hp_gain":0.0,"max_hp_loss":0.0,"gold_gain":175.0,"event_name":"Liars Game","player_choice":"AGREE","floor":3.0,"gold_loss":0.0,"damage_taken":0.0,"cards_obtained":["Doubt"]},{"damage_healed":0.0,"max_hp_gain":0.0,"max_hp_loss":0.0,"gold_gain":0.0,"cards_transformed":["Strike_B"],"event_name":"Living Wall","player_choice":"Change","floor":7.0,"gold_loss":0.0,"damage_taken":0.0,"cards_obtained":["Coolheaded"]},{"damage_healed":0.0,"max_hp_gain":0.0,"max_hp_loss":0.0,"gold_gain":0.0,"event_name":"The Mausoleum","player_choice":"Opened","floor":20.0,"gold_loss":0.0,"damage_taken":0.0,"relics_obtained":["Turnip"]},{"damage_healed":0.0,"max_hp_gain":5.0,"max_hp_loss":0.0,"gold_gain":0.0,"event_name":"Forgotten Altar","player_choice":"Shed Blood","floor":29.0,"gold_loss":0.0,"damage_taken":24.0},{"damage_healed":0.0,"max_hp_gain":0.0,"max_hp_loss":0.0,"gold_gain":0.0,"event_name":"MindBloom","player_choice":"Fight","floor":36.0,"gold_loss":0.0,"damage_taken":0.0},{"cards_removed":["Defend_B"],"damage_healed":0.0,"max_hp_gain":0.0,"max_hp_loss":0.0,"gold_gain":0.0,"event_name":"Falling","player_choice":"Removed Skill","floor":39.0,"gold_loss":0.0,"damage_taken":0.0},{"damage_healed":0.0,"max_hp_gain":0.0,"max_hp_loss":0.0,"gold_gain":0.0,"event_name":"Winding Halls","player_choice":"Embrace Madness","floor":46.0,"gold_loss":0.0,"damage_taken":14.0,"cards_obtained":["Madness","Madness"]},{"damage_healed":0.0,"max_hp_gain":0.0,"max_hp_loss":0.0,"gold_gain":0.0,"event_name":"Tomb of Lord Red Mask","player_choice":"Ignored","floor":47.0,"gold_loss":0.0,"damage_taken":0.0}],"is_beta":false,"boss_relics":[{"not_picked":["Runic Dome","Sozu"],"picked":"Calling Bell"},{"not_picked":["Runic Pyramid","Philosopher\u0027s Stone"],"picked":"Eternal Feather"}],"items_purged_floors":[5,21,38,53],"is_endless":false,"potions_floor_spawned":[4,6,13,22,27,28,31,37,41,48],"killed_by":"The Heart","ascension_level":2}