{"gold_per_floor":[114,129,229,229,244,259,259,259,284,314,314,329,141,156,156,256,256,271,286,286,286,301,316,316,331,331,361,361,376,421,21,21,121,121,136,136,136,151,166,166,496,496,496,52,52,67,82,97,97,97],"floor_reached":51,"playtime":1660,"items_purged":["Pain"],"score":953,"play_id":"3065c77b-77e2-45a8-89d7-b985f9a4f424","local_time":"20180908193024","daily_mods":["Shiny","Uncertain Future","Vintage"],"is_ascension_mode":false,"campfire_choices":[{"data":"Hyperbeam","floor":7,"key":"SMITH"},{"data":"Fission","floor":11,"key":"SMITH"},{"data":"Creative AI","floor":15,"key":"SMITH"},{"data":"Buffer","floor":24,"key":"SMITH"},{"data":"Biased Cognition","floor":28,"key":"SMITH"},{"data":"Buffer","floor":32,"key":"SMITH"},{"data":"Thunder Strike","floor":40,"key":"SMITH"},{"data":"Loop","floor":42,"key":"SMITH"},{"data":"1","floor":49,"key":"LIFT"}],"neow_cost":"","seed_source_timestamp":0,"circlet_count":0,"master_deck":["Multi-Cast","Hyperbeam+1","Thunder Strike+1","Biased Cognition+1","Machine Learning","Electrodynamics+1","Buffer+1","Rainbow","Seek+1","Meteor Strike+1","Echo Form","All For One","Reboot","Creative AI+1","Fission+1","Core Surge+1","Steam Power+1","Loop+1","Glacier","Buffer+1","Chill+1","Rainbow+1","Steam+1","BootSequence+1","White Noise+1","Core Surge","Bandage Up+1","Master of Strategy+1"],"special_seed":17782,"relics":["Cracked Core","Anchor","Strawberry","Regal Pillow","Bronze Scales","Blood Vial","Orichalcum","Incense Burner","Whetstone","Lantern","Omamori","Cursed Key","Calipers","War Paint","Necronomicon","Boot","Du-Vu Doll","Bottled Tornado","Ornamental Fan","Oddly Smooth Stone","Art of War","Tiny Chest","Toxic Egg 2","Vajra","Happy Flower","Busted Crown","Juzu Bracelet","Unceasing Top","Sundial","Pen Nib","Old Coin","Darkstone Periapt","Bag of Preparation","Shuriken","Peace Pipe","Girya"],"potions_floor_usage":[],"damage_taken":[{"damage":0,"enemies":"Small Slimes","floor":1,"turns":1},{"damage":0,"enemies":"Cultist","floor":2,"turns":2},{"damage":0,"enemies":"2 Louse","floor":5,"turns":2},{"damage":0,"enemies":"Exordium Thugs","floor":6,"turns":2},{"damage":0,"enemies":"Lagavulin","floor":10,"turns":5},{"damage":0,"enemies":"3 Louse","floor":12,"turns":1},{"damage":0,"enemies":"2 Fungi Beasts","floor":14,"turns":1},{"damage":5,"enemies":"Slime Boss","floor":16,"turns":4},{"damage":0,"enemies":"2 Thieves","floor":18,"turns":2},{"damage":0,"enemies":"Spheric Guardian","floor":19,"turns":1},{"damage":0,"enemies":"Snake Plant","floor":22,"turns":1},{"damage":0,"enemies":"Snecko","floor":23,"turns":3},{"damage":0,"enemies":"Shelled Parasite and Fungi","floor":25,"turns":3},{"damage":0,"enemies":"Book of Stabbing","floor":27,"turns":5},{"damage":0,"enemies":"Snake Plant","floor":29,"turns":2},{"damage":0,"enemies":"Chosen and Byrds","floor":30,"turns":2},{"damage":0,"enemies":"Automaton","floor":33,"turns":8},{"damage":0,"enemies":"Orb Walker","floor":35,"turns":2},{"damage":0,"enemies":"Mind Bloom Boss Battle","floor":36,"turns":3},{"damage":0,"enemies":"3 Darklings","floor":38,"turns":2},{"damage":0,"enemies":"Sphere and 2 Shapes","floor":39,"turns":1},{"damage":0,"enemies":"Giant Head","floor":41,"turns":4},{"damage":0,"enemies":"4 Shapes","floor":46,"turns":2},{"damage":0,"enemies":"3 Darklings","floor":47,"turns":1},{"damage":0,"enemies":"Transient","floor":48,"turns":5},{"damage":0,"enemies":"Time Eater","floor":50,"turns":8}],"seed_played":"6885944374877382416","potions_obtained":[{"floor":1,"key":"AttackPotion"},{"floor":2,"key":"AttackPotion"},{"floor":10,"key":"FearPotion"}],"is_trial":false,"path_per_floor":["M","M","?","?","M","M","R","?","T","E","R","M","$","M","R","B",null,"M","M","?","?","M","M","R","M","T","E","R","M","M","$","R","B",null,"M","?","?","M","M","R","E","R","T","$","?","M","M","M","R","B"],"character_chosen":"DEFECT","items_purchased":["Whetstone","Glacier","Toxic Egg 2","Vajra","Bag of Preparation","White Noise+1","Core Surge"],"campfire_rested":0,"item_purchase_floors":[13,13,31,31,44,44,44],"current_hp_per_floor":[75,82,82,82,82,82,82,82,82,82,82,82,82,82,82,77,82,82,82,66,66,68,70,70,72,72,74,74,76,78,78,78,80,82,82,82,78,78,78,78,78,78,78,78,68,76,78,78,78,78],"gold":97,"neow_bonus":"","is_prod":false,"is_daily":true,"chose_seed":false,"campfire_upgraded":8,"win_rate":0,"timestamp":1536427824,"path_taken":["M","M","?","?","M","M","R","?","T","E","R","M","$","M","R","BOSS","M","M","?","?","M","M","R","M","T","E","R","M","?","$","R","BOSS","M","?","?","M","M","R","E","R","T","$","?","M","M","M","R","BOSS"],"build_version":"2018-09-06","purchased_purges":1,"victory":true,"max_hp_per_floor":[75,82,82,82,82,82,82,82,82,82,82,82,82,82,82,82,82,82,82,82,82,82,82,82,82,82,82,82,82,82,82,82,82,82,82,82,78,78,78,78,78,78,78,78,78,78,78,78,78,78],"card_choices":[{"not_picked":["Beam Cell","Barrage"],"picked":"Loop","floor":10},{"not_picked":["Machine Learning","Rainbow"],"picked":"Buffer","floor":16},{"not_picked":["Beam Cell+1","Melter"],"picked":"Chill+1","floor":27},{"not_picked":["Reboot+1","Meteor Strike"],"picked":"Rainbow+1","floor":33},{"not_picked":[],"picked":"Steam+1","floor":36},{"not_picked":[],"picked":"BootSequence+1","floor":41},{"not_picked":[],"picked":"Bandage Up+1","floor":45},{"not_picked":[],"picked":"Master of Strategy+1","floor":45}],"player_experience":1417161,"relics_obtained":[{"floor":1,"key":"Anchor"},{"floor":2,"key":"Strawberry"},{"floor":5,"key":"Regal Pillow"},{"floor":6,"key":"Bronze Scales"},{"floor":9,"key":"Blood Vial"},{"floor":10,"key":"Orichalcum"},{"floor":12,"key":"Incense Burner"},{"floor":14,"key":"Lantern"},{"floor":16,"key":"Omamori"},{"floor":18,"key":"Calipers"},{"floor":19,"key":"War Paint"},{"floor":20,"key":"Necronomicon"},{"floor":22,"key":"Boot"},{"floor":23,"key":"Du-Vu Doll"},{"floor":25,"key":"Bottled Tornado"},{"floor":26,"key":"Ornamental Fan"},{"floor":27,"key":"Oddly Smooth Stone"},{"floor":29,"key":"Art of War"},{"floor":30,"key":"Tiny Chest"},{"floor":33,"key":"Happy Flower"},{"floor":35,"key":"Juzu Bracelet"},{"floor":36,"key":"Unceasing Top"},{"floor":38,"key":"Sundial"},{"floor":39,"key":"Pen Nib"},{"floor":41,"key":"Old Coin"},{"floor":43,"key":"Darkstone Periapt"},{"floor":46,"key":"Shuriken"},{"floor":47,"key":"Peace Pipe"},{"floor":48,"key":"Girya"}],"event_choices":[{"event_name":"Golden Shrine","player_choice":"Pray","floor":3,"damage_taken":0},{"event_name":"Transmorgrifier","player_choice":"Transform","floor":4,"damage_taken":0},{"event_name":"Living Wall","player_choice":"Grow","floor":8,"damage_taken":0},{"event_name":"Cursed Tome","player_choice":"Obtained Book","floor":20,"damage_taken":0},{"event_name":"Ghosts","player_choice":"Ignored","floor":21,"damage_taken":0},{"event_name":"MindBloom","player_choice":"Fight","floor":36,"damage_taken":0},{"event_name":"Winding Halls","player_choice":"Max HP","floor":37,"damage_taken":0},{"event_name":"SensoryStone","player_choice":"Memory 3","floor":45,"damage_taken":0}],"is_beta":false,"boss_relics":[{"not_picked":["Calling Bell","Tiny House"],"picked":"Cursed Key"},{"not_picked":["White Beast Statue","Sozu"],"picked":"Busted Crown"}],"items_purged_floors":[44],"is_endless":false,"potions_floor_spawned":[1,2,10,12,19,25,27,29,36,39,46,47,48],"ascension_level":0}