{"gold_per_floor":[111,179,191,191,191,191,208,208,233,250,250,250,250,266,266,394,394,417,417,342,176,176,176,200,200,279,304,345,345,361,385,385,513,513,527,527,860,293,568,568,598,617,642,76,92,112,112,20,20,20],"floor_reached":51,"playtime":1680,"items_purged":["Defend_B","Defend_B","Regret"],"score":808,"play_id":"aff9bfe9-e72f-4c04-b50d-d60f8d213f2c","local_time":"20190210200208","is_ascension_mode":false,"campfire_choices":[{"data":"White Noise","floor":6,"key":"SMITH"},{"data":"Hyperbeam","floor":8,"key":"SMITH"},{"data":"Madness","floor":11,"key":"SMITH"},{"data":"Dualcast","floor":15,"key":"SMITH"},{"data":"Hyperbeam","floor":23,"key":"SMITH"},{"data":"Hyperbeam","floor":25,"key":"SMITH"},{"data":"Doom and Gloom","floor":29,"key":"SMITH"},{"data":"Lockon","floor":32,"key":"SMITH"},{"data":"Chrysalis","floor":40,"key":"SMITH"},{"data":"Buffer","floor":47,"key":"SMITH"},{"data":"Leap","floor":49,"key":"SMITH"}],"neow_cost":"NONE","seed_source_timestamp":8598532079289,"circlet_count":0,"master_deck":["Strike_B+1","Defend_B+1","Zap+1","Dualcast+1","Madness+1","Doom and Gloom+1","White Noise+1","Hyperbeam+1","Glacier","Conserve Battery","Hyperbeam+1","Machine Learning","Hyperbeam+1","Mind Blast","Lockon+1","Consume","Streamline","Leap+1","Conserve Battery","Leap+1","Buffer+1","Conserve Battery","Chrysalis+1","Defragment","Doom and Gloom+1","Leap","Conserve Battery","Bandage Up","Coolheaded+1","Parasite","Fusion","Leap+1"],"relics":["Cracked Core","Bag of Preparation","Meat on the Bone","Snecko Eye","The Courier","Pear","Coffee Dripper","Bottled Lightning","Bronze Scales","Mummified Hand","Happy Flower","DataDisk","Question Card"],"potions_floor_usage":[28,33,41,50,50,50],"damage_taken":[{"damage":0,"enemies":"2 Louse","floor":1,"turns":2},{"damage":2,"enemies":"Jaw Worm","floor":3,"turns":4},{"damage":1,"enemies":"Cultist","floor":7,"turns":3},{"damage":0,"enemies":"Looter","floor":10,"turns":2},{"damage":0,"enemies":"3 Louse","floor":14,"turns":2},{"damage":24,"enemies":"Slime Boss","floor":16,"turns":7},{"damage":8,"enemies":"2 Thieves","floor":18,"turns":2},{"damage":10,"enemies":"Spheric Guardian","floor":24,"turns":3},{"damage":0,"enemies":"Snake Plant","floor":27,"turns":2},{"damage":12,"enemies":"Slavers","floor":28,"turns":2},{"damage":5,"enemies":"Centurion and Healer","floor":30,"turns":2},{"damage":0,"enemies":"Cultist and Chosen","floor":31,"turns":3},{"damage":42,"enemies":"Automaton","floor":33,"turns":8},{"damage":0,"enemies":"3 Shapes","floor":35,"turns":2},{"damage":118,"enemies":"Giant Head","floor":41,"turns":10},{"damage":3,"enemies":"3 Darklings","floor":42,"turns":2},{"damage":0,"enemies":"Spire Growth","floor":45,"turns":2},{"damage":0,"enemies":"Writhing Mass","floor":46,"turns":6},{"damage":37,"enemies":"Time Eater","floor":50,"turns":16}],"seed_played":"-4611788219939350677","potions_obtained":[{"floor":1,"key":"Swift Potion"},{"floor":14,"key":"FairyPotion"},{"floor":16,"key":"FearPotion"},{"floor":28,"key":"SteroidPotion"},{"floor":31,"key":"FearPotion"},{"floor":42,"key":"Weak Potion"},{"floor":45,"key":"FocusPotion"}],"is_trial":false,"path_per_floor":["M","?","M","?","?","R","M","R","T","M","R","?","?","M","R","B",null,"M","?","?","$","?","R","M","R","T","M","E","R","M","M","R","B",null,"M","?","?","$","?","R","E","M","T","$","M","M","R","$","R","B",null],"character_chosen":"DEFECT","items_purchased":["Mind Blast","Chrysalis","Bottled Lightning","Defragment","Bronze Scales","DataDisk","Conserve Battery","Dexterity Potion","Bandage Up","Question Card","Fusion","Leap"],"campfire_rested":0,"item_purchase_floors":[21,38,38,38,38,44,44,44,44,44,48,48],"current_hp_per_floor":[75,75,73,58,58,58,57,57,57,57,57,32,32,44,44,32,69,61,61,61,61,61,61,51,51,51,51,49,49,44,44,44,14,79,79,79,79,79,79,79,19,28,28,28,44,48,48,48,48,27],"gold":20,"neow_bonus":"RANDOM_COLORLESS","is_prod":false,"is_daily":false,"chose_seed":false,"campfire_upgraded":11,"win_rate":0,"timestamp":1549850528,"path_taken":["M","?","M","?","?","R","?","R","T","M","R","?","?","M","R","BOSS","M","?","?","$","?","R","M","R","T","?","E","R","M","M","R","BOSS","M","?","?","$","?","R","E","M","T","$","?","M","R","?","R","BOSS"],"build_version":"2019-01-23","purchased_purges":3,"victory":true,"max_hp_per_floor":[75,75,75,75,75,75,75,75,75,75,75,75,69,69,69,69,69,69,69,69,69,69,69,69,69,69,69,79,79,79,79,79,79,79,79,79,79,79,79,79,79,79,79,79,79,79,79,79,79,79],"card_choices":[{"not_picked":["Recycle","Gash"],"picked":"Doom and Gloom","floor":1},{"not_picked":["Barrage","Doom and Gloom"],"picked":"White Noise","floor":3},{"not_picked":["Compile Driver","Sunder"],"picked":"Hyperbeam","floor":7},{"not_picked":["Stack","Gash"],"picked":"Glacier","floor":10},{"not_picked":["Stack","Loop"],"picked":"Conserve Battery","floor":14},{"not_picked":["Thunder Strike","Buffer"],"picked":"Hyperbeam","floor":16},{"not_picked":["Chaos","Steam","Coolheaded"],"picked":"SKIP","floor":18},{"not_picked":["Redo","Conserve Battery"],"picked":"Consume","floor":24},{"not_picked":["Scrape+1","Melter"],"picked":"Streamline","floor":27},{"not_picked":["Beam Cell","Compile Driver"],"picked":"Leap+1","floor":28},{"not_picked":["Compile Driver","BootSequence"],"picked":"Conserve Battery","floor":30},{"not_picked":["Genetic Algorithm","Ball Lightning"],"picked":"Leap+1","floor":31},{"not_picked":["Multi-Cast","Rainbow"],"picked":"Buffer","floor":33},{"not_picked":["Auto Shields","Redo+1"],"picked":"Conserve Battery","floor":35},{"not_picked":["Ball Lightning+1","Rip and Tear+1"],"picked":"Doom and Gloom+1","floor":41},{"not_picked":["Hologram","Turbo+1"],"picked":"Leap","floor":42},{"not_picked":["Rebound","Beam Cell+1","Steam+1"],"picked":"Coolheaded+1","floor":45},{"not_picked":["Streamline","Static Discharge","Beam Cell+1","Rebound+1"],"picked":"SKIP","floor":46}],"player_experience":770470,"relics_obtained":[{"floor":9,"key":"Bag of Preparation"},{"floor":26,"key":"The Courier"},{"floor":28,"key":"Pear"},{"floor":41,"key":"Mummified Hand"},{"floor":43,"key":"Happy Flower"}],"event_choices":[{"damage_healed":0,"gold_gain":68,"player_choice":"Gained Gold","damage_taken":0,"max_hp_gain":0,"max_hp_loss":0,"event_name":"Golden Wing","floor":2,"gold_loss":0},{"damage_healed":0,"gold_gain":0,"player_choice":"Entered Light","damage_taken":15,"max_hp_gain":0,"max_hp_loss":0,"event_name":"Shining Light","floor":4,"gold_loss":0,"cards_upgraded":["Defend_B","Strike_B"]},{"damage_healed":0,"gold_gain":0,"player_choice":"Upgraded","damage_taken":0,"max_hp_gain":0,"max_hp_loss":0,"event_name":"Upgrade Shrine","floor":5,"gold_loss":0,"cards_upgraded":["Zap"]},{"damage_healed":0,"gold_gain":0,"player_choice":"Success","damage_taken":25,"relics_obtained":["Meat on the Bone"],"max_hp_gain":0,"max_hp_loss":0,"event_name":"Scrap Ooze","floor":12,"gold_loss":0},{"damage_healed":0,"gold_gain":0,"player_choice":"Lose Max HP","damage_taken":0,"relics_obtained":["Golden Idol"],"max_hp_gain":0,"max_hp_loss":6,"event_name":"Golden Idol","floor":13,"gold_loss":0},{"damage_healed":0,"gold_gain":0,"cards_transformed":["Strike_B","Strike_B"],"player_choice":"Became Test Subject","damage_taken":0,"max_hp_gain":0,"max_hp_loss":0,"event_name":"Drug Dealer","floor":19,"gold_loss":0,"cards_obtained":["Machine Learning","Hyperbeam"]},{"cards_removed":["Strike_B"],"damage_healed":0,"gold_gain":0,"player_choice":"Gave Gold","damage_taken":0,"max_hp_gain":0,"max_hp_loss":0,"event_name":"Beggar","floor":20,"gold_loss":75},{"damage_healed":0,"gold_gain":0,"cards_transformed":["Defend_B"],"player_choice":"Transformed","damage_taken":0,"max_hp_gain":0,"max_hp_loss":0,"event_name":"Transmorgrifier","floor":22,"gold_loss":0,"cards_obtained":["Lockon"]},{"damage_healed":0,"gold_gain":0,"player_choice":"Ignored","damage_taken":0,"max_hp_gain":0,"max_hp_loss":0,"event_name":"Tomb of Lord Red Mask","floor":36,"gold_loss":0},{"damage_healed":0,"gold_gain":333,"player_choice":"Gave Idol","damage_taken":0,"max_hp_gain":0,"max_hp_loss":0,"event_name":"The Moai Head","floor":37,"relics_lost":["Golden Idol"],"gold_loss":0},{"damage_healed":0,"gold_gain":275,"player_choice":"Desecrate","damage_taken":0,"max_hp_gain":0,"max_hp_loss":0,"event_name":"Golden Shrine","floor":39,"gold_loss":0,"cards_obtained":["Regret"]}],"is_beta":false,"boss_relics":[{"not_picked":["Inserter","Sozu"],"picked":"Snecko Eye"},{"not_picked":["Velvet Choker","Eternal Feather"],"picked":"Coffee Dripper"}],"items_purged_floors":[21,38,44],"is_endless":false,"potions_floor_spawned":[1,14,16,18,28,31,42,45],"ascension_level":0}