{"gold_per_floor":[116,130,143,20,40,40,40,40,40,84,165,184,334,334],"floor_reached":14,"playtime":456,"items_purged":[],"score":171,"play_id":"d1847e2a-f3db-4064-9ae3-d1db37936e41","local_time":"20181221145955","is_ascension_mode":true,"campfire_choices":[{"data":"Sunder","floor":6,"key":"SMITH"},{"data":"Coolheaded","floor":8,"key":"SMITH"}],"neow_cost":"NONE","seed_source_timestamp":128157018091810,"circlet_count":0,"master_deck":["AscendersBane","Strike_B","Strike_B","Strike_B","Strike_B","Defend_B","Defend_B","Defend_B","Defend_B","Zap","Dualcast","Static Discharge","Stack","Coolheaded+1","Capacitor","Sunder+1","Go for the Eyes","Injury","Coolheaded","Glacier","Static Discharge","Doubt"],"relics":["Cracked Core","NeowsBlessing","Golden Idol","Anchor","Pantograph","Bottled Tornado"],"potions_floor_usage":[5,10],"damage_taken":[{"damage":0,"enemies":"Jaw Worm","floor":1,"turns":1},{"damage":0,"enemies":"Small Slimes","floor":2,"turns":1},{"damage":0,"enemies":"2 Louse","floor":3,"turns":1},{"damage":14,"enemies":"Looter","floor":5,"turns":4},{"damage":24,"enemies":"3 Sentries","floor":10,"turns":5},{"damage":14,"enemies":"3 Sentries","floor":11,"turns":6},{"damage":5,"enemies":"Exordium Thugs","floor":12,"turns":4},{"damage":9,"enemies":"Blue Slaver","floor":14,"turns":4}],"seed_played":"-8424910791139031192","potions_obtained":[{"floor":1,"key":"SkillPotion"},{"floor":5,"key":"Fire Potion"},{"floor":12,"key":"SpeedPotion"}],"is_trial":false,"path_per_floor":["M","M","M","$","M","R","?","R","T","E","?","M","?","M"],"character_chosen":"DEFECT","items_purchased":["Capacitor","Sunder"],"campfire_rested":0,"item_purchase_floors":[4,4],"current_hp_per_floor":[64,64,64,64,50,50,50,50,50,26,12,7,7,0],"gold":334,"neow_bonus":"THREE_ENEMY_KILL","is_prod":false,"is_daily":false,"chose_seed":false,"campfire_upgraded":2,"win_rate":0,"timestamp":1545422395,"path_taken":["M","M","M","$","M","R","?","R","T","E","?","M","?","M"],"build_version":"2018-12-20","purchased_purges":0,"victory":false,"max_hp_per_floor":[71,71,71,71,71,71,71,71,71,71,71,71,71,71],"card_choices":[{"not_picked":["Streamline","Double Energy"],"picked":"Static Discharge","floor":1},{"not_picked":["Steam Power","Scrape"],"picked":"Stack","floor":2},{"not_picked":["Compile Driver","Skim"],"picked":"Coolheaded","floor":3},{"not_picked":["Force Field","Turbo"],"picked":"Go for the Eyes","floor":5},{"not_picked":["Hello World","Doom and Gloom"],"picked":"Coolheaded","floor":10},{"not_picked":["Reprogram","Coolheaded"],"picked":"Glacier","floor":11},{"not_picked":["Tempest","Rebound"],"picked":"Static Discharge","floor":12}],"player_experience":1928481,"relics_obtained":[{"floor":9,"key":"Anchor"},{"floor":10,"key":"Pantograph"},{"floor":11,"key":"Bottled Tornado"}],"event_choices":[{"damage_healed":0,"gold_gain":0,"player_choice":"Take Wound","damage_taken":0,"relics_obtained":["Golden Idol"],"max_hp_gain":0,"max_hp_loss":0,"event_name":"Golden Idol","floor":7,"gold_loss":0,"cards_obtained":["Injury"]},{"damage_healed":0,"gold_gain":0,"player_choice":"Searched \u00272\u0027 times","damage_taken":0,"max_hp_gain":0,"max_hp_loss":0,"event_name":"Dead Adventurer","floor":11,"gold_loss":0},{"damage_healed":0,"gold_gain":150,"player_choice":"AGREE","damage_taken":0,"max_hp_gain":0,"max_hp_loss":0,"event_name":"Liars Game","floor":13,"gold_loss":0,"cards_obtained":["Doubt"]}],"is_beta":false,"boss_relics":[],"items_purged_floors":[],"is_endless":false,"potions_floor_spawned":[1,5,12],"killed_by":"Blue Slaver","ascension_level":18}