{"gold_per_floor":[112,132,146,146,158,158,168,168,168,168,185,185,185,214,214,314,314,330,330,330,429,445,470,470,490,513,513,524,535,546,23,23,23],"floor_reached":33,"playtime":3817,"items_purged":[],"score":294,"play_id":"7697b915-5c21-440d-8257-e45da0ae6df0","local_time":"20190103231842","is_ascension_mode":false,"campfire_choices":[{"data":"Bash","floor":6,"key":"SMITH"},{"data":"Clash","floor":8,"key":"SMITH"},{"data":"Clash","floor":10,"key":"SMITH"},{"data":"Seeing Red","floor":13,"key":"SMITH"},{"data":"Seeing Red","floor":15,"key":"SMITH"},{"data":"Rampage","floor":24,"key":"SMITH"},{"floor":27,"key":"REST"},{"data":"Seeing Red","floor":32,"key":"SMITH"}],"neow_cost":"NONE","seed_source_timestamp":1163761531483903,"circlet_count":0,"master_deck":["Defend_R","Defend_R","Defend_R","Defend_R","Bash+1","Rampage+1","Carnage","Clash+1","Headbutt","Clash+1","Seeing Red+1","Seeing Red+1","Demon Form","Sword Boomerang","Bite","Bite","Bite","Bite","Bite","Fire Breathing+1","Sword Boomerang+1","Infernal Blade","Headbutt+1","Warcry+1","Seeing Red+1","Secret Technique"],"relics":["Eternal Feather","Red Skull","Vajra","Runic Cube","Ornamental Fan","Pen Nib","Pantograph"],"potions_floor_usage":[16,18,23,33,33],"damage_taken":[{"damage":8,"enemies":"2 Louse","floor":1,"turns":3},{"damage":0,"enemies":"Small Slimes","floor":2,"turns":2},{"damage":5,"enemies":"Jaw Worm","floor":3,"turns":4},{"damage":13,"enemies":"2 Fungi Beasts","floor":5,"turns":4},{"damage":10,"enemies":"Looter","floor":7,"turns":3},{"damage":7,"enemies":"Large Slime","floor":11,"turns":4},{"damage":26,"enemies":"Lagavulin","floor":14,"turns":5},{"damage":4,"enemies":"Hexaghost","floor":16,"turns":7},{"damage":5,"enemies":"Spheric Guardian","floor":18,"turns":3},{"damage":5,"enemies":"Chosen","floor":22,"turns":3},{"damage":41,"enemies":"Book of Stabbing","floor":23,"turns":5},{"damage":33,"enemies":"Centurion and Healer","floor":25,"turns":4},{"damage":19,"enemies":"Shelled Parasite and Fungi","floor":28,"turns":4},{"damage":11,"enemies":"Snecko","floor":29,"turns":3},{"damage":17,"enemies":"Centurion and Healer","floor":30,"turns":4},{"damage":77,"enemies":"Collector","floor":33,"turns":6}],"seed_played":"-1753775824771786548","potions_obtained":[{"floor":2,"key":"Fire Potion"},{"floor":5,"key":"SkillPotion"},{"floor":11,"key":"Poison Potion"},{"floor":22,"key":"Weak Potion"},{"floor":29,"key":"EssenceOfSteel"}],"is_trial":false,"path_per_floor":["M","M","M","?","M","R","M","R","T","R","M","?","R","E","R","B",null,"M","?","?","?","M","E","R","M","T","R","M","M","M","$","R","B"],"character_chosen":"IRONCLAD","items_purchased":["Pantograph","Seeing Red","Secret Technique"],"campfire_rested":1,"item_purchase_floors":[31,31,31],"current_hp_per_floor":[72,72,67,72,59,65,55,64,64,73,66,66,75,49,58,54,85,80,64,63,63,63,26,38,13,13,43,32,29,18,18,33,0],"gold":23,"neow_bonus":"BOSS_RELIC","is_prod":false,"is_daily":false,"chose_seed":false,"campfire_upgraded":7,"win_rate":0.0,"timestamp":1546586322,"path_taken":["M","M","M","?","M","R","M","R","T","R","M","?","R","E","R","BOSS","M","?","?","?","M","E","R","M","T","R","M","M","M","$","R","BOSS"],"build_version":"2019-01-03v2","purchased_purges":0,"victory":false,"max_hp_per_floor":[80,80,80,85,85,85,85,85,85,85,85,85,85,85,85,85,85,85,90,63,63,63,63,63,63,63,63,63,63,63,63,63,63],"card_choices":[{"not_picked":["Body Slam","Sever Soul"],"picked":"Rampage","floor":1},{"not_picked":["Cleave","Reckless Charge"],"picked":"Carnage","floor":2},{"not_picked":["Headbutt","Seeing Red"],"picked":"Clash","floor":3},{"not_picked":["True Grit","Warcry"],"picked":"Headbutt","floor":5},{"not_picked":["Flex","Pummel"],"picked":"Clash","floor":7},{"not_picked":["Power Through","Sword Boomerang"],"picked":"Seeing Red","floor":11},{"not_picked":["Armaments","Feed"],"picked":"Seeing Red","floor":14},{"not_picked":["Bludgeon","Barricade"],"picked":"Demon Form","floor":16},{"not_picked":["Flex","Hemokinesis+1"],"picked":"Sword Boomerang","floor":18},{"not_picked":["Anger","Iron Wave"],"picked":"Fire Breathing+1","floor":22},{"not_picked":["True Grit","Perfected Strike","Flame Barrier"],"picked":"SKIP","floor":23},{"not_picked":["Warcry","Dropkick"],"picked":"Sword Boomerang+1","floor":25},{"not_picked":["Power Through+1","Body Slam+1"],"picked":"Infernal Blade","floor":28},{"not_picked":["Flex","Armaments+1"],"picked":"Headbutt+1","floor":29},{"not_picked":["Berserk","Sword Boomerang"],"picked":"Warcry+1","floor":30}],"player_experience":28768,"relics_obtained":[{"floor":9,"key":"Red Skull"},{"floor":14,"key":"Vajra"},{"floor":23,"key":"Ornamental Fan"},{"floor":26,"key":"Pen Nib"}],"event_choices":[{"damage_healed":0,"gold_gain":0,"player_choice":"Donut","damage_taken":0,"max_hp_gain":5,"max_hp_loss":0,"event_name":"Big Fish","floor":4,"gold_loss":0},{"damage_healed":0,"gold_gain":0,"player_choice":"Ignored","damage_taken":0,"max_hp_gain":0,"max_hp_loss":0,"event_name":"Golden Idol","floor":12,"gold_loss":0},{"damage_healed":0,"gold_gain":0,"player_choice":"Shed Blood","damage_taken":21,"max_hp_gain":5,"max_hp_loss":0,"event_name":"Forgotten Altar","floor":19,"gold_loss":0},{"damage_healed":0,"gold_gain":0,"player_choice":"Became a vampire","damage_taken":0,"max_hp_gain":0,"max_hp_loss":27,"event_name":"Vampires","floor":20,"gold_loss":0,"cards_obtained":["Bite","Bite","Bite","Bite","Bite"]},{"damage_healed":0,"gold_gain":99,"player_choice":"Stole From Cult","damage_taken":0,"max_hp_gain":0,"max_hp_loss":0,"event_name":"Nest","floor":21,"gold_loss":0}],"is_beta":false,"boss_relics":[{"not_picked":["Coffee Dripper","Mark of Pain"],"picked":"Runic Cube"}],"items_purged_floors":[],"is_endless":false,"potions_floor_spawned":[2,5,11,22,29],"killed_by":"Collector","ascension_level":0}