{"gold_per_floor":[11,11,11,23,23,23,54,66,91,101,101,101,136,153,153,257,257,241,241,241,257,2,19,19,19,19,19,32,45,45,63,63,63],"floor_reached":33,"playtime":1720,"items_purged":["Decay"],"score":334,"play_id":"a20f49d5-0d03-466a-9fc0-15f16b94b7e6","local_time":"20180716125358","is_ascension_mode":true,"campfire_choices":[{"floor":6,"key":"REST"},{"floor":12,"key":"REST"},{"floor":15,"key":"REST"},{"floor":25,"key":"REST"},{"data":"Neutralize","floor":27,"key":"SMITH"},{"floor":30,"key":"REST"},{"data":"Apotheosis","floor":32,"key":"SMITH"}],"neow_cost":"NO_GOLD","seed_source_timestamp":222803323448992,"circlet_count":0,"master_deck":["Defend_G","Defend_G","Defend_G","Defend_G","Strike_G","Strike_G","Strike_G","Strike_G","Survivor","Neutralize+1","All Out Attack","Dash","Poisoned Stab","Bouncing Flask","Backflip","Terror","Backflip","A Thousand Cuts","PiercingWail","Caltrops","Apotheosis+1","Well Laid Plans","All Out Attack+1","Skewer"],"relics":["Ring of the Snake","Ice Cream","Orichalcum","Happy Flower","Pantograph","Art of War","Eternal Feather","FaceOfCleric","Mummified Hand"],"potions_floor_usage":[7,16,23,28,29,33],"damage_taken":[{"damage":1,"enemies":"Jaw Worm","floor":1,"turns":4},{"damage":0,"enemies":"Cultist","floor":4,"turns":3},{"damage":28,"enemies":"Gremlin Nob","floor":7,"turns":4},{"damage":10,"enemies":"Small Slimes","floor":8,"turns":3},{"damage":0,"enemies":"Exordium Thugs","floor":10,"turns":4},{"damage":18,"enemies":"Lagavulin","floor":13,"turns":6},{"damage":0,"enemies":"Large Slime","floor":14,"turns":5},{"damage":21,"enemies":"Slime Boss","floor":16,"turns":10},{"damage":25,"enemies":"2 Thieves","floor":18,"turns":4},{"damage":23,"enemies":"Shell Parasite","floor":21,"turns":7},{"damage":1,"enemies":"Centurion and Healer","floor":23,"turns":8},{"damage":8,"enemies":"Cultist and Chosen","floor":28,"turns":5},{"damage":19,"enemies":"Slaver and Parasite","floor":29,"turns":6},{"damage":22,"enemies":"Chosen and Byrds","floor":31,"turns":6},{"damage":96,"enemies":"Collector","floor":33,"turns":7}],"seed_played":"3215185196049211857","potions_obtained":[{"floor":4,"key":"AttackPotion"},{"floor":10,"key":"Ancient Potion"},{"floor":13,"key":"AttackPotion"},{"floor":21,"key":"EssenceOfSteel"},{"floor":23,"key":"Weak Potion"},{"floor":29,"key":"Energy Potion"}],"is_trial":false,"path_per_floor":["M","?","?","M","$","R","E","M","T","M","?","R","E","M","R","B",null,"M","?","?","M","$","M","?","R","T","R","M","M","R","M","R"],"character_chosen":"THE_SILENT","items_purchased":["Apotheosis"],"campfire_rested":5,"item_purchase_floors":[22],"current_hp_per_floor":[62,55,55,55,55,70,42,32,32,32,32,53,35,35,56,49,65,40,40,40,18,18,18,18,47,47,55,48,30,60,39,47,0],"gold":63,"neow_bonus":"ONE_RARE_RELIC","is_prod":false,"is_daily":false,"chose_seed":false,"campfire_upgraded":2,"win_rate":0,"timestamp":1531760038,"path_taken":["M","?","?","M","$","R","E","M","T","M","?","R","E","?","R","BOSS","M","?","?","M","$","?","?","R","T","R","M","?","R","M","R","BOSS"],"build_version":"2018-07-12","purchased_purges":1,"victory":false,"max_hp_per_floor":[70,70,70,70,70,70,70,70,70,70,70,70,70,70,70,70,70,70,70,70,71,71,72,72,72,72,72,73,74,74,75,75,75],"card_choices":[{"not_picked":["Sucker Punch","Masterful Stab"],"picked":"All Out Attack","floor":1},{"not_picked":["Choke","Sucker Punch"],"picked":"Dash","floor":4},{"not_picked":["Endless Agony","Reflex"],"picked":"Poisoned Stab","floor":7},{"not_picked":["Poisoned Stab","Outmaneuver"],"picked":"Bouncing Flask","floor":8},{"not_picked":["Flying Knee","Expertise"],"picked":"Backflip","floor":10},{"not_picked":["Backflip","Outmaneuver"],"picked":"Terror","floor":13},{"not_picked":["Quick Slash","Tools of the Trade"],"picked":"Backflip","floor":14},{"not_picked":["Venomology","Storm of Steel"],"picked":"A Thousand Cuts","floor":16},{"not_picked":["Dagger Throw","Outmaneuver"],"picked":"PiercingWail","floor":18},{"not_picked":["Underhanded Strike+1","Reflex"],"picked":"Caltrops","floor":21},{"not_picked":["Heel Hook+1","Dagger Throw","Bane"],"picked":"SKIP","floor":23},{"not_picked":["Deadly Poison","Dagger Spray"],"picked":"Well Laid Plans","floor":28},{"not_picked":["Dagger Spray","Quick Slash"],"picked":"All Out Attack+1","floor":29},{"not_picked":["Acrobatics","Dagger Spray"],"picked":"Skewer","floor":31}],"player_experience":1147280,"relics_obtained":[{"floor":7,"key":"Orichalcum"},{"floor":9,"key":"Happy Flower"},{"floor":13,"key":"Art of War"},{"floor":26,"key":"Mummified Hand"}],"event_choices":[{"event_name":"Wheel of Change","player_choice":"Damage","floor":2,"damage_taken":0},{"event_name":"Living Wall","player_choice":"Forget","floor":3,"damage_taken":0},{"event_name":"Dead Adventurer","player_choice":"Searched \u00271\u0027 times","floor":11,"damage_taken":0},{"event_name":"FaceTrader","player_choice":"Trade","floor":19,"damage_taken":0},{"event_name":"Wheel of Change","player_choice":"Curse","floor":20,"damage_taken":0},{"event_name":"Purifier","player_choice":"One Purge","floor":24,"damage_taken":0}],"boss_relics":[{"not_picked":["Ectoplasm","Calling Bell"],"picked":"Eternal Feather"}],"items_purged_floors":[22],"is_endless":false,"potions_floor_spawned":[4,10,13,21,23,29],"killed_by":"Collector","ascension_level":6}