{"path_per_floor":["M","?","M","?","M","R","M","R","T","M","$","M","M","M","R","B",null,"M","M"],"character_chosen":"THE_SILENT","items_purchased":["Panache"],"gold_per_floor":[112,112,136,101,117,117,133,133,179,193,15,29,54,68,68,199,199,220,239,239],"floor_reached":20,"campfire_rested":2,"playtime":1347,"item_purchase_floors":[11],"current_hp_per_floor":[70,53,53,70,64,64,46,67,67,67,67,56,23,23,44,33,70,53,37,0],"items_purged":[],"gold":239,"score":187,"play_id":"298a9fcb-fabf-4731-adf0-8ad848b99935","local_time":"20180615131822","is_prod":false,"is_daily":false,"chose_seed":false,"is_ascension_mode":true,"campfire_upgraded":1,"win_rate":0,"timestamp":1529083102,"campfire_choices":[{"data":"Choke","floor":6,"key":"SMITH"},{"floor":8,"key":"REST"},{"floor":15,"key":"REST"}],"path_taken":["M","?","M","?","?","R","M","R","T","M","$","?","M","M","R","BOSS","M","M","M"],"build_version":"2018-06-14v2","seed_source_timestamp":121108105953880,"purchased_purges":0,"victory":false,"master_deck":["Defend_G","Defend_G","Defend_G","Defend_G","Defend_G","Strike_G","Strike_G","Strike_G","Strike_G","Strike_G","Survivor","Neutralize","Dodge and Roll","Flying Knee","Choke+1","Noxious Fumes","Adrenaline","Panache","Skewer","Flying Knee","Noxious Fumes","A Thousand Cuts","Cloak And Dagger","Bouncing Flask"],"max_hp_per_floor":[70,70,70,70,70,70,70,70,70,70,70,70,70,70,70,70,70,70,70,70],"relics":["Ring of the Snake","Anchor","Golden Idol","Oddly Smooth Stone","White Beast Statue"],"card_choices":[{"not_picked":["Eviscerate","Flying Knee"],"picked":"Dodge and Roll","floor":1},{"not_picked":["Dodge and Roll","Poisoned Stab"],"picked":"Flying Knee","floor":3},{"not_picked":["Endless Agony","Backflip"],"picked":"Choke","floor":5},{"not_picked":["Outmaneuver","Bane"],"picked":"Noxious Fumes","floor":7},{"not_picked":["Flying Knee","Deadly Poison"],"picked":"Adrenaline","floor":10},{"not_picked":["Outmaneuver","Escape Plan"],"picked":"Skewer","floor":12},{"not_picked":["Deflect","Bane"],"picked":"Flying Knee","floor":13},{"not_picked":["Bane","Distraction"],"picked":"Noxious Fumes","floor":14},{"not_picked":["Venomology","Bullet Time"],"picked":"A Thousand Cuts","floor":16},{"not_picked":["Sucker Punch","Blade Dance+1"],"picked":"Cloak And Dagger","floor":18},{"not_picked":["Escape Plan","PiercingWail"],"picked":"Bouncing Flask","floor":19}],"player_experience":580412,"potions_floor_usage":[16,16,18,19,20],"damage_taken":[{"damage":0,"enemies":"2 Louse","floor":1,"turns":3},{"damage":0,"enemies":"Small Slimes","floor":3,"turns":6},{"damage":6,"enemies":"Jaw Worm","floor":5,"turns":4},{"damage":18,"enemies":"2 Fungi Beasts","floor":7,"turns":5},{"damage":0,"enemies":"Large Slime","floor":10,"turns":6},{"damage":11,"enemies":"Lots of Slimes","floor":12,"turns":4},{"damage":33,"enemies":"Gremlin Gang","floor":13,"turns":5},{"damage":0,"enemies":"Blue Slaver","floor":14,"turns":3},{"damage":11,"enemies":"Slime Boss","floor":16,"turns":9},{"damage":17,"enemies":"Spheric Guardian","floor":18,"turns":5},{"damage":16,"enemies":"Shell Parasite","floor":19,"turns":6},{"damage":44,"enemies":"Cultist and Chosen","floor":20,"turns":5}],"relics_obtained":[{"floor":9,"key":"Oddly Smooth Stone"}],"event_choices":[{"event_name":"Golden Idol","player_choice":"Take Damage","floor":2,"damage_taken":0},{"event_name":"The Cleric","player_choice":"Healed","floor":4,"damage_taken":0}],"boss_relics":[{"not_picked":["Velvet Choker","Pandora\u0027s Box"],"picked":"White Beast Statue"}],"items_purged_floors":[],"is_endless":false,"potions_floor_spawned":[1,3,13,16,18,19],"seed_played":"-8006986460128856781","killed_by":"Cultist and Chosen","ascension_level":2,"potions_obtained":[{"floor":1,"key":"Swift Potion"},{"floor":3,"key":"PowerPotion"},{"floor":13,"key":"AttackPotion"},{"floor":16,"key":"GamblersBrew"},{"floor":18,"key":"AttackPotion"},{"floor":19,"key":"LiquidBronze"}],"is_trial":false}