{"gold_per_floor":[110,285,285,16,27,58,75,109,109,120,152,152,182,202,202,302,302,227,177,177,2,2,2,2,2,2,2,2,2,2,2,2,2,2,2,2,2,2,2,2,2,2,2,2],"floor_reached":44,"playtime":4047,"items_purged":["Strike_G","Strike_G+1"],"score":840,"play_id":"b0101d34-e61a-4c20-82d9-6bed387d8c68","local_time":"20180807165902","is_ascension_mode":true,"campfire_choices":[{"data":"Neutralize","floor":12,"key":"SMITH"},{"data":"After Image","floor":15,"key":"SMITH"},{"floor":24,"key":"REST"},{"floor":29,"key":"REST"},{"floor":32,"key":"REST"},{"floor":40,"key":"REST"}],"neow_cost":"","seed_source_timestamp":1000127458864769,"circlet_count":0,"master_deck":["Defend_G+1","Defend_G+1","Defend_G+1","Defend_G+1","Defend_G+1","Strike_G+1","Strike_G+1","Strike_G+1","Survivor","Neutralize+1","AscendersBane","Bane","After Image+1","Backstab","Blade Dance","Poisoned Stab","Footwork","Bane","All Out Attack","Deadly Poison","Catalyst","Tactician","Deflect","Malaise","Crippling Poison","Well Laid Plans","Backflip","Infinite Blades","Flying Knee","Poisoned Stab","Blur+1","Acrobatics+1","Malaise+1","Skewer","Writhe","Dodge and Roll+1","Eviscerate","Blur+1"],"relics":["Ring of the Snake","Oddly Smooth Stone","Tingsha","Dodecahedron","Pear","Smiling Mask","Ectoplasm","Orichalcum","Toxic Egg 2","Regal Pillow","Anchor","Snecko Eye","Potion Belt","Old Coin","Blue Candle"],"potions_floor_usage":[6,8,13,16,27,33,33,44],"damage_taken":[{"damage":1,"enemies":"Small Slimes","floor":1,"turns":4},{"damage":0,"enemies":"2 Louse","floor":5,"turns":3},{"damage":3,"enemies":"3 Sentries","floor":6,"turns":12},{"damage":5,"enemies":"Cultist","floor":7,"turns":4},{"damage":8,"enemies":"Lagavulin","floor":8,"turns":5},{"damage":3,"enemies":"2 Fungi Beasts","floor":10,"turns":3},{"damage":16,"enemies":"3 Sentries","floor":11,"turns":9},{"damage":6,"enemies":"Lagavulin","floor":13,"turns":7},{"damage":6,"enemies":"Exordium Wildlife","floor":14,"turns":3},{"damage":22,"enemies":"Hexaghost","floor":16,"turns":10},{"damage":9,"enemies":"2 Thieves","floor":18,"turns":5},{"damage":1,"enemies":"Chosen","floor":22,"turns":5},{"damage":33,"enemies":"Slavers","floor":23,"turns":5},{"damage":15,"enemies":"Gremlin Leader","floor":25,"turns":11},{"damage":0,"enemies":"Snecko","floor":27,"turns":5},{"damage":27,"enemies":"Slavers","floor":30,"turns":7},{"damage":6,"enemies":"Centurion and Healer","floor":31,"turns":8},{"damage":71,"enemies":"Champ","floor":33,"turns":17},{"damage":7,"enemies":"3 Darklings","floor":35,"turns":6},{"damage":2,"enemies":"Orb Walker","floor":37,"turns":6},{"damage":1,"enemies":"Maw","floor":38,"turns":11},{"damage":33,"enemies":"Flame Bruiser 2 Orb","floor":39,"turns":10},{"damage":29,"enemies":"Nemesis","floor":41,"turns":11},{"damage":21,"floor":42,"turns":7},{"damage":54,"enemies":"Transient","floor":44,"turns":5}],"seed_played":"-103652682709176703","potions_obtained":[{"floor":5,"key":"EssenceOfSteel"},{"floor":6,"key":"SpeedPotion"},{"floor":7,"key":"AttackPotion"},{"floor":11,"key":"Ancient Potion"},{"floor":14,"key":"FearPotion"},{"floor":23,"key":"Dexterity Potion"},{"floor":25,"key":"Regen Potion"},{"floor":30,"key":"Strength Potion"},{"floor":31,"key":"Block Potion"},{"floor":33,"key":"Ancient Potion"},{"floor":35,"key":"Regen Potion"}],"is_trial":false,"path_per_floor":["M","?","?","$","M","E","M","E","T","M","E","R","E","M","R","B",null,"M","$","?","$","M","E","R","E","T","M","?","R","E","M","R","B",null,"M","?","M","M","M","R","E","?","T"],"character_chosen":"THE_SILENT","items_purchased":["After Image","Backstab","Blade Dance","Well Laid Plans","Backflip"],"campfire_rested":4,"item_purchase_floors":[4,4,4,21,21],"current_hp_per_floor":[62,62,62,62,62,59,54,46,46,43,37,37,31,25,25,3,61,52,52,52,52,51,18,42,27,27,27,53,80,53,47,80,13,63,56,76,74,73,40,79,50,29,29,0],"gold":2,"neow_bonus":"","is_prod":false,"is_daily":false,"chose_seed":false,"campfire_upgraded":2,"win_rate":0,"timestamp":1533679142,"path_taken":["M","?","?","$","M","E","M","E","T","M","E","R","E","?","R","BOSS","M","$","?","$","M","E","R","E","T","M","?","R","E","M","R","BOSS","M","?","?","M","M","R","E","?","T","M"],"build_version":"2018-08-06","purchased_purges":2,"victory":false,"max_hp_per_floor":[70,70,70,70,70,70,70,70,70,70,80,80,80,80,80,80,80,80,80,80,80,80,80,80,80,80,80,80,80,80,80,80,80,80,80,80,80,80,80,80,80,80,80,80],"card_choices":[{"not_picked":["Outmaneuver","Deflect"],"picked":"Bane","floor":1},{"not_picked":["Dagger Throw","Backflip"],"picked":"Poisoned Stab","floor":5},{"not_picked":["Dash","Malaise"],"picked":"Footwork","floor":6},{"not_picked":["Choke","Dodge and Roll"],"picked":"Bane","floor":7},{"not_picked":["Setup","Bane"],"picked":"All Out Attack","floor":8},{"not_picked":["Riddle With Holes","PiercingWail"],"picked":"Deadly Poison","floor":10},{"not_picked":["Calculated Gamble","Underhanded Strike"],"picked":"Catalyst","floor":11},{"not_picked":["Quick Slash","Masterful Stab"],"picked":"Tactician","floor":13},{"not_picked":["Accuracy","Outmaneuver"],"picked":"Deflect","floor":14},{"not_picked":["Adrenaline","A Thousand Cuts"],"picked":"Malaise","floor":16},{"not_picked":["Blade Dance","Poisoned Stab"],"picked":"Crippling Poison","floor":18},{"not_picked":["Accuracy+1","Blade Dance"],"picked":"Infinite Blades","floor":22},{"not_picked":["Masterful Stab","Sucker Punch"],"picked":"Flying Knee","floor":23},{"not_picked":["Dagger Throw","Sucker Punch"],"picked":"Poisoned Stab","floor":25},{"not_picked":["Concentrate+1","Outmaneuver+1","Dash"],"picked":"SKIP","floor":27},{"not_picked":["Eviscerate","Dagger Spray"],"picked":"Blur+1","floor":30},{"not_picked":["Well Laid Plans+1","Sucker Punch+1"],"picked":"Acrobatics+1","floor":31},{"not_picked":["Glass Knife","Grand Finale"],"picked":"Malaise+1","floor":33},{"not_picked":["Underhanded Strike","Slice+1"],"picked":"Skewer","floor":35},{"not_picked":["Outmaneuver+1","Flying Knee+1"],"picked":"Dodge and Roll+1","floor":37},{"not_picked":["Bane+1","Poisoned Stab+1","Slice+1"],"picked":"SKIP","floor":38},{"not_picked":["Backstab+1","Riddle With Holes+1"],"picked":"Eviscerate","floor":39},{"not_picked":["Cloak And Dagger+1","Riddle With Holes+1"],"picked":"Blur+1","floor":41}],"player_experience":363275,"relics_obtained":[{"floor":6,"key":"Oddly Smooth Stone"},{"floor":8,"key":"Tingsha"},{"floor":9,"key":"Dodecahedron"},{"floor":11,"key":"Pear"},{"floor":13,"key":"Smiling Mask"},{"floor":23,"key":"Orichalcum"},{"floor":25,"key":"Toxic Egg 2"},{"floor":26,"key":"Regal Pillow"},{"floor":30,"key":"Anchor"},{"floor":41,"key":"Potion Belt"},{"floor":42,"key":"Old Coin"},{"floor":43,"key":"Blue Candle"}],"event_choices":[{"event_name":"Liars Game","player_choice":"agreed","floor":2,"damage_taken":0},{"event_name":"Fountain of Cleansing","player_choice":"Removed Curse","floor":3,"damage_taken":0},{"event_name":"Back to Basics","player_choice":"Simplicity","floor":20,"damage_taken":0},{"event_name":"The Library","player_choice":"Heal","floor":28,"damage_taken":0},{"event_name":"Winding Halls","player_choice":"Writhe","floor":36,"damage_taken":0},{"event_name":"Mysterious Sphere","player_choice":"Fight","floor":42,"damage_taken":0}],"is_beta":true,"boss_relics":[{"not_picked":["Astrolabe","Philosopher\u0027s Stone"],"picked":"Ectoplasm"},{"not_picked":["HoveringKite","Velvet Choker"],"picked":"Snecko Eye"}],"items_purged_floors":[19,21],"is_endless":false,"potions_floor_spawned":[5,6,7,11,14,23,25,30,31,33,35,37],"killed_by":"Transient","ascension_level":11}