{"gold_per_floor":[116,291,24,42,42,77,77,89,89,18,18,51,67,67,67,139,139,150,169,42,42,42,42,76,76,76,39,39,57,57,68,68,142,192,210,229,229,229,249,249,249,249,249,260,278,72,72],"floor_reached":47,"playtime":2056,"items_purged":["Doubt","Strike_G","Pain"],"score":824,"play_id":"34e5f732-2d0c-42ef-a5a3-f6f6e154da99","local_time":"20181119194333","is_ascension_mode":true,"campfire_choices":[{"floor":7.0,"key":"RECALL"},{"floor":11.0,"key":"REST"},{"floor":15.0,"key":"REST"},{"floor":23.0,"key":"REST"},{"floor":32.0,"key":"REST"},{"floor":40,"key":"REST"},{"data":"Catalyst","floor":42,"key":"SMITH"}],"neow_cost":"NONE","seed_source_timestamp":157566736705879,"circlet_count":0,"master_deck":["AscendersBane","Defend_G","Defend_G+1","Defend_G","Defend_G","Defend_G","Strike_G","Strike_G","Survivor","Neutralize","Deadly Poison","Predator","Dagger Throw","Bouncing Flask","Envenom+1","Dagger Throw","Poisoned Stab+1","Backflip","Quick Slash+1","Well Laid Plans+1","Burst","Leg Sweep","Riddle With Holes+1","Dagger Spray+1","Writhe","Noxious Fumes+1","Backflip","Writhe","Dash+1","Crippling Poison","Envenom+1","Bane+1","Catalyst+1","PiercingWail","Dash+1","Backflip","Parasite","Escape Plan+1","Footwork+1","Backflip","Noxious Fumes+1"],"special_seed":0,"relics":["Runic Dome","Pen Nib","Frozen Egg 2","Molten Egg 2","Boot","Cursed Key","Centennial Puzzle","Bottled Tornado","Prayer Wheel","Tiny House","Mercury Hourglass"],"potions_floor_usage":[33,35,36,36,37,44,45,45],"damage_taken":[{"damage":2.0,"enemies":"Small Slimes","floor":1.0,"turns":5.0},{"damage":1.0,"enemies":"2 Louse","floor":4.0,"turns":2.0},{"damage":7.0,"enemies":"Gremlin Nob","floor":6.0,"turns":3.0},{"damage":6.0,"enemies":"Cultist","floor":8.0,"turns":3.0},{"damage":21.0,"enemies":"3 Sentries","floor":12.0,"turns":5.0},{"damage":21.0,"enemies":"Exordium Thugs","floor":13.0,"turns":3.0},{"damage":23.0,"enemies":"Hexaghost","floor":16.0,"turns":8.0},{"damage":11.0,"enemies":"Spheric Guardian","floor":18.0,"turns":3.0},{"damage":7.0,"enemies":"3 Byrds","floor":19.0,"turns":3.0},{"damage":54.0,"enemies":"Book of Stabbing","floor":24.0,"turns":6.0},{"damage":0.0,"enemies":"Snake Plant","floor":25.0,"turns":1.0},{"damage":5.0,"enemies":"Snecko","floor":29.0,"turns":3.0},{"damage":0.0,"enemies":"3 Cultists","floor":31.0,"turns":4.0},{"damage":34,"enemies":"Champ","floor":33,"turns":9},{"damage":10,"enemies":"3 Shapes","floor":35,"turns":5},{"damage":13,"enemies":"Orb Walker","floor":36,"turns":3},{"damage":0,"enemies":"Transient","floor":37,"turns":1},{"damage":25,"enemies":"Spire Growth","floor":39,"turns":4},{"damage":38,"enemies":"Jaw Worm Horde","floor":44,"turns":4},{"damage":16,"enemies":"3 Darklings","floor":45,"turns":5},{"damage":4,"enemies":"Sphere and 2 Shapes","floor":47,"turns":1}],"seed_played":"2593471222484459654","potions_obtained":[{"floor":6.0,"key":"PowerPotion"},{"floor":12.0,"key":"Fire Potion"},{"floor":16.0,"key":"EntropicBrew"},{"floor":29.0,"key":"SpeedPotion"},{"floor":31.0,"key":"GamblersBrew"},{"floor":33,"key":"Weak Potion"},{"floor":34,"key":"Poison Potion"},{"floor":35,"key":"EntropicBrew"},{"floor":39,"key":"GhostInAJar"},{"floor":44,"key":"Fire Potion"}],"is_trial":false,"path_per_floor":["M","?","$","M","?","E","R","M","T","$","R","E","M","?","R","B",null,"M","M","$","?","?","R","E","M","T","$","?","M","?","M","R","B",null,"M","M","M","?","M","R","T","R","T","M","M","$","M"],"character_chosen":"THE_SILENT","items_purchased":["Pen Nib","Predator","Poisoned Stab+1","Backflip","Dagger Spray+1","Noxious Fumes+1","Noxious Fumes+1"],"campfire_rested":5,"item_purchase_floors":[3,3,10,10,20,27,46],"current_hp_per_floor":[57,57,57,56,56,49,49,43,43,43,62,41,20,20,39,16,54,43,36,36,36,36,55,1,1,1,1,23,18,18,18,37,3,55,45,32,32,62,37,55,55,55,55,17,1,1,0],"gold":72,"neow_bonus":"BOSS_RELIC","is_prod":false,"is_daily":false,"chose_seed":false,"campfire_upgraded":1,"win_rate":0,"timestamp":1542674613,"path_taken":["M","?","$","M","?","E","R","?","T","?","R","E","?","?","R","BOSS","M","M","$","?","?","R","E","M","T","$","?","?","?","M","R","BOSS","M","M","M","?","M","R","?","R","T","M","M","$","M"],"build_version":"2018-11-15","purchased_purges":3,"victory":false,"max_hp_per_floor":[66,66,66,66,66,66,66,66,66,66,66,66,66,66,66,66,66,66,66,66,66,66,66,66,66,66,66,66,66,66,66,66,66,71,71,71,71,62,62,62,62,62,62,62,62,62,62],"card_choices":[{"not_picked":["Acrobatics","Deflect"],"picked":"Deadly Poison","floor":1.0},{"not_picked":["Underhanded Strike","Prepared"],"picked":"Dagger Throw","floor":4.0},{"not_picked":["Quick Slash","Poisoned Stab"],"picked":"Envenom","floor":6.0},{"not_picked":["Sucker Punch","Deadly Poison"],"picked":"Dagger Throw","floor":8.0},{"not_picked":["Flechettes+1","Deflect"],"picked":"Quick Slash+1","floor":12.0},{"not_picked":["Underhanded Strike+1","Bane+1"],"picked":"Well Laid Plans+1","floor":13.0},{"not_picked":["Glass Knife+1","Die Die Die+1"],"picked":"Burst","floor":16.0},{"not_picked":["Bane+1","Cloak And Dagger"],"picked":"Leg Sweep","floor":18.0},{"not_picked":["Sucker Punch+1","Setup"],"picked":"Riddle With Holes+1","floor":19.0},{"not_picked":["All Out Attack+1","Calculated Gamble","Sucker Punch+1"],"picked":"SKIP","floor":24.0},{"not_picked":["Cloak And Dagger","Dagger Throw+1"],"picked":"Backflip","floor":29.0},{"not_picked":["Outmaneuver","Sucker Punch+1"],"picked":"Dash+1","floor":31.0},{"not_picked":["Flying Knee+1","Calculated Gamble"],"picked":"Crippling Poison","floor":31.0},{"not_picked":["Night Terror","Venomology"],"picked":"Envenom+1","floor":33},{"not_picked":["Outmaneuver","Sucker Punch+1"],"picked":"Bane+1","floor":34},{"not_picked":["Blade Dance","Deadly Poison"],"picked":"Catalyst","floor":35},{"not_picked":["All Out Attack+1","Reflex","Skewer+1"],"picked":"SKIP","floor":35},{"not_picked":["Dagger Spray+1","Prepared"],"picked":"PiercingWail","floor":36},{"not_picked":["Bouncing Flask","Deflect"],"picked":"Dash+1","floor":36},{"not_picked":["Infinite Blades+1","Dagger Throw+1"],"picked":"Backflip","floor":39},{"not_picked":["Venomology","Acrobatics","Flying Knee+1"],"picked":"SKIP","floor":39},{"not_picked":["Prepared+1","Underhanded Strike+1"],"picked":"Escape Plan+1","floor":44},{"not_picked":["Cloak And Dagger+1","Leg Sweep+1"],"picked":"Footwork+1","floor":44},{"not_picked":["All Out Attack+1","Distraction"],"picked":"Backflip","floor":45},{"not_picked":["Eviscerate+1","Reflex+1","Predator+1"],"picked":"SKIP","floor":45}],"player_experience":1719113,"relics_obtained":[{"floor":6.0,"key":"Frozen Egg 2"},{"floor":9.0,"key":"Molten Egg 2"},{"floor":12.0,"key":"Boot"},{"floor":24.0,"key":"Centennial Puzzle"},{"floor":26.0,"key":"Bottled Tornado"},{"floor":43,"key":"Mercury Hourglass"}],"event_choices":[{"damage_healed":0.0,"max_hp_gain":0.0,"max_hp_loss":0.0,"gold_gain":175.0,"event_name":"Liars Game","player_choice":"AGREE","floor":2.0,"gold_loss":0.0,"damage_taken":0.0,"cards_obtained":["Doubt"]},{"damage_healed":0.0,"max_hp_gain":0.0,"max_hp_loss":0.0,"gold_gain":0.0,"cards_transformed":["Strike_G"],"event_name":"Transmorgrifier","player_choice":"Transformed","floor":5.0,"gold_loss":0.0,"damage_taken":0.0,"cards_obtained":["Bouncing Flask"]},{"cards_removed":["Strike_G"],"damage_healed":0.0,"max_hp_gain":0.0,"max_hp_loss":0.0,"gold_gain":0.0,"event_name":"Living Wall","player_choice":"Forget","floor":14.0,"gold_loss":0.0,"damage_taken":0.0},{"damage_healed":0.0,"max_hp_gain":0.0,"max_hp_loss":0.0,"gold_gain":0.0,"event_name":"Ghosts","player_choice":"Ignored","floor":21.0,"gold_loss":0.0,"damage_taken":0.0},{"damage_healed":0.0,"max_hp_gain":0.0,"max_hp_loss":0.0,"gold_gain":0.0,"event_name":"Vampires","player_choice":"Ignored","floor":22.0,"gold_loss":0.0,"damage_taken":0.0},{"damage_healed":22.0,"max_hp_gain":0.0,"max_hp_loss":0.0,"gold_gain":0.0,"event_name":"The Library","player_choice":"Heal","floor":28.0,"gold_loss":0.0,"damage_taken":0.0},{"damage_healed":0.0,"max_hp_gain":0.0,"max_hp_loss":0.0,"gold_gain":0.0,"event_name":"The Mausoleum","player_choice":"Opened","floor":30.0,"gold_loss":0.0,"damage_taken":0.0,"relics_obtained":["Prayer Wheel"],"cards_obtained":["Writhe"]},{"damage_healed":62,"gold_gain":0,"player_choice":"Heal","damage_taken":0,"max_hp_gain":0,"max_hp_loss":9,"event_name":"The Moai Head","floor":38,"gold_loss":0}],"is_beta":false,"boss_relics":[{"not_picked":["Busted Crown","Black Star"],"picked":"Cursed Key"},{"not_picked":["Orrery","Calling Bell"],"picked":"Tiny House"}],"items_purged_floors":[3,20,46],"is_endless":false,"potions_floor_spawned":[6,12,16,25,29,31,33,35,39,44],"killed_by":"Sphere and 2 Shapes","ascension_level":14}