{"gold_per_floor":[115,130,130,141,151,151,151,165,244,244,261,261,261,286,286,388,388,404,329,23,23,43,43,70,70,70,70,70,100,100,115,115,220,220,232,244,244,244,244,244,40,40,64,83,98,113,113,113,113,113],"floor_reached":51,"playtime":2029,"items_purged":[],"score":919,"play_id":"a126df41-18a5-406c-b242-80af8547139e","local_time":"20190110201046","is_ascension_mode":true,"campfire_choices":[{"data":"Iron Wave","floor":6,"key":"SMITH"},{"data":"Inflame","floor":12,"key":"SMITH"},{"data":"Armaments","floor":15,"key":"SMITH"},{"data":"Bludgeon","floor":23,"key":"SMITH"},{"data":"Double Tap","floor":25,"key":"SMITH"},{"data":"Iron Wave","floor":30,"key":"SMITH"},{"data":"Warcry","floor":32,"key":"SMITH"},{"data":"Limit Break","floor":40,"key":"SMITH"},{"floor":47,"key":"REST"},{"floor":49,"key":"REST"}],"neow_cost":"NONE","seed_source_timestamp":500333479760393,"circlet_count":0,"master_deck":["Strike_R","Defend_R","Defend_R","Defend_R","Bash","Clash","Iron Wave+1","Shockwave+1","Warcry+1","Inflame+1","Armaments+1","Double Tap+1","Uppercut+1","Ghostly Armor","Bludgeon+1","Iron Wave+1","Flame Barrier+1","Body Slam","Limit Break+1","Metallicize","Infernal Blade+1","Mayhem","Metallicize","Twin Strike+1","Body Slam+1"],"relics":["Burning Blood","Bottled Flame","Bottled Tornado","Odd Mushroom","Runic Dome","Membership Card","Juzu Bracelet","Self Forming Clay","Mercury Hourglass","Tiny Chest","White Beast Statue","Strange Spoon","Shuriken","Vajra"],"potions_floor_usage":[14,33,33,50,50],"damage_taken":[{"damage":1,"enemies":"Cultist","floor":1,"turns":4},{"damage":0,"enemies":"Jaw Worm","floor":2,"turns":3},{"damage":1,"enemies":"Small Slimes","floor":4,"turns":3},{"damage":14,"enemies":"Looter","floor":5,"turns":3},{"damage":11,"enemies":"Large Slime","floor":8,"turns":5},{"damage":1,"enemies":"Blue Slaver","floor":11,"turns":4},{"damage":0,"enemies":"The Mushroom Lair","floor":14,"turns":3},{"damage":37,"enemies":"The Guardian","floor":16,"turns":9},{"damage":0,"enemies":"Chosen","floor":18,"turns":3},{"damage":5,"enemies":"Shell Parasite","floor":22,"turns":4},{"damage":9,"enemies":"Book of Stabbing","floor":24,"turns":5},{"damage":2,"enemies":"Chosen and Byrds","floor":31,"turns":5},{"damage":20,"enemies":"Collector","floor":33,"turns":10},{"damage":23,"enemies":"3 Darklings","floor":35,"turns":4},{"damage":0,"enemies":"3 Shapes","floor":36,"turns":5},{"damage":7,"enemies":"Writhing Mass","floor":44,"turns":3},{"damage":31,"enemies":"Transient","floor":45,"turns":5},{"damage":20,"enemies":"4 Shapes","floor":46,"turns":7},{"damage":59,"enemies":"Donu and Deca","floor":50,"turns":8}],"seed_played":"-358094658548290429","potions_obtained":[{"floor":2,"key":"Explosive Potion"},{"floor":5,"key":"SpeedPotion"},{"floor":14,"key":"SkillPotion"},{"floor":22,"key":"Explosive Potion"},{"floor":33,"key":"GamblersBrew"},{"floor":35,"key":"SteroidPotion"},{"floor":36,"key":"Fire Potion"},{"floor":46,"key":"Regen Potion"}],"is_trial":false,"path_per_floor":["M","M","T","M","M","R","?","M","T","?","M","R","?","?","R","B",null,"M","?","$","?","M","R","E","R","T","T","?","?","R","M","R","B",null,"M","M","?","?","?","R","$","T","T","M","M","M","R","?","R","B",null],"character_chosen":"IRONCLAD","items_purchased":["Membership Card","Ghostly Armor","Bludgeon","Mayhem","Strange Spoon","Metallicize"],"campfire_rested":2,"item_purchase_floors":[20,20,20,41,41,41],"current_hp_per_floor":[77,80,80,80,72,72,72,67,67,72,77,77,70,76,76,45,75,81,81,81,81,82,82,79,79,79,79,71,71,71,75,75,61,79,62,68,68,68,68,68,68,68,68,67,42,28,52,52,76,38],"gold":113,"neow_bonus":"TRANSFORM_CARD","is_prod":false,"is_daily":false,"chose_seed":false,"campfire_upgraded":8,"win_rate":0,"timestamp":1547118646,"path_taken":["M","M","?","M","M","R","?","?","T","?","M","R","?","?","R","BOSS","M","?","$","?","M","R","E","R","T","?","?","?","R","M","R","BOSS","M","M","?","?","?","R","$","?","T","M","M","M","R","?","R","BOSS"],"build_version":"2019-01-03v4","purchased_purges":0,"victory":true,"max_hp_per_floor":[80,80,80,80,80,80,80,80,80,85,85,85,85,85,85,85,85,85,85,85,85,85,85,85,85,85,85,85,85,85,85,85,85,85,85,85,81,81,81,81,81,81,81,81,81,81,81,81,81,81],"card_choices":[{"not_picked":["Sword Boomerang","Hemokinesis"],"picked":"Iron Wave","floor":1},{"not_picked":["Armaments","Blood for Blood"],"picked":"Shockwave","floor":2},{"not_picked":["Feel No Pain","Anger"],"picked":"Warcry","floor":4},{"not_picked":["Wild Strike","Fire Breathing","Feel No Pain"],"picked":"SKIP","floor":5},{"not_picked":["Reckless Charge","Rupture"],"picked":"Inflame","floor":8},{"not_picked":["Power Through","Sentinel","Flex"],"picked":"SKIP","floor":11},{"not_picked":["Evolve","Infernal Blade"],"picked":"Armaments","floor":14},{"not_picked":["Reaper","Juggernaut"],"picked":"Double Tap","floor":16},{"not_picked":["Twin Strike+1","True Grit"],"picked":"Uppercut+1","floor":18},{"not_picked":["Armaments+1","Warcry"],"picked":"Iron Wave","floor":22},{"not_picked":["Heavy Blade","Feel No Pain+1"],"picked":"Flame Barrier+1","floor":24},{"not_picked":["Cleave","Clothesline"],"picked":"Body Slam","floor":31},{"not_picked":["Impervious","Offering"],"picked":"Limit Break","floor":33},{"not_picked":["Combust","Anger+1"],"picked":"Metallicize","floor":35},{"not_picked":["Shockwave+1","Shrug It Off"],"picked":"Infernal Blade+1","floor":36},{"not_picked":["Warcry+1","Hemokinesis+1"],"picked":"Twin Strike+1","floor":44},{"not_picked":["Pummel+1","Cleave","Rupture"],"picked":"SKIP","floor":45},{"not_picked":["Warcry","Armaments"],"picked":"Body Slam+1","floor":46}],"player_experience":357367,"relics_obtained":[{"floor":3,"key":"Bottled Flame"},{"floor":9,"key":"Bottled Tornado"},{"floor":14,"key":"Odd Mushroom"},{"floor":24,"key":"Juzu Bracelet"},{"floor":26,"key":"Self Forming Clay"},{"floor":27,"key":"Mercury Hourglass"},{"floor":42,"key":"Shuriken"},{"floor":43,"key":"Vajra"}],"event_choices":[{"damage_healed":0,"gold_gain":0,"player_choice":"Forge","damage_taken":0,"max_hp_gain":0,"max_hp_loss":0,"event_name":"Accursed Blacksmith","floor":7,"gold_loss":0,"cards_upgraded":["Shockwave"]},{"damage_healed":0,"gold_gain":0,"player_choice":"Donut","damage_taken":0,"max_hp_gain":5,"max_hp_loss":0,"event_name":"Big Fish","floor":10,"gold_loss":0},{"cards_removed":["Strike_R"],"damage_healed":0,"gold_gain":0,"player_choice":"Card Removal","damage_taken":7,"max_hp_gain":0,"max_hp_loss":0,"event_name":"Golden Wing","floor":13,"gold_loss":0},{"damage_healed":0,"gold_gain":0,"player_choice":"Fought Mushrooms","damage_taken":0,"max_hp_gain":0,"max_hp_loss":0,"event_name":"Mushrooms","floor":14,"gold_loss":0},{"cards_removed":["Strike_R"],"damage_healed":0,"gold_gain":0,"player_choice":"Gave Gold","damage_taken":0,"max_hp_gain":0,"max_hp_loss":0,"event_name":"Beggar","floor":19,"gold_loss":75},{"damage_healed":0,"gold_gain":0,"player_choice":"Ignored","damage_taken":0,"max_hp_gain":0,"max_hp_loss":0,"event_name":"Vampires","floor":21,"gold_loss":0},{"damage_healed":0,"gold_gain":0,"player_choice":"","damage_taken":8,"max_hp_gain":0,"max_hp_loss":0,"event_name":"Knowing Skull","floor":28,"potions_obtained":[],"gold_loss":0,"cards_obtained":[]},{"damage_healed":0,"gold_gain":0,"player_choice":"Opened","damage_taken":0,"relics_obtained":["Tiny Chest"],"max_hp_gain":0,"max_hp_loss":0,"event_name":"The Mausoleum","floor":29,"gold_loss":0},{"damage_healed":0,"gold_gain":0,"player_choice":"Max HP","damage_taken":0,"max_hp_gain":0,"max_hp_loss":4,"event_name":"Winding Halls","floor":37,"gold_loss":0},{"damage_healed":0,"gold_gain":0,"player_choice":"Ignored","damage_taken":0,"max_hp_gain":0,"max_hp_loss":0,"event_name":"Mysterious Sphere","floor":38,"gold_loss":0},{"cards_removed":["Defend_R"],"damage_healed":0,"gold_gain":0,"player_choice":"Removed Skill","damage_taken":0,"max_hp_gain":0,"max_hp_loss":0,"event_name":"Falling","floor":39,"gold_loss":0},{"cards_removed":["Strike_R"],"damage_healed":0,"gold_gain":0,"player_choice":"Card Removal","damage_taken":0,"max_hp_gain":0,"max_hp_loss":0,"event_name":"Wheel of Change","floor":48,"gold_loss":0}],"is_beta":false,"boss_relics":[{"not_picked":["Runic Cube","Calling Bell"],"picked":"Runic Dome"},{"not_picked":["Philosopher\u0027s Stone","Fusion Hammer"],"picked":"White Beast Statue"}],"items_purged_floors":[],"is_endless":false,"potions_floor_spawned":[2,5,14,22,24,33,35,36,44,45,46],"ascension_level":8}