{"gold_per_floor":[109,135,135,135,14,46,46,62,62,62,14,14,45,56,56,133,133,143,143,103,118,118,118,80,93,116,128,140,166,194,4,4,81,131,142,157,82,182,201,201,201],"floor_reached":41,"playtime":2144,"items_purged":["Strike_R+1"],"score":717,"play_id":"f817003c-c7fb-4b11-a241-5e5e113df09d","local_time":"20190118082455","is_ascension_mode":true,"campfire_choices":[{"data":"True Grit","floor":7,"key":"SMITH"},{"data":"Bash","floor":10,"key":"SMITH"},{"data":"Feel No Pain","floor":12,"key":"SMITH"},{"data":"Pommel Strike","floor":15,"key":"SMITH"},{"floor":23,"key":"REST"},{"floor":32,"key":"REST"},{"floor":40,"key":"REST"}],"neow_cost":"NONE","seed_source_timestamp":88080359472045,"circlet_count":0,"master_deck":["AscendersBane","Strike_R+1","Strike_R+1","Strike_R+1","Strike_R+1","Defend_R+1","Defend_R+1","Defend_R+1","Defend_R+1","Bash+1","Hemokinesis+1","True Grit+1","Feel No Pain+1","Battle Trance","Dropkick+1","Spot Weakness","Pommel Strike+1","Dark Embrace+1","Clothesline","True Grit","Ghostly Armor","Disarm","Rage","Pommel Strike","Immolate","Rupture+1","Pommel Strike+1","Whirlwind","Sentinel"],"relics":["Burning Blood","NeowsBlessing","Boot","Oddly Smooth Stone","Mercury Hourglass","Strawberry","Mark of Pain","MawBank","HandDrill","Tiny House","Gambling Chip"],"potions_floor_usage":[16,25,33,33,35,38,41],"damage_taken":[{"damage":0,"enemies":"Cultist","floor":1,"turns":1},{"damage":0,"enemies":"Gremlin Nob","floor":6,"turns":1},{"damage":0,"enemies":"2 Louse","floor":8,"turns":1},{"damage":26,"enemies":"Lagavulin","floor":13,"turns":5},{"damage":2,"enemies":"Jaw Worm","floor":14,"turns":3},{"damage":65,"enemies":"The Guardian","floor":16,"turns":13},{"damage":24,"enemies":"3 Byrds","floor":18,"turns":5},{"damage":14,"enemies":"Chosen","floor":21,"turns":4},{"damage":7,"enemies":"Sentry and Sphere","floor":25,"turns":6},{"damage":0,"enemies":"Snake Plant","floor":29,"turns":7},{"damage":11,"enemies":"3 Cultists","floor":30,"turns":6},{"damage":80,"enemies":"Automaton","floor":33,"turns":12},{"damage":3,"enemies":"Orb Walker","floor":35,"turns":4},{"damage":25,"enemies":"3 Darklings","floor":36,"turns":6},{"damage":21,"enemies":"Mind Bloom Boss Battle","floor":38,"turns":10},{"damage":34,"enemies":"Spire Growth","floor":39,"turns":8},{"damage":45,"enemies":"Nemesis","floor":41,"turns":9}],"seed_played":"-4959491875863948142","potions_obtained":[{"floor":16,"key":"Dexterity Potion"},{"floor":18,"key":"Explosive Potion"},{"floor":25,"key":"PowerPotion"},{"floor":34,"key":"SkillPotion"},{"floor":35,"key":"BloodPotion"},{"floor":38,"key":"Weak Potion"}],"is_trial":false,"path_per_floor":["M","T","$","?","$","E","R","M","T","R","$","R","E","M","R","B",null,"M","?","?","M","?","R","$","M","T","$","?","M","M","$","R","B",null,"M","M","$","?","M","R","E"],"character_chosen":"IRONCLAD","items_purchased":["True Grit","Feel No Pain","Fire Potion","Ghostly Armor","HandDrill"],"campfire_rested":3,"item_purchase_floors":[5,5,11,24,31],"current_hp_per_floor":[74,74,74,74,74,75,75,75,75,75,75,75,62,66,66,7,63,45,45,45,37,37,61,61,60,60,60,60,66,61,61,82,8,69,72,53,53,46,18,44,0],"gold":201,"neow_bonus":"THREE_ENEMY_KILL","is_prod":false,"is_daily":false,"chose_seed":false,"campfire_upgraded":4,"win_rate":0,"timestamp":1547817895,"path_taken":["M","?","$","?","$","E","R","M","T","R","?","R","E","M","R","BOSS","M","?","?","?","?","R","?","M","T","$","?","?","M","$","R","BOSS","M","M","$","?","M","R","E"],"build_version":"2019-01-17v2","purchased_purges":1,"victory":false,"max_hp_per_floor":[75,75,75,75,75,75,75,75,75,75,75,75,82,82,82,82,82,82,82,82,82,82,82,82,82,82,82,82,82,82,82,82,82,87,87,87,87,87,87,87,87],"card_choices":[{"not_picked":["Clash","Shrug It Off"],"picked":"Hemokinesis","floor":1},{"not_picked":["Headbutt","Warcry"],"picked":"Battle Trance","floor":6},{"not_picked":["True Grit","Sword Boomerang"],"picked":"Dropkick","floor":8},{"not_picked":["True Grit","Shrug It Off"],"picked":"Spot Weakness","floor":13},{"not_picked":["Body Slam","Iron Wave"],"picked":"Pommel Strike","floor":14},{"not_picked":["Demon Form","Brutality"],"picked":"Dark Embrace","floor":16},{"not_picked":["Combust","Body Slam"],"picked":"Clothesline","floor":18},{"not_picked":["Headbutt","Armaments"],"picked":"True Grit","floor":21},{"not_picked":["Fire Breathing","Havoc"],"picked":"Disarm","floor":25},{"not_picked":["True Grit","Anger"],"picked":"Rage","floor":29},{"not_picked":["Heavy Blade","Cleave+1"],"picked":"Pommel Strike","floor":30},{"not_picked":["Exhume","Brutality"],"picked":"Immolate","floor":33},{"not_picked":["Warcry","Iron Wave"],"picked":"Rupture+1","floor":35},{"not_picked":["Armaments","Heavy Blade"],"picked":"Pommel Strike+1","floor":36},{"not_picked":["Flex","Impervious"],"picked":"Whirlwind","floor":38},{"not_picked":["Pommel Strike","Infernal Blade+1"],"picked":"Sentinel","floor":39}],"player_experience":2147055,"relics_obtained":[{"floor":2,"key":"Boot"},{"floor":6,"key":"Oddly Smooth Stone"},{"floor":9,"key":"Mercury Hourglass"},{"floor":13,"key":"Strawberry"},{"floor":26,"key":"MawBank"},{"floor":38,"key":"Gambling Chip"}],"event_choices":[{"damage_healed":0,"gold_gain":0,"player_choice":"Grow","damage_taken":0,"max_hp_gain":0,"max_hp_loss":0,"event_name":"Living Wall","floor":4,"gold_loss":0,"cards_upgraded":["Hemokinesis"]},{"damage_healed":0,"gold_gain":0,"player_choice":"Simplicity","damage_taken":0,"max_hp_gain":0,"max_hp_loss":0,"event_name":"Back to Basics","floor":19,"gold_loss":0,"cards_upgraded":["Strike_R","Strike_R","Strike_R","Strike_R","Strike_R","Defend_R","Defend_R","Defend_R","Defend_R"]},{"damage_healed":0,"gold_gain":0,"player_choice":"Upgrade","damage_taken":0,"max_hp_gain":0,"max_hp_loss":0,"event_name":"Designer","floor":20,"gold_loss":40,"cards_upgraded":["Dark Embrace"]},{"damage_healed":0,"gold_gain":0,"player_choice":"Got Potions","damage_taken":0,"max_hp_gain":0,"max_hp_loss":0,"event_name":"Lab","floor":22,"gold_loss":0},{"damage_healed":0,"gold_gain":0,"player_choice":"Ignored","damage_taken":0,"max_hp_gain":0,"max_hp_loss":0,"event_name":"Cursed Tome","floor":28,"gold_loss":0},{"damage_healed":0,"gold_gain":0,"player_choice":"Fight","damage_taken":0,"max_hp_gain":0,"max_hp_loss":0,"event_name":"MindBloom","floor":38,"gold_loss":0}],"is_beta":false,"boss_relics":[{"not_picked":["Philosopher\u0027s Stone","Runic Cube"],"picked":"Mark of Pain"},{"not_picked":["Cursed Key","Runic Pyramid"],"picked":"Tiny House"}],"items_purged_floors":[37],"is_endless":false,"potions_floor_spawned":[16,18,25,30,35,38],"killed_by":"Nemesis","ascension_level":14}