{"gold_per_floor":[113,63,63,63,75,75,89,89,89,103,128,140,73,91,91,193,193,210,227,227,244,343,373,49,49,119,153,165,165,210,228,228,331,331,346,346,358,377,40,40,57,57,57,57,57,23,38,48,48,48,48,48,11,42,42],"floor_reached":55,"playtime":4685,"items_purged":["Strike_B"],"score":699,"play_id":"f8580923-f3f8-4c29-837b-cb17ff9a1250","local_time":"20190123003243","is_ascension_mode":false,"campfire_choices":[{"data":"Zap","floor":6,"key":"SMITH"},{"data":"Conserve Battery","floor":8,"key":"SMITH"},{"data":"White Noise","floor":15,"key":"SMITH"},{"floor":25,"key":"REST"},{"floor":29,"key":"REST"},{"data":"Buffer","floor":32,"key":"SMITH"},{"data":"Static Discharge","floor":40,"key":"SMITH"},{"data":"Machine Learning","floor":42,"key":"SMITH"},{"floor":49,"key":"RECALL"},{"data":"Loop","floor":52,"key":"SMITH"}],"neow_cost":"NONE","seed_source_timestamp":263529664805853,"circlet_count":0,"master_deck":["Defend_B","Defend_B","Zap+1","Dualcast","Coolheaded","Conserve Battery+1","White Noise+1","Loop+1","Meteor Strike","Buffer+1","Static Discharge+1","Ball Lightning+1","Chill","Conserve Battery+1","Conserve Battery","Turbo+1","Conserve Battery+1","Machine Learning+1","Leap+1","Sweeping Beam+1","Loop","Capacitor+1","Darkness","Hello World","Rip and Tear","Capacitor+1","Loop+1","Aggregate","Static Discharge+1"],"relics":["Cracked Core","NeowsBlessing","FaceOfCleric","Mercury Hourglass","Runic Pyramid","Sundial","DollysMirror","Mummified Hand","Orichalcum","Dream Catcher","Astrolabe","Incense Burner","Gremlin Horn","Ornamental Fan","DataDisk"],"potions_floor_usage":[18,18,21,23,31,38,47,48,50,55],"damage_taken":[{"damage":0,"enemies":"2 Louse","floor":1,"turns":1},{"damage":0,"enemies":"Small Slimes","floor":5,"turns":1},{"damage":0,"enemies":"Cultist","floor":7,"turns":1},{"damage":15,"enemies":"Exordium Thugs","floor":10,"turns":5},{"damage":0,"enemies":"Lots of Slimes","floor":12,"turns":3},{"damage":1,"enemies":"Red Slaver","floor":14,"turns":3},{"damage":23,"enemies":"Slime Boss","floor":16,"turns":5},{"damage":6,"enemies":"3 Byrds","floor":18,"turns":4},{"damage":0,"enemies":"Chosen","floor":19,"turns":5},{"damage":8,"enemies":"3 Cultists","floor":21,"turns":5},{"damage":35,"enemies":"Gremlin Leader","floor":23,"turns":5},{"damage":15,"enemies":"Slavers","floor":27,"turns":4},{"damage":5,"enemies":"Sentry and Sphere","floor":28,"turns":4},{"damage":7,"enemies":"Snake Plant","floor":31,"turns":4},{"damage":59,"enemies":"Champ","floor":33,"turns":18},{"damage":8,"enemies":"3 Darklings","floor":35,"turns":5},{"damage":2,"enemies":"3 Shapes","floor":37,"turns":4},{"damage":0,"enemies":"Spire Growth","floor":38,"turns":6},{"damage":8,"enemies":"3 Darklings","floor":41,"turns":7},{"damage":15,"enemies":"Writhing Mass","floor":47,"turns":6},{"damage":0,"enemies":"Transient","floor":48,"turns":5},{"damage":30,"enemies":"Time Eater","floor":50,"turns":9},{"damage":74,"enemies":"Shield and Spear","floor":54,"turns":8},{"damage":58,"enemies":"The Heart","floor":55,"turns":5}],"seed_played":"2776741352686696909","potions_obtained":[{"floor":5,"key":"EssenceOfSteel"},{"floor":10,"key":"Energy Potion"},{"floor":14,"key":"Energy Potion"},{"floor":21,"key":"PowerPotion"},{"floor":28,"key":"Regen Potion"},{"floor":33,"key":"GamblersBrew"},{"floor":35,"key":"Block Potion"},{"floor":38,"key":"SteroidPotion"},{"floor":47,"key":"Block Potion"},{"floor":54,"key":"Regen Potion"}],"is_trial":false,"path_per_floor":["M","?","?","$","M","R","M","R","T","M","T","M","$","M","R","B",null,"M","M","?","M","?","E","$","R","T","E","M","R","T","M","R","B",null,"M","?","M","M","$","R","M","R","T","T","?","$","M","M","R","B",null,"R","$","E","B"],"character_chosen":"DEFECT","items_purchased":["Loop","DollysMirror","Conserve Battery","Incense Burner","Darkness","Rip and Tear","Aggregate"],"campfire_rested":2,"item_purchase_floors":[13,24,24,39,39,46,53],"current_hp_per_floor":[75,75,75,75,76,76,77,77,77,63,63,64,64,64,64,42,81,76,77,61,54,54,20,20,47,47,33,29,56,56,62,62,4,94,87,95,94,95,95,95,88,88,88,88,88,88,74,75,75,46,101,101,101,28,0],"gold":42,"neow_bonus":"THREE_ENEMY_KILL","is_prod":false,"is_daily":false,"chose_seed":false,"campfire_upgraded":7,"win_rate":0,"timestamp":1548165763,"path_taken":["M","?","?","$","M","R","M","R","T","?","?","?","?","?","R","BOSS","M","M","?","M","?","E","$","R","T","E","M","R","?","M","R","BOSS","M","?","M","M","$","R","?","R","T","?","?","$","M","M","R","BOSS","R","$","E","BOSS"],"build_version":"2019-01-17v2","purchased_purges":1,"victory":false,"max_hp_per_floor":[75,75,75,75,76,76,77,77,77,78,78,79,79,80,80,81,81,82,83,88,89,89,90,90,90,90,91,92,92,92,93,93,94,94,95,95,96,97,97,97,98,98,98,98,98,98,99,100,100,101,101,101,101,102,102],"card_choices":[{"not_picked":["Rebound","Sweeping Beam"],"picked":"Coolheaded","floor":1},{"not_picked":["Reinforced Body","Lockon","Stack"],"picked":"SKIP","floor":5},{"not_picked":["Stack","Recycle"],"picked":"Conserve Battery","floor":7},{"not_picked":["Scrape","Beam Cell","Rebound"],"picked":"SKIP","floor":10},{"not_picked":["Sweeping Beam","Streamline"],"picked":"White Noise","floor":12},{"not_picked":["Double Energy","Fusion"],"picked":"Meteor Strike","floor":14},{"not_picked":["Multi-Cast","Hyperbeam"],"picked":"Buffer","floor":16},{"not_picked":["Turbo","Rebound","Compile Driver"],"picked":"SKIP","floor":18},{"not_picked":["Steam","Hello World"],"picked":"Static Discharge","floor":19},{"not_picked":["Redo","Turbo"],"picked":"Ball Lightning+1","floor":21},{"not_picked":["Sunder","Barrage+1"],"picked":"Chill","floor":23},{"not_picked":["Blizzard","Stack","Turbo+1"],"picked":"SKIP","floor":27},{"not_picked":["Blizzard","Stack"],"picked":"Turbo+1","floor":27},{"not_picked":["Sweeping Beam","Rip and Tear","Compile Driver"],"picked":"SKIP","floor":28},{"not_picked":["Barrage+1","Doom and Gloom+1"],"picked":"Conserve Battery+1","floor":31},{"not_picked":["Reboot","Hyperbeam"],"picked":"Machine Learning","floor":33},{"not_picked":["Sweeping Beam","Ball Lightning"],"picked":"Loop","floor":35},{"not_picked":["Steam+1","Go for the Eyes+1","Turbo"],"picked":"SKIP","floor":37},{"not_picked":["Glacier+1","Seek"],"picked":"Capacitor+1","floor":38},{"not_picked":["Sunder+1","Force Field"],"picked":"Hello World","floor":41},{"not_picked":["Ball Lightning","Turbo"],"picked":"Capacitor+1","floor":47},{"not_picked":["Genetic Algorithm","Self Repair+1"],"picked":"Loop+1","floor":48},{"not_picked":["Hologram","Chaos"],"picked":"Static Discharge+1","floor":54}],"player_experience":491394,"relics_obtained":[{"floor":9,"key":"Mercury Hourglass"},{"floor":23,"key":"Sundial"},{"floor":26,"key":"Mummified Hand"},{"floor":27,"key":"Orichalcum"},{"floor":30,"key":"Dream Catcher"},{"floor":43,"key":"Gremlin Horn"},{"floor":44,"key":"Ornamental Fan"},{"floor":54,"key":"DataDisk"}],"event_choices":[{"cards_removed":["Strike_B"],"damage_healed":0,"gold_gain":0,"player_choice":"Card Removal","damage_taken":0,"max_hp_gain":0,"max_hp_loss":0,"event_name":"The Cleric","floor":2,"gold_loss":50},{"damage_healed":0,"gold_gain":0,"player_choice":"Trade","damage_taken":0,"relics_obtained":["FaceOfCleric"],"max_hp_gain":0,"max_hp_loss":0,"event_name":"FaceTrader","floor":3,"gold_loss":0},{"damage_healed":0,"gold_gain":0,"player_choice":"Shed Blood","damage_taken":21,"max_hp_gain":5,"max_hp_loss":0,"event_name":"Forgotten Altar","floor":20,"gold_loss":0},{"damage_healed":0,"gold_gain":99,"player_choice":"Stole From Cult","damage_taken":0,"max_hp_gain":0,"max_hp_loss":0,"event_name":"Nest","floor":22,"gold_loss":0},{"cards_removed":["Recycle"],"damage_healed":8,"gold_gain":0,"player_choice":"Offered Uncommon","damage_taken":0,"max_hp_gain":0,"max_hp_loss":0,"event_name":"Bonfire Elementals","floor":36,"gold_loss":0},{"cards_removed":["Defend_B"],"damage_healed":0,"gold_gain":0,"player_choice":"Removed Skill","damage_taken":0,"max_hp_gain":0,"max_hp_loss":0,"event_name":"Falling","floor":45,"gold_loss":0}],"is_beta":false,"boss_relics":[{"not_picked":["Philosopher\u0027s Stone","Tiny House"],"picked":"Runic Pyramid"},{"not_picked":["Cursed Key","Eternal Feather"],"picked":"Astrolabe"}],"items_purged_floors":[24],"is_endless":false,"potions_floor_spawned":[5,10,14,21,28,33,35,38,47,54],"killed_by":"The Heart","ascension_level":0}