{"gold_per_floor":[114,125,11,11,22,22,36,36,36,70,70,82,82,3,3,103,103,92,92,92,12,27,27,40,40,40,58,58,76,87,87],"floor_reached":31,"playtime":1703,"items_purged":["Strike_R","Writhe"],"score":344,"play_id":"4b27b9af-bfe9-42b4-bb86-1afb5fe93850","local_time":"20180730202856","is_ascension_mode":true,"campfire_choices":[{"data":"True Grit","floor":6,"key":"SMITH"},{"data":"Bash","floor":8,"key":"SMITH"},{"data":"Shrug It Off","floor":11,"key":"SMITH"},{"data":"Disarm","floor":13,"key":"SMITH"},{"data":"Flame Barrier","floor":15,"key":"SMITH"},{"data":"Shrug It Off","floor":23,"key":"SMITH"}],"neow_cost":"NONE","seed_source_timestamp":441468287161975,"circlet_count":0,"master_deck":["Strike_R+1","Strike_R+1","Defend_R","Defend_R","Defend_R","Defend_R","Bash+1","Shrug It Off+1","True Grit+1","Disarm+1","Ghostly Armor","Flame Barrier+1","Shrug It Off+1","Offering","Pommel Strike","Shrug It Off","Fiend Fire","Headbutt","Shockwave+1","Iron Wave+1","Rage","Iron Wave"],"relics":["Black Blood","Whetstone","The Courier","Pantograph","Enchiridion","Mummified Hand","Pear"],"potions_floor_usage":[10,10,16,22,31,31],"damage_taken":[{"damage":3,"enemies":"2 Louse","floor":1,"turns":3},{"damage":3,"enemies":"Small Slimes","floor":2,"turns":4},{"damage":12,"enemies":"Jaw Worm","floor":5,"turns":2},{"damage":12,"enemies":"Exordium Wildlife","floor":7,"turns":5},{"damage":22,"enemies":"Gremlin Nob","floor":10,"turns":5},{"damage":5,"enemies":"Blue Slaver","floor":12,"turns":5},{"damage":61,"enemies":"Hexaghost","floor":16,"turns":22},{"damage":13,"enemies":"2 Thieves","floor":18,"turns":4},{"damage":6,"enemies":"Chosen","floor":22,"turns":4},{"damage":5,"enemies":"Snake Plant","floor":24,"turns":5},{"damage":26,"enemies":"Slaver and Parasite","floor":27,"turns":10},{"damage":12,"enemies":"Centurion and Healer","floor":29,"turns":7},{"damage":25,"enemies":"Snake Plant","floor":30,"turns":6},{"damage":32,"enemies":"Book of Stabbing","floor":31,"turns":4}],"seed_played":"5207519586232478593","potions_obtained":[{"floor":1,"key":"Ancient Potion"},{"floor":5,"key":"Swift Potion"},{"floor":7,"key":"EssenceOfSteel"},{"floor":10,"key":"Dexterity Potion"},{"floor":27,"key":"LiquidBronze"},{"floor":29,"key":"Strength Potion"}],"is_trial":false,"path_per_floor":["M","M","$","?","M","R","M","R","T","E","R","M","R","$","R","B",null,"M","?","?","$","M","R","M","?","T","M","$","M","M"],"character_chosen":"IRONCLAD","items_purchased":["Disarm","Pommel Strike","Shrug It Off"],"campfire_rested":0,"item_purchase_floors":[3,14,14],"current_hp_per_floor":[75,78,78,78,72,72,66,66,66,50,50,51,51,51,51,21,65,62,46,46,46,50,50,55,55,65,49,49,47,32,0],"gold":87,"neow_bonus":"RANDOM_COMMON_RELIC","is_prod":false,"is_daily":false,"chose_seed":false,"campfire_upgraded":6,"win_rate":0,"timestamp":1532996936,"path_taken":["M","M","$","?","M","R","M","R","T","E","R","M","R","$","R","BOSS","M","?","?","$","?","R","M","?","T","M","$","M","M","E"],"build_version":"2018-07-26","purchased_purges":2,"victory":false,"max_hp_per_floor":[80,80,80,80,80,80,80,80,80,80,80,80,80,80,80,80,80,80,80,80,80,80,80,80,80,90,90,90,90,90,90],"card_choices":[{"not_picked":["Infernal Blade","Rupture"],"picked":"Shrug It Off","floor":1},{"not_picked":["Headbutt","Flex"],"picked":"True Grit","floor":2},{"not_picked":["Sword Boomerang","Clash"],"picked":"Ghostly Armor","floor":5},{"not_picked":["Perfected Strike","Body Slam"],"picked":"Flame Barrier","floor":7},{"not_picked":["Body Slam","Sentinel"],"picked":"Shrug It Off","floor":10},{"not_picked":["Cleave","Heavy Blade"],"picked":"Offering","floor":12},{"not_picked":["Offering","Berserk"],"picked":"Fiend Fire","floor":16},{"not_picked":["Warcry","Wild Strike"],"picked":"Headbutt","floor":18},{"not_picked":["Havoc","Ghostly Armor"],"picked":"Shockwave+1","floor":22},{"not_picked":["Disarm","True Grit","Wild Strike"],"picked":"SKIP","floor":24},{"not_picked":["Havoc+1","Berserk"],"picked":"Iron Wave+1","floor":27},{"not_picked":["Cleave","Perfected Strike"],"picked":"Rage","floor":29},{"not_picked":["Sentinel+1","Bloodletting"],"picked":"Iron Wave","floor":30}],"player_experience":1377983,"relics_obtained":[{"floor":9,"key":"The Courier"},{"floor":10,"key":"Pantograph"},{"floor":19,"key":"Enchiridion"},{"floor":26,"key":"Pear"}],"event_choices":[{"event_name":"Living Wall","player_choice":"Forget","floor":4,"damage_taken":0},{"event_name":"Cursed Tome","player_choice":"Obtained Book","floor":19,"damage_taken":0},{"event_name":"The Mausoleum","player_choice":"Yes","floor":20,"damage_taken":0},{"event_name":"Back to Basics","player_choice":"Elegance","floor":25,"damage_taken":0}],"is_beta":false,"boss_relics":[{"not_picked":["Black Star","Lizard Tail"],"picked":"Black Blood"}],"items_purged_floors":[3,21],"is_endless":false,"potions_floor_spawned":[1,5,7,10,27,29],"killed_by":"Book of Stabbing","ascension_level":9}