{"gold_per_floor":[217,229,229,242,298,333,333,345,345,356,356,356,381,25,25,25],"floor_reached":16,"playtime":898,"items_purged":["Strike_G"],"score":163,"play_id":"1becfeaf-f009-485d-a01a-36de1bbd8dd9","local_time":"20181025133516","is_ascension_mode":true,"campfire_choices":[{"floor":7,"key":"REST"},{"floor":11,"key":"REST"},{"floor":15,"key":"REST"}],"neow_cost":"NONE","seed_source_timestamp":1331962469285849,"circlet_count":0,"master_deck":["Defend_G","Defend_G","Defend_G","Defend_G","Defend_G","Strike_G","Strike_G","Strike_G","Strike_G","Survivor","Neutralize","AscendersBane","Dodge and Roll","Predator","Poisoned Stab","Caltrops","Malaise","Backflip","Predator","Noxious Fumes","Cloak And Dagger"],"relics":["Ring of the Snake","Pocketwatch","Paper Crane","Golden Idol","Pen Nib"],"potions_floor_usage":[4],"damage_taken":[{"damage":1,"enemies":"Small Slimes","floor":1,"turns":4},{"damage":4,"enemies":"Jaw Worm","floor":2,"turns":6},{"damage":6,"enemies":"Cultist","floor":4,"turns":3},{"damage":44,"enemies":"Lagavulin","floor":6,"turns":7},{"damage":5,"enemies":"3 Louse","floor":8,"turns":3},{"damage":10,"enemies":"Blue Slaver","floor":10,"turns":4},{"damage":16,"enemies":"Exordium Wildlife","floor":13,"turns":7},{"damage":45,"enemies":"Slime Boss","floor":16,"turns":8}],"seed_played":"-8042107880690292350","potions_obtained":[{"floor":2,"key":"Poison Potion"},{"floor":10,"key":"SpeedPotion"},{"floor":13,"key":"FearPotion"}],"is_trial":false,"path_per_floor":["M","M","?","M","?","E","R","M","T","M","R","?","M","$","R"],"character_chosen":"THE_SILENT","items_purchased":["Noxious Fumes","Cloak And Dagger","Pen Nib"],"campfire_rested":3,"item_purchase_floors":[14,14,14],"current_hp_per_floor":[62,58,58,52,52,8,29,24,24,14,35,35,19,19,38,0],"gold":25,"neow_bonus":"HUNDRED_GOLD","is_prod":false,"is_daily":false,"chose_seed":false,"campfire_upgraded":0,"win_rate":0,"timestamp":1540488916,"path_taken":["M","M","?","?","?","E","R","M","T","M","R","?","M","$","R","BOSS"],"build_version":"2018-10-18","purchased_purges":1,"victory":false,"max_hp_per_floor":[70,70,70,70,70,70,70,70,70,70,70,65,65,65,65,65],"card_choices":[{"not_picked":["Underhanded Strike","Bane"],"picked":"Dodge and Roll","floor":1},{"not_picked":["Masterful Stab","Quick Slash"],"picked":"Predator","floor":2},{"not_picked":["Dagger Throw","Tactician"],"picked":"Poisoned Stab","floor":4},{"not_picked":["PiercingWail","Calculated Gamble"],"picked":"Caltrops","floor":6},{"not_picked":["Skewer","Deflect"],"picked":"Malaise","floor":8},{"not_picked":["Blade Dance","Acrobatics"],"picked":"Backflip","floor":10},{"not_picked":["Reflex","Bane"],"picked":"Predator","floor":13}],"player_experience":1590828,"relics_obtained":[{"floor":6,"key":"Pocketwatch"},{"floor":9,"key":"Paper Crane"}],"event_choices":[{"damage_healed":0,"gold_gain":0,"player_choice":"Ignored","damage_taken":0,"max_hp_gain":0,"max_hp_loss":0,"event_name":"Shining Light","floor":3,"gold_loss":0},{"damage_healed":0,"gold_gain":56,"player_choice":"Gained Gold","damage_taken":0,"max_hp_gain":0,"max_hp_loss":0,"event_name":"Golden Wing","floor":5,"gold_loss":0},{"damage_healed":0,"gold_gain":0,"player_choice":"Lose Max HP","damage_taken":0,"relics_obtained":["Golden Idol"],"max_hp_gain":0,"max_hp_loss":5,"event_name":"Golden Idol","floor":12,"gold_loss":0}],"is_beta":false,"boss_relics":[],"items_purged_floors":[14],"is_endless":false,"potions_floor_spawned":[2,10,13],"killed_by":"Slime Boss","ascension_level":12}