{"gold_per_floor":[119,46,63,313,328,328,328,342,369,7,25,52,52,71,71,191,191,215,215,76,92,105,148,148,191,191,11,11],"floor_reached":28,"playtime":723,"items_purged":["Regret"],"score":308,"play_id":"b5087b71-3d4c-4c0b-823a-061cc05cb630","local_time":"20180727224029","is_ascension_mode":false,"campfire_choices":[{"data":"Infinite Blades","floor":6,"key":"SMITH"},{"floor":15,"key":"REST"},{"floor":24,"key":"REST"}],"neow_cost":"NONE","seed_source_timestamp":36441964711887,"circlet_count":0,"master_deck":["Defend_G","Defend_G","Defend_G","Defend_G","Defend_G","Strike_G","Strike_G","Strike_G","Strike_G","Strike_G","Survivor","Neutralize","Endless Agony","Infinite Blades+1","Acrobatics","Dagger Spray","Cloak And Dagger","A Thousand Cuts","Dagger Spray","All Out Attack","Envenom","Dodge and Roll","Bullet Time","Escape Plan","Quick Slash","Poisoned Stab","Deflect","Infinite Blades","Poisoned Stab","Terror","Blade Dance","Bandage Up","Infinite Blades+1","Flying Knee","Finisher+1","Infinite Blades"],"relics":["WristBlade","Regal Pillow","Dream Catcher","Bag of Marbles","StoneCalendar","Golden Idol","Orrery","Anchor","Omamori","Bottled Flame","Boot"],"potions_floor_usage":[14,16,23,25,28],"damage_taken":[{"damage":0,"enemies":"2 Louse","floor":1,"turns":3},{"damage":1,"enemies":"Cultist","floor":3,"turns":3},{"damage":4,"enemies":"Jaw Worm","floor":5,"turns":3},{"damage":0,"enemies":"Exordium Wildlife","floor":8,"turns":3},{"damage":0,"enemies":"2 Fungi Beasts","floor":11,"turns":2},{"damage":12,"enemies":"3 Sentries","floor":12,"turns":4},{"damage":2,"enemies":"Looter","floor":14,"turns":2},{"damage":25,"enemies":"The Guardian","floor":16,"turns":10},{"damage":36,"enemies":"Shell Parasite","floor":18,"turns":5},{"damage":10,"enemies":"Chosen","floor":21,"turns":3},{"damage":4,"enemies":"3 Cultists","floor":22,"turns":4},{"damage":26,"enemies":"Gremlin Leader","floor":23,"turns":5},{"damage":31,"enemies":"Book of Stabbing","floor":25,"turns":5},{"damage":10,"enemies":"Centurion and Healer","floor":28,"turns":1}],"seed_played":"-1645341646269926731","potions_obtained":[{"floor":5,"key":"FearPotion"},{"floor":8,"key":"GhostInAJar"},{"floor":11,"key":"FearPotion"},{"floor":14,"key":"Ancient Potion"},{"floor":23,"key":"SkillPotion"}],"is_trial":false,"path_per_floor":["M","$","M","?","M","R","?","M","T","$","M","E","?","M","R","B",null,"M","?","$","M","M","E","R","E","T","$"],"character_chosen":"THE_SILENT","items_purchased":["Infinite Blades","A Thousand Cuts","Bag of Marbles","Blade Dance","Bandage Up","Infinite Blades","Boot"],"campfire_rested":2,"item_purchase_floors":[2,10,10,20,20,27,27],"current_hp_per_floor":[70,70,69,69,65,65,62,62,62,62,62,50,33,31,67,42,70,34,34,34,28,28,2,38,7,7,7,0],"gold":11,"neow_bonus":"BOSS_RELIC","is_prod":false,"is_daily":false,"chose_seed":false,"campfire_upgraded":1,"win_rate":0,"timestamp":1532697029,"path_taken":["M","$","M","?","M","R","?","M","T","$","M","E","?","M","R","BOSS","M","?","$","M","?","E","R","E","T","$","M"],"build_version":"2018-07-26","purchased_purges":1,"victory":false,"max_hp_per_floor":[70,70,70,70,70,70,70,70,70,70,70,70,70,70,70,70,70,70,70,70,70,70,70,70,70,70,70,70],"card_choices":[{"not_picked":["Dodge and Roll","Setup"],"picked":"Endless Agony","floor":1},{"not_picked":["Calculated Gamble","Concentrate"],"picked":"Acrobatics","floor":3},{"not_picked":["Quick Slash","Leg Sweep"],"picked":"Dagger Spray","floor":5},{"not_picked":["Bane","Flying Knee"],"picked":"Cloak And Dagger","floor":8},{"not_picked":["Poisoned Stab","Underhanded Strike"],"picked":"Dagger Spray","floor":11},{"not_picked":["Skewer","Poisoned Stab"],"picked":"All Out Attack","floor":12},{"not_picked":["Sucker Punch","Concentrate"],"picked":"Envenom","floor":14},{"not_picked":["Sucker Punch","Eviscerate"],"picked":"Dodge and Roll","floor":15},{"not_picked":["Malaise","Wraith Form v2"],"picked":"Bullet Time","floor":16},{"not_picked":["Underhanded Strike","Reflex"],"picked":"Escape Plan","floor":17},{"not_picked":["Distraction","Well Laid Plans"],"picked":"Quick Slash","floor":17},{"not_picked":["Flying Knee","Calculated Gamble"],"picked":"Poisoned Stab","floor":17},{"not_picked":["Skewer","PiercingWail"],"picked":"Deflect","floor":17},{"not_picked":["Outmaneuver","All Out Attack"],"picked":"Infinite Blades","floor":17},{"not_picked":["Tactician","Bouncing Flask"],"picked":"Poisoned Stab","floor":18},{"not_picked":["Reflex","Quick Slash"],"picked":"Infinite Blades+1","floor":21},{"not_picked":["Underhanded Strike+1","PiercingWail","Backflip"],"picked":"SKIP","floor":22},{"not_picked":["Expertise","Tools of the Trade","Heel Hook"],"picked":"SKIP","floor":23},{"not_picked":["Bane","Underhanded Strike"],"picked":"Flying Knee","floor":24},{"not_picked":["Acrobatics+1","Malaise"],"picked":"Finisher+1","floor":25}],"player_experience":271620,"relics_obtained":[{"floor":9,"key":"Dream Catcher"},{"floor":12,"key":"StoneCalendar"},{"floor":23,"key":"Anchor"},{"floor":25,"key":"Omamori"},{"floor":26,"key":"Bottled Flame"}],"event_choices":[{"event_name":"Golden Shrine","player_choice":"Desecrate","floor":4,"damage_taken":0},{"event_name":"Scrap Ooze","player_choice":"success","floor":7,"damage_taken":3},{"event_name":"Golden Idol","player_choice":"Take Damage","floor":13,"damage_taken":0},{"event_name":"The Library","player_choice":"Read","floor":19,"damage_taken":0}],"is_beta":false,"boss_relics":[{"not_picked":["Snecko Eye","Eternal Feather"],"picked":"Orrery"}],"items_purged_floors":[10],"is_endless":false,"potions_floor_spawned":[5,8,11,14,23],"killed_by":"Centurion and Healer","ascension_level":0}