{"gold_per_floor":[217,232,19,35,35,35,47,60,83,83,94,14,33,33,33,130,130,150,162,173,183,282,282,58,70,70,70,85,85,14,24,24,122,122,140,140,150,162,179,179,196,196,223,33,46,56,76,88,88,88],"floor_reached":50,"playtime":3371,"items_purged":["Strike_B"],"score":674,"play_id":"5665e711-4dc3-4a39-adbb-792790ce6eea","local_time":"20180710221418","is_ascension_mode":true,"campfire_choices":[{"data":"Apotheosis","floor":6.0,"key":"SMITH"},{"data":"Zap","floor":10.0,"key":"SMITH"},{"data":"Dualcast","floor":15.0,"key":"SMITH"},{"data":"Reboot","floor":23.0,"key":"SMITH"},{"data":"Self Repair","floor":27.0,"key":"SMITH"},{"data":"Reinforced Body","floor":29.0,"key":"SMITH"},{"data":"FTL","floor":32.0,"key":"SMITH"},{"data":"Sunder","floor":40.0,"key":"SMITH"},{"data":"Conserve Battery","floor":42.0,"key":"SMITH"},{"data":"Machine Learning","floor":49.0,"key":"SMITH"}],"neow_cost":"NONE","seed_source_timestamp":0,"circlet_count":0,"master_deck":["Strike_B","Strike_B","Strike_B","Defend_B","Defend_B","Defend_B","Defend_B","Zap+1","Dualcast+1","Conserve Battery+1","Reinforced Body+1","Apotheosis+1","Auto Shields","Auto Shields","Conserve Battery","FTL+1","Self Repair+1","Reboot+1","FTL+1","Cold Snap","Ball Lightning+1","Conserve Battery","Go for the Eyes+1","Conserve Battery","Skim","Cold Snap","Creative AI+1","Coolheaded+1","Ball Lightning+1","Sunder+1","Cold Snap+1","Machine Learning+1","Reinforced Body","Cold Snap"],"special_seed":0,"relics":["Cracked Core","Orichalcum","Ancient Tea Set","Coffee Dripper","DataDisk","Shuriken","Runic Dome","Oddly Smooth Stone","ClockworkSouvenir"],"potions_floor_usage":[50,50],"damage_taken":[{"damage":8.0,"enemies":"2 Louse","floor":1.0,"turns":4.0},{"damage":0.0,"enemies":"Small Slimes","floor":2.0,"turns":3.0},{"damage":1.0,"enemies":"Cultist","floor":4.0,"turns":4.0},{"damage":6.0,"enemies":"Exordium Thugs","floor":7.0,"turns":5.0},{"damage":0.0,"enemies":"2 Fungi Beasts","floor":8.0,"turns":4.0},{"damage":0.0,"enemies":"Gremlin Gang","floor":11.0,"turns":6.0},{"damage":0.0,"enemies":"Looter","floor":13.0,"turns":4.0},{"damage":13.0,"enemies":"Slime Boss","floor":16.0,"turns":15.0},{"damage":4.0,"enemies":"3 Byrds","floor":18.0,"turns":6.0},{"damage":3.0,"enemies":"Shell Parasite","floor":19.0,"turns":6.0},{"damage":0.0,"enemies":"3 Cultists","floor":20.0,"turns":7.0},{"damage":5.0,"enemies":"Snake Plant","floor":21.0,"turns":4.0},{"damage":1.0,"enemies":"Centurion and Healer","floor":25.0,"turns":4.0},{"damage":19.0,"enemies":"3 Cultists","floor":28.0,"turns":7.0},{"damage":0.0,"enemies":"Cultist and Chosen","floor":31.0,"turns":7.0},{"damage":49.0,"enemies":"Automaton","floor":33.0,"turns":14.0},{"damage":17.0,"enemies":"3 Darklings","floor":35.0,"turns":5.0},{"damage":0.0,"enemies":"Orb Walker","floor":37.0,"turns":3.0},{"damage":2.0,"enemies":"Sphere and 2 Shapes","floor":38.0,"turns":6.0},{"damage":16.0,"enemies":"Flame Bruiser 2 Orb","floor":39.0,"turns":7.0},{"damage":9.0,"enemies":"Spire Growth","floor":41.0,"turns":4.0},{"damage":0.0,"enemies":"3 Darklings","floor":45.0,"turns":5.0},{"damage":4.0,"enemies":"Sphere and 2 Shapes","floor":46.0,"turns":7.0},{"damage":8.0,"enemies":"Maw","floor":47.0,"turns":7.0},{"damage":10.0,"enemies":"Flame Bruiser 2 Orb","floor":48.0,"turns":7.0},{"damage":96,"enemies":"Awakened One","floor":50,"turns":7}],"seed_played":"3747488515538223667","potions_obtained":[{"floor":2.0,"key":"Strength Potion"},{"floor":7.0,"key":"FearPotion"},{"floor":8.0,"key":"Energy Potion"},{"floor":11.0,"key":"Swift Potion"},{"floor":13.0,"key":"Dexterity Potion"},{"floor":19.0,"key":"Swift Potion"},{"floor":21.0,"key":"SpeedPotion"},{"floor":31.0,"key":"SneckoOil"},{"floor":33.0,"key":"PowerPotion"},{"floor":38.0,"key":"FairyPotion"},{"floor":39.0,"key":"AttackPotion"},{"floor":46.0,"key":"Ancient Potion"}],"is_trial":false,"path_per_floor":["M","M","$","M","?","R","M","M","T","R","M","$","M","?","R","B",null,"M","M","M","M","?","R","$","M","T","R","M","R","$","M","R","B",null,"M","?","M","M","M","R","M","R","T","$","M","M","M","M","R"],"character_chosen":"DEFECT","items_purchased":["Apotheosis","Self Repair","DataDisk","Skim","ClockworkSouvenir"],"campfire_rested":0,"item_purchase_floors":[],"current_hp_per_floor":[60,60,60,59,56,56,50,50,50,50,50,50,60,60,60,54,70,75,75,75,75,75,75,75,75,75,75,66,66,66,75,75,36,65,58,58,58,66,60,60,61,61,61,61,71,75,75,75,75,0],"gold":88,"neow_bonus":"HUNDRED_GOLD","is_prod":false,"is_daily":false,"chose_seed":false,"campfire_upgraded":10,"win_rate":0,"timestamp":1531253658,"path_taken":["M","M","$","M","?","R","M","?","T","R","M","?","M","?","R","BOSS","M","M","M","M","?","R","$","?","T","R","M","R","$","M","R","BOSS","M","?","M","M","?","R","M","R","T","$","?","M","M","M","R","BOSS"],"build_version":"2018-07-09","purchased_purges":1,"victory":false,"max_hp_per_floor":[75,75,75,75,75,75,75,75,75,75,75,75,75,75,75,75,75,75,75,75,75,75,75,75,75,75,75,75,75,75,75,75,75,75,75,75,75,75,75,75,75,75,75,75,75,75,75,75,75,75],"card_choices":[{"not_picked":["Redo","Double Energy"],"picked":"Conserve Battery","floor":1.0},{"not_picked":["Aggregate","Beam Cell"],"picked":"Reinforced Body","floor":2.0},{"not_picked":["White Noise","Barrage"],"picked":"Auto Shields","floor":4.0},{"not_picked":["Sweeping Beam","Coolheaded"],"picked":"Auto Shields","floor":7.0},{"not_picked":["Beam Cell","Stack"],"picked":"Conserve Battery","floor":8.0},{"not_picked":["Sweeping Beam","Chaos"],"picked":"FTL","floor":11.0},{"not_picked":["Stack","Recycle","Fusion"],"picked":"SKIP","floor":13.0},{"not_picked":["Amplify","Multi-Cast"],"picked":"Reboot","floor":16.0},{"not_picked":["Reinforced Body","Leap"],"picked":"FTL+1","floor":18.0},{"not_picked":["Beam Cell","Stack"],"picked":"Cold Snap","floor":19.0},{"not_picked":["Reprogram","Streamline"],"picked":"Ball Lightning+1","floor":20.0},{"not_picked":["Lockon","Steam"],"picked":"Conserve Battery","floor":21.0},{"not_picked":["Fusion+1","Fission"],"picked":"Go for the Eyes+1","floor":25.0},{"not_picked":["White Noise","Blizzard+1"],"picked":"Conserve Battery","floor":28.0},{"not_picked":["Barrage","Streamline"],"picked":"Cold Snap","floor":31.0},{"not_picked":["Hyperbeam","Biased Cognition"],"picked":"Creative AI","floor":33.0},{"not_picked":["Loop+1","Barrage+1"],"picked":"Coolheaded+1","floor":35.0},{"not_picked":["Steam","Redo+1","Rebound+1"],"picked":"SKIP","floor":37.0},{"not_picked":["Compile Driver+1","Hologram"],"picked":"Ball Lightning+1","floor":38.0},{"not_picked":["Cold Snap+1","Steam"],"picked":"Sunder","floor":39.0},{"not_picked":["Streamline","Gash+1","Beam Cell"],"picked":"SKIP","floor":41.0},{"not_picked":["Melter","Streamline+1"],"picked":"Cold Snap+1","floor":45.0},{"not_picked":["Ball Lightning","Scrape+1"],"picked":"Machine Learning","floor":46.0},{"not_picked":["Rip and Tear","Sweeping Beam+1"],"picked":"Reinforced Body","floor":47.0},{"not_picked":["Doom and Gloom+1","Hello World"],"picked":"Cold Snap","floor":48.0}],"player_experience":300884,"relics_obtained":[{"floor":9.0,"key":"Ancient Tea Set"},{"floor":26.0,"key":"Shuriken"},{"floor":43.0,"key":"Oddly Smooth Stone"}],"event_choices":[{"event_name":"Scrap Ooze","player_choice":"success","floor":5.0,"damage_taken":3.0},{"event_name":"Liars Game","player_choice":"disagreed","floor":14.0,"damage_taken":0.0},{"event_name":"Nest","player_choice":"Stole From Cult","floor":22.0,"damage_taken":0.0},{"event_name":"Upgrade Shrine","player_choice":"Upgraded","floor":36.0,"damage_taken":0.0}],"boss_relics":[{"not_picked":["Orrery","Inserter"],"picked":"Coffee Dripper"},{"not_picked":["Nuclear Battery","Tiny House"],"picked":"Runic Dome"}],"items_purged_floors":[24],"is_endless":false,"potions_floor_spawned":[2,7,8,11,13,19,21,31,33,38,39,46],"killed_by":"Awakened One","ascension_level":8}