{"gold_per_floor":[18,30,30,49,224,251,251,271,271,82,82,82,3,3,3,3],"floor_reached":16,"playtime":550,"items_purged":["Doubt"],"score":113,"play_id":"421a941f-2a40-46d1-8bea-3ba6411a0efc","local_time":"20181026010124","is_ascension_mode":true,"campfire_choices":[{"floor":7,"key":"REST"},{"data":"Neutralize","floor":12,"key":"SMITH"},{"data":"Skewer","floor":15,"key":"SMITH"}],"neow_cost":"NO_GOLD","seed_source_timestamp":467402415234367,"circlet_count":0,"master_deck":["Defend_G","Defend_G","Defend_G","Defend_G","Defend_G","Strike_G","Strike_G","Strike_G","Strike_G","Strike_G","Survivor","Neutralize+1","Adrenaline","Dagger Spray","Dagger Throw","Skewer+1","Die Die Die","Quick Slash","Caltrops","Distraction+1","Well Laid Plans","Parasite"],"relics":["Ring of the Snake","Potion Belt","Meat on the Bone","Mummified Hand"],"potions_floor_usage":[6,8,16],"damage_taken":[{"damage":0,"enemies":"Jaw Worm","floor":1,"turns":5},{"damage":0,"enemies":"Small Slimes","floor":2,"turns":3},{"damage":0,"enemies":"2 Louse","floor":4,"turns":2},{"damage":33,"enemies":"Gremlin Nob","floor":6,"turns":5},{"damage":3,"enemies":"Looter","floor":8,"turns":3},{"damage":72,"enemies":"Slime Boss","floor":16,"turns":12}],"seed_played":"-8524290920328391246","potions_obtained":[{"floor":4,"key":"GamblersBrew"},{"floor":6,"key":"Fruit Juice"},{"floor":8,"key":"SkillPotion"}],"is_trial":false,"path_per_floor":["M","M","?","M","?","E","R","M","T","$","?","R","$","?","R"],"character_chosen":"THE_SILENT","items_purchased":["Caltrops","Distraction","Well Laid Plans"],"campfire_rested":1,"item_purchase_floors":[10,10,13],"current_hp_per_floor":[70,70,58,58,58,25,46,48,48,48,48,48,48,66,66,0],"gold":3,"neow_bonus":"THREE_RARE_CARDS","is_prod":false,"is_daily":false,"chose_seed":false,"campfire_upgraded":2,"win_rate":0,"timestamp":1540533684,"path_taken":["M","M","?","M","?","E","R","?","T","$","?","R","$","?","R","BOSS"],"build_version":"2018-10-25v2","purchased_purges":1,"victory":false,"max_hp_per_floor":[70,70,70,70,70,70,70,75,75,75,75,75,75,75,75,75],"card_choices":[{"not_picked":["Phantasmal Killer","Malaise"],"picked":"Adrenaline","floor":0},{"not_picked":["Slice","Prepared"],"picked":"Dagger Spray","floor":1},{"not_picked":["Outmaneuver","Poisoned Stab"],"picked":"Dagger Throw","floor":2},{"not_picked":["Flying Knee","Leg Sweep"],"picked":"Skewer","floor":4},{"not_picked":["Dash","Flechettes"],"picked":"Die Die Die","floor":6},{"not_picked":["Escape Plan","Eviscerate"],"picked":"Quick Slash","floor":8}],"player_experience":474567,"relics_obtained":[{"floor":6,"key":"Meat on the Bone"},{"floor":9,"key":"Mummified Hand"}],"event_choices":[{"damage_healed":0,"gold_gain":0,"player_choice":"Success","damage_taken":12,"relics_obtained":["Potion Belt"],"max_hp_gain":0,"max_hp_loss":0,"event_name":"Scrap Ooze","floor":3,"gold_loss":0},{"damage_healed":0,"gold_gain":175,"player_choice":"AGREE","damage_taken":0,"max_hp_gain":0,"max_hp_loss":0,"event_name":"Liars Game","floor":5,"gold_loss":0,"cards_obtained":["Doubt"]},{"damage_healed":0,"gold_gain":0,"player_choice":"Grow","damage_taken":0,"max_hp_gain":0,"max_hp_loss":0,"event_name":"Living Wall","floor":11,"gold_loss":0,"cards_upgraded":["Distraction"]},{"damage_healed":18,"gold_gain":0,"player_choice":"Healed and dodged fight","damage_taken":0,"max_hp_gain":0,"max_hp_loss":0,"event_name":"Mushrooms","floor":14,"gold_loss":0,"cards_obtained":["Parasite"]}],"is_beta":true,"boss_relics":[],"items_purged_floors":[10],"is_endless":false,"potions_floor_spawned":[4,6,8],"killed_by":"Slime Boss","ascension_level":3}