{"gold_per_floor":[110,123,123,136,151,186,186,205,205,235,11,27,45,120,120,218,218,233,84,84,96,96,96,129,129,154,154,168,181,106,116,116,116],"floor_reached":33,"playtime":1165,"items_purged":["Strike_B"],"score":388,"play_id":"9606423e-85ca-4b59-80a6-06589f6b98d6","local_time":"20181206124819","is_ascension_mode":true,"campfire_choices":[{"data":"Rip and Tear","floor":7,"key":"SMITH"},{"floor":15,"key":"REST"},{"floor":23,"key":"REST"},{"floor":27,"key":"REST"},{"floor":32,"key":"REST"}],"neow_cost":"NONE","seed_source_timestamp":49775363606356,"circlet_count":0,"master_deck":["Strike_B","Strike_B","Strike_B","Defend_B","Defend_B","Defend_B","Defend_B","Dualcast","Cold Snap","FTL","Rip and Tear+1","Leap","Steam","Chill","Ball Lightning","Seek","Multi-Cast","Go for the Eyes","Doom and Gloom+1","Reboot","BootSequence","Coolheaded+1"],"relics":["Cracked Core","Singing Bowl","Dream Catcher","MawBank","Runic Capacitor","Philosopher\u0027s Stone","Bottled Lightning","Oddly Smooth Stone"],"potions_floor_usage":[4,6,10,13,21,21,28,33],"damage_taken":[{"damage":0,"enemies":"Cultist","floor":1,"turns":5},{"damage":0,"enemies":"Small Slimes","floor":2,"turns":3},{"damage":12,"enemies":"Jaw Worm","floor":4,"turns":2},{"damage":1,"enemies":"Blue Slaver","floor":5,"turns":4},{"damage":8,"enemies":"Gremlin Nob","floor":6,"turns":3},{"damage":12,"enemies":"3 Louse","floor":8,"turns":2},{"damage":13,"enemies":"3 Sentries","floor":10,"turns":6},{"damage":0,"enemies":"2 Fungi Beasts","floor":12,"turns":2},{"damage":0,"enemies":"Gremlin Gang","floor":13,"turns":2},{"damage":36,"enemies":"Hexaghost","floor":16,"turns":11},{"damage":0,"enemies":"Spheric Guardian","floor":18,"turns":3},{"damage":15,"enemies":"3 Byrds","floor":21,"turns":5},{"damage":66,"enemies":"Book of Stabbing","floor":24,"turns":7},{"damage":11,"enemies":"Centurion and Healer","floor":28,"turns":8},{"damage":3,"enemies":"Shelled Parasite and Fungi","floor":29,"turns":6},{"damage":23,"enemies":"Snake Plant","floor":31,"turns":6},{"damage":68,"enemies":"Collector","floor":33,"turns":11}],"seed_played":"2190603636072745568","potions_obtained":[{"floor":1,"key":"FearPotion"},{"floor":2,"key":"FearPotion"},{"floor":8,"key":"Explosive Potion"},{"floor":10,"key":"SkillPotion"},{"floor":18,"key":"Block Potion"},{"floor":24,"key":"EssenceOfSteel"},{"floor":29,"key":"FearPotion"}],"is_trial":false,"path_per_floor":["M","M","?","M","M","E","R","M","T","E","$","M","M","?","R","B",null,"M","$","?","M","?","R","E","?","T","R","M","M","?","M","R","B"],"character_chosen":"DEFECT","items_purchased":["Chill","Runic Capacitor","Go for the Eyes","PowerPotion"],"campfire_rested":4,"item_purchase_floors":[11,11,19,19],"current_hp_per_floor":[68,68,73,61,60,54,54,44,44,33,33,33,35,24,50,14,70,72,72,54,39,39,69,5,38,38,67,58,57,57,34,64,0],"gold":116,"neow_bonus":"THREE_CARDS","is_prod":false,"is_daily":false,"chose_seed":false,"campfire_upgraded":1,"win_rate":0,"timestamp":1544122099,"path_taken":["M","M","?","M","M","E","R","M","T","E","$","M","M","?","R","BOSS","M","$","?","M","?","R","E","?","T","R","M","M","?","M","R","BOSS"],"build_version":"2018-12-06","purchased_purges":1,"victory":false,"max_hp_per_floor":[75,75,80,80,80,82,82,84,84,86,86,86,88,88,88,88,88,90,90,95,95,95,97,99,99,99,99,101,103,103,103,103,103],"card_choices":[{"not_picked":["Beam Cell","Leap"],"picked":"Cold Snap","floor":0},{"not_picked":["Conserve Battery","Recycle"],"picked":"FTL","floor":1},{"not_picked":["Capacitor","Compile Driver"],"picked":"Rip and Tear","floor":2},{"not_picked":["Steam Power","Coolheaded"],"picked":"Leap","floor":4},{"not_picked":["Gash","Compile Driver"],"picked":"Steam","floor":5},{"not_picked":["Leap","Turbo","Sweeping Beam"],"picked":"Singing Bowl","floor":6},{"not_picked":["Redo","Streamline","Hologram"],"picked":"Singing Bowl","floor":8},{"not_picked":["Turbo","Sunder","Rip and Tear"],"picked":"Singing Bowl","floor":10},{"not_picked":["Beam Cell","Streamline"],"picked":"Ball Lightning","floor":12},{"not_picked":["Sweeping Beam","Turbo","Conserve Battery"],"picked":"Singing Bowl","floor":13},{"not_picked":["Blizzard","Gash"],"picked":"Seek","floor":15},{"not_picked":["Creative AI","Amplify"],"picked":"Multi-Cast","floor":16},{"not_picked":["Steam","Gash","Barrage+1"],"picked":"Singing Bowl","floor":18},{"not_picked":["Compile Driver","Ball Lightning"],"picked":"Doom and Gloom+1","floor":21},{"not_picked":["Go for the Eyes","Reprogram","Cold Snap+1"],"picked":"Singing Bowl","floor":23},{"not_picked":["Go for the Eyes","Static Discharge+1","Redo+1"],"picked":"Singing Bowl","floor":24},{"not_picked":["Sunder+1","Coolheaded"],"picked":"Reboot","floor":27},{"not_picked":["Rebound+1","Rip and Tear","Leap"],"picked":"Singing Bowl","floor":28},{"not_picked":["Beam Cell","Recycle+1","Turbo"],"picked":"Singing Bowl","floor":29},{"not_picked":["Static Discharge","Ball Lightning"],"picked":"BootSequence","floor":31},{"not_picked":["Beam Cell","Scrape+1"],"picked":"Coolheaded+1","floor":32}],"player_experience":563792,"relics_obtained":[{"floor":6,"key":"Singing Bowl"},{"floor":9,"key":"Dream Catcher"},{"floor":10,"key":"MawBank"},{"floor":24,"key":"Bottled Lightning"},{"floor":26,"key":"Oddly Smooth Stone"}],"event_choices":[{"damage_healed":0,"gold_gain":0,"player_choice":"Donut","damage_taken":0,"max_hp_gain":5,"max_hp_loss":0,"event_name":"Big Fish","floor":3,"gold_loss":0},{"damage_healed":0,"gold_gain":75,"player_choice":"Gather Gold","damage_taken":11,"max_hp_gain":0,"max_hp_loss":0,"event_name":"World of Goop","floor":14,"gold_loss":0},{"damage_healed":0,"gold_gain":0,"player_choice":"Shed Blood","damage_taken":23,"max_hp_gain":5,"max_hp_loss":0,"event_name":"Forgotten Altar","floor":20,"gold_loss":0},{"damage_healed":0,"gold_gain":0,"player_choice":"Ignored","damage_taken":0,"max_hp_gain":0,"max_hp_loss":0,"event_name":"Ghosts","floor":22,"gold_loss":0},{"damage_healed":33,"gold_gain":0,"player_choice":"Heal","damage_taken":0,"max_hp_gain":0,"max_hp_loss":0,"event_name":"The Library","floor":25,"gold_loss":0},{"cards_removed":["Zap"],"damage_healed":0,"gold_gain":0,"player_choice":"Gave Gold","damage_taken":0,"max_hp_gain":0,"max_hp_loss":0,"event_name":"Beggar","floor":30,"gold_loss":75}],"is_beta":true,"boss_relics":[{"not_picked":["White Beast Statue","Pandora\u0027s Box"],"picked":"Philosopher\u0027s Stone"}],"items_purged_floors":[19],"is_endless":false,"potions_floor_spawned":[1,2,8,10,18,24,29],"killed_by":"Collector","ascension_level":6}