{"gold_per_floor":[115,126,51,66,166,195,195,41,67,67,79,94,111,127,127,224,224,244,344,356,281,132,132,142,142,169,169,169,184,198,198,198,198],"floor_reached":33,"playtime":1922,"items_purged":["Strike_B"],"score":324,"play_id":"cefb4ba3-6a8f-4952-9334-7809da757de2","local_time":"20180625143329","is_ascension_mode":true,"campfire_choices":[{"floor":7,"key":"REST"},{"data":"Defragment","floor":10,"key":"SMITH"},{"data":"Capacitor","floor":15,"key":"SMITH"},{"floor":23,"key":"REST"},{"floor":25,"key":"REST"},{"floor":28,"key":"REST"},{"floor":32,"key":"REST"}],"neow_cost":"NONE","seed_source_timestamp":66789907842504,"circlet_count":0,"master_deck":["Strike_B","Strike_B","Strike_B","Defend_B","Defend_B","Defend_B","Zap+1","Dualcast","Glacier","Cold Snap","Defragment+1","Darkness","Capacitor+1","Blizzard","Self Repair+1","Genetic Algorithm","Loop","Multi-Cast","Redo","Fission","Fusion","Rainbow"],"relics":["Cracked Core","Singing Bowl","Happy Flower","Lizard Tail","Oddly Smooth Stone"],"potions_floor_usage":[13,14,30,33,33],"damage_taken":[{"damage":9,"enemies":"2 Louse","floor":1,"turns":3},{"damage":2,"enemies":"Cultist","floor":2,"turns":4},{"damage":0,"enemies":"Jaw Worm","floor":4,"turns":4},{"damage":5,"enemies":"Lagavulin","floor":6,"turns":7},{"damage":6,"enemies":"Red Slaver","floor":11,"turns":4},{"damage":0,"enemies":"Large Slime","floor":12,"turns":5},{"damage":14,"enemies":"Gremlin Gang","floor":13,"turns":6},{"damage":1,"enemies":"2 Fungi Beasts","floor":14,"turns":4},{"damage":38,"enemies":"Hexaghost","floor":16,"turns":9},{"damage":39,"enemies":"3 Byrds","floor":18,"turns":8},{"damage":3,"enemies":"Shell Parasite","floor":20,"turns":9},{"damage":54,"enemies":"Sentry and Sphere","floor":24,"turns":11},{"damage":51,"enemies":"Snecko","floor":29,"turns":6},{"damage":79,"enemies":"Chosen and Byrds","floor":30,"turns":8},{"damage":40,"enemies":"Automaton","floor":33,"turns":6}],"seed_played":"6672388886520375894","potions_obtained":[{"floor":4,"key":"Ancient Potion"},{"floor":6,"key":"Energy Potion"},{"floor":11,"key":"Weak Potion"},{"floor":12,"key":"PowerPotion"},{"floor":20,"key":"SpeedPotion"},{"floor":24,"key":"Strength Potion"},{"floor":29,"key":"SkillPotion"},{"floor":30,"key":"SkillPotion"}],"is_trial":false,"path_per_floor":["M","M","$","M","?","E","R","$","T","R","M","M","M","M","R","B",null,"M","?","M","?","$","R","M","R","T","?","R","M","M","?","R"],"character_chosen":"DEFECT","items_purchased":["Capacitor","Blizzard","Fission"],"campfire_rested":5,"item_purchase_floors":[8,8,22],"current_hp_per_floor":[59,57,57,57,57,52,74,74,74,74,68,75,70,76,76,45,69,37,37,43,43,43,66,19,42,42,42,65,24,19,4,29,0],"gold":198,"neow_bonus":"UPGRADE_CARD","is_prod":false,"is_daily":false,"chose_seed":false,"campfire_upgraded":2,"win_rate":0,"timestamp":1529951609,"path_taken":["M","M","$","M","?","E","R","?","T","R","M","?","?","M","R","BOSS","M","?","M","?","$","R","M","R","T","?","R","M","?","?","R","BOSS"],"build_version":"2018-06-21v2","purchased_purges":1,"victory":false,"max_hp_per_floor":[75,75,75,75,75,75,75,75,75,75,75,75,77,77,77,77,77,77,77,79,79,79,79,79,79,79,79,79,79,81,86,86,86],"card_choices":[{"not_picked":["Compile Driver","Ball Lightning"],"picked":"Glacier","floor":1},{"not_picked":["Coolheaded","Stack"],"picked":"Cold Snap","floor":2},{"not_picked":["Barrage","Stack"],"picked":"Defragment","floor":4},{"not_picked":["Go for the Eyes","Scrape"],"picked":"Darkness","floor":6},{"not_picked":["Hologram","Rebound"],"picked":"Self Repair","floor":11},{"not_picked":["Coolheaded","Machine Learning"],"picked":"Genetic Algorithm","floor":12},{"not_picked":["Steam","Ball Lightning","Skim"],"picked":"Singing Bowl","floor":13},{"not_picked":["Ball Lightning","Glacier"],"picked":"Loop","floor":14},{"not_picked":["Hyperbeam","All For One"],"picked":"Multi-Cast","floor":16},{"not_picked":["Conserve Battery","Leap"],"picked":"Redo","floor":18},{"not_picked":["Steam Power","Redo","Conserve Battery+1"],"picked":"Singing Bowl","floor":20},{"not_picked":["Redo","Coolheaded"],"picked":"Fusion","floor":24},{"not_picked":["Auto Shields+1","Rebound"],"picked":"Rainbow","floor":29},{"not_picked":["Go for the Eyes","Streamline","Rebound"],"picked":"Singing Bowl","floor":30}],"player_experience":748674,"relics_obtained":[{"floor":6,"key":"Singing Bowl"},{"floor":9,"key":"Happy Flower"},{"floor":26,"key":"Oddly Smooth Stone"}],"event_choices":[{"event_name":"Golden Shrine","player_choice":"Pray","floor":5,"damage_taken":0},{"event_name":"Golden Shrine","player_choice":"Pray","floor":19,"damage_taken":0},{"event_name":"Beggar","player_choice":"Gave Gold","floor":21,"damage_taken":0},{"event_name":"Accursed Blacksmith","player_choice":"Forge","floor":27,"damage_taken":0},{"event_name":"Forgotten Altar","player_choice":"Shed Blood","floor":31,"damage_taken":0}],"boss_relics":[{"not_picked":["Cursed Key","Snecko Eye"],"picked":"Lizard Tail"}],"items_purged_floors":[3],"is_endless":false,"potions_floor_spawned":[4,6,11,12,20,24,29,30],"killed_by":"Automaton","ascension_level":6}