{"gold_per_floor":[110,126,126,126,145,145,175,193,193,203,203,220,240,43,43,138,138,154,167,167],"floor_reached":20,"playtime":1077,"items_purged":[],"score":285,"play_id":"68df04b0-3758-40ce-a91e-95ffa43e96dc","local_time":"20181019135531","is_ascension_mode":true,"campfire_choices":[{"data":"Perfected Strike","floor":6,"key":"SMITH"},{"data":"Rage","floor":11,"key":"SMITH"},{"data":"Bash","floor":15,"key":"SMITH"}],"neow_cost":"NONE","seed_source_timestamp":814680487296693,"circlet_count":0,"master_deck":["Strike_R","Strike_R","Strike_R","Strike_R","Defend_R","Defend_R","Defend_R","Defend_R","Bash+1","AscendersBane","Trip","Perfected Strike+1","Shrug It Off","Thunderclap","Shockwave","Rage+1","Twin Strike","True Grit","After Image","Hologram","Spot Weakness+1"],"relics":["Burning Blood","Pen Nib","Pantograph","PrismaticShard","Sozu"],"potions_floor_usage":[7,7,16,16],"damage_taken":[{"damage":1,"enemies":"Cultist","floor":1,"turns":3},{"damage":12,"enemies":"Jaw Worm","floor":2,"turns":2},{"damage":5,"enemies":"2 Louse","floor":5,"turns":3},{"damage":17,"enemies":"3 Sentries","floor":7,"turns":6},{"damage":7,"enemies":"Exordium Wildlife","floor":8,"turns":4},{"damage":0,"enemies":"3 Louse","floor":10,"turns":5},{"damage":27,"enemies":"Lots of Slimes","floor":12,"turns":5},{"damage":3,"enemies":"2 Fungi Beasts","floor":13,"turns":3},{"damage":45,"enemies":"The Guardian","floor":16,"turns":13},{"damage":25,"enemies":"2 Thieves","floor":18,"turns":5},{"damage":25,"enemies":"Spheric Guardian","floor":19,"turns":4},{"damage":30,"enemies":"Chosen and Byrds","floor":20,"turns":4}],"seed_played":"4118192985368910497","potions_obtained":[{"floor":2,"key":"Block Potion"},{"floor":5,"key":"Swift Potion"},{"floor":12,"key":"Block Potion"},{"floor":13,"key":"Weak Potion"}],"is_trial":false,"path_per_floor":["M","M","?","?","M","R","E","M","T","M","R","M","M","$","R","B",null,"M","M"],"character_chosen":"IRONCLAD","items_purchased":["PrismaticShard"],"campfire_rested":0,"item_purchase_floors":[14],"current_hp_per_floor":[77,71,64,64,65,65,54,53,53,59,59,38,41,41,41,27,67,48,29,0],"gold":167,"neow_bonus":"RANDOM_COLORLESS","is_prod":false,"is_daily":false,"chose_seed":false,"campfire_upgraded":3,"win_rate":0,"timestamp":1539971731,"path_taken":["M","M","?","?","M","R","E","M","T","?","R","M","M","$","R","BOSS","M","M","M"],"build_version":"2018-10-18","purchased_purges":0,"victory":false,"max_hp_per_floor":[80,80,80,80,80,80,80,80,80,80,80,80,80,80,80,80,80,80,80,80],"card_choices":[{"not_picked":["Pommel Strike","Fire Breathing"],"picked":"Perfected Strike","floor":1},{"not_picked":["Battle Trance","Dropkick"],"picked":"Shrug It Off","floor":2},{"not_picked":["Sword Boomerang","Reckless Charge"],"picked":"Thunderclap","floor":5},{"not_picked":["Feel No Pain","Sword Boomerang"],"picked":"Shockwave","floor":7},{"not_picked":["Clothesline","Body Slam"],"picked":"Rage","floor":8},{"not_picked":["Body Slam","Armaments"],"picked":"Twin Strike","floor":10},{"not_picked":["Shrug It Off","Fiend Fire"],"picked":"True Grit","floor":12},{"not_picked":["True Grit","Shockwave","Anger"],"picked":"SKIP","floor":13},{"not_picked":["Bludgeon","Master of Strategy"],"picked":"After Image","floor":16},{"not_picked":["Steam","Steam"],"picked":"Hologram","floor":18},{"not_picked":["Flying Knee","Headbutt+1"],"picked":"Spot Weakness+1","floor":19}],"player_experience":1549589,"relics_obtained":[{"floor":7,"key":"Pen Nib"},{"floor":9,"key":"Pantograph"}],"event_choices":[{"cards_removed":["Strike_R"],"damage_healed":0,"gold_gain":0,"player_choice":"Card Removal","damage_taken":7,"max_hp_gain":0,"max_hp_loss":0,"event_name":"Golden Wing","floor":3,"gold_loss":0},{"damage_healed":0,"gold_gain":0,"player_choice":"Ignored","damage_taken":0,"max_hp_gain":0,"max_hp_loss":0,"event_name":"Liars Game","floor":4,"gold_loss":0}],"is_beta":false,"boss_relics":[{"not_picked":["Philosopher\u0027s Stone","Mark of Pain"],"picked":"Sozu"}],"items_purged_floors":[],"is_endless":false,"potions_floor_spawned":[2,5,12,13],"killed_by":"Chosen and Byrds","ascension_level":12}