{"gold_per_floor":[118,128,78,78,89,89,89,104,104,128,138,138,70,97,97,97],"floor_reached":16,"playtime":766,"items_purged":[],"score":100,"play_id":"d6145724-ee22-4c9e-aa4c-2808209f26fb","local_time":"20181209225802","is_ascension_mode":false,"campfire_choices":[{"data":"Barricade","floor":6,"key":"SMITH"},{"data":"Entrench","floor":12,"key":"SMITH"},{"data":"Seeing Red","floor":15,"key":"SMITH"}],"neow_cost":"NONE","seed_source_timestamp":942180625916906,"circlet_count":0,"master_deck":["Strike_R","Strike_R","Strike_R","Strike_R","Defend_R","Defend_R","Defend_R","Bash","Barricade+1","Seeing Red+1","Clothesline","Entrench+1","Shockwave","Impervious"],"relics":["Burning Blood","Regal Pillow","Bottled Tornado","Strawberry"],"potions_floor_usage":[14,16,16],"damage_taken":[{"damage":1,"enemies":"Small Slimes","floor":1,"turns":3},{"damage":11,"enemies":"Jaw Worm","floor":2,"turns":5},{"damage":1,"enemies":"Cultist","floor":5,"turns":3},{"damage":0,"enemies":"3 Louse","floor":8,"turns":5},{"damage":9,"enemies":"Blue Slaver","floor":11,"turns":6},{"damage":33,"enemies":"Gremlin Nob","floor":14,"turns":6},{"damage":88,"enemies":"Slime Boss","floor":16,"turns":17}],"seed_played":"710964705972588177","potions_obtained":[{"floor":1,"key":"Fruit Juice"},{"floor":5,"key":"Regen Potion"},{"floor":11,"key":"BloodPotion"}],"is_trial":false,"path_per_floor":["M","M","?","?","M","R","?","M","T","T","M","R","$","E","R","B"],"character_chosen":"IRONCLAD","items_purchased":["Shockwave"],"campfire_rested":0,"item_purchase_floors":[13],"current_hp_per_floor":[80,75,75,75,80,80,73,79,79,79,76,76,76,61,61,0],"gold":97,"neow_bonus":"ONE_RANDOM_RARE_CARD","is_prod":false,"is_daily":false,"chose_seed":false,"campfire_upgraded":3,"win_rate":0,"timestamp":1544363882,"path_taken":["M","M","?","?","?","R","?","M","T","?","?","R","$","E","R","BOSS"],"build_version":"2018-12-06","purchased_purges":0,"victory":false,"max_hp_per_floor":[80,80,80,80,80,80,80,80,80,80,80,80,80,92,92,92],"card_choices":[{"not_picked":["Sever Soul","Sword Boomerang","Perfected Strike"],"picked":"SKIP","floor":1},{"not_picked":["Clash","Iron Wave"],"picked":"Seeing Red","floor":2},{"not_picked":["Armaments","Sword Boomerang"],"picked":"Clothesline","floor":5},{"not_picked":["Perfected Strike","Twin Strike","Warcry"],"picked":"SKIP","floor":8},{"not_picked":["Sword Boomerang","Iron Wave"],"picked":"Entrench","floor":11},{"not_picked":["Flex","True Grit"],"picked":"Impervious","floor":14}],"player_experience":120040,"relics_obtained":[{"floor":9,"key":"Bottled Tornado"},{"floor":14,"key":"Strawberry"}],"event_choices":[{"cards_removed":["Strike_R"],"damage_healed":0,"gold_gain":0,"player_choice":"Card Removal","damage_taken":0,"max_hp_gain":0,"max_hp_loss":0,"event_name":"The Cleric","floor":3,"gold_loss":50},{"cards_removed":["Defend_R"],"damage_healed":0,"gold_gain":0,"player_choice":"Offered Basic","damage_taken":0,"max_hp_gain":0,"max_hp_loss":0,"event_name":"Bonfire Elementals","floor":4,"gold_loss":0},{"damage_healed":0,"gold_gain":0,"player_choice":"Success","damage_taken":7,"relics_obtained":["Regal Pillow"],"max_hp_gain":0,"max_hp_loss":0,"event_name":"Scrap Ooze","floor":7,"gold_loss":0}],"is_beta":false,"boss_relics":[],"items_purged_floors":[],"is_endless":false,"potions_floor_spawned":[1,5,11],"killed_by":"Slime Boss","ascension_level":0}