{"gold_per_floor":[115,115,2,2,2,2,14,14,14,14,44,56,69,103,103,201,201,218,234,88,88,104,104,104,124,124,134,134,134,134],"floor_reached":30,"playtime":1143,"items_purged":["Strike_G"],"score":296,"play_id":"c03896d2-8642-4bf3-beb7-81cc90857a86","local_time":"20180802124807","is_ascension_mode":true,"campfire_choices":[{"data":"Poisoned Stab","floor":6,"key":"SMITH"},{"data":"Backflip","floor":10,"key":"SMITH"},{"data":"Deadly Poison","floor":15,"key":"SMITH"},{"data":"Envenom","floor":23,"key":"SMITH"},{"data":"Catalyst","floor":29,"key":"SMITH"}],"neow_cost":"NONE","seed_source_timestamp":673552064334378,"circlet_count":0,"master_deck":["Defend_G","Defend_G","Defend_G","Defend_G","Defend_G","Strike_G","Strike_G","Strike_G","Strike_G","Survivor","Neutralize+1","Poisoned Stab+1","Escape Plan","All Out Attack","Backflip+1","Sucker Punch","Crippling Poison","Deadly Poison+1","Envenom+1","Escape Plan+1","Poisoned Stab","Catalyst+1","Cloak And Dagger","Leg Sweep+1"],"relics":["Coffee Dripper","Gremlin Horn","Odd Mushroom","Pantograph","White Beast Statue","Singing Bowl"],"potions_floor_usage":[14,19,22,25,25,27,30,30],"damage_taken":[{"damage":0,"enemies":"Small Slimes","floor":1,"turns":4},{"damage":0,"enemies":"2 Louse","floor":7,"turns":2},{"damage":1,"floor":11,"turns":4},{"damage":0,"enemies":"Cultist","floor":12,"turns":3},{"damage":0,"enemies":"Exordium Wildlife","floor":13,"turns":2},{"damage":16,"enemies":"Gremlin Nob","floor":14,"turns":4},{"damage":4,"enemies":"The Guardian","floor":16,"turns":8},{"damage":12,"enemies":"Chosen","floor":18,"turns":5},{"damage":15,"enemies":"Spheric Guardian","floor":19,"turns":6},{"damage":18,"enemies":"Snake Plant","floor":22,"turns":4},{"damage":6,"enemies":"Cultist and Chosen","floor":25,"turns":5},{"damage":2,"enemies":"3 Cultists","floor":27,"turns":6},{"damage":8,"enemies":"Snecko","floor":30,"turns":5}],"seed_played":"-7472890121951136553","potions_obtained":[{"floor":11,"key":"GhostInAJar"},{"floor":12,"key":"GhostInAJar"},{"floor":16,"key":"LiquidBronze"},{"floor":18,"key":"PowerPotion"},{"floor":19,"key":"LiquidBronze"},{"floor":22,"key":"GhostInAJar"},{"floor":25,"key":"Weak Potion"},{"floor":27,"key":"AttackPotion"}],"is_trial":false,"path_per_floor":["M","?","$","?","?","R","M","$","T","R","?","M","M","E","R","B",null,"M","M","$","?","M","R","?","M","T","M","?","R"],"character_chosen":"THE_SILENT","items_purchased":["Escape Plan","All Out Attack","Catalyst"],"campfire_rested":0,"item_purchase_floors":[3,3,20],"current_hp_per_floor":[63,68,68,68,68,68,68,68,68,68,67,67,67,51,51,71,74,62,47,47,33,15,15,15,9,9,7,7,7,0],"gold":134,"neow_bonus":"BOSS_RELIC","is_prod":false,"is_daily":false,"chose_seed":false,"campfire_upgraded":5,"win_rate":0,"timestamp":1533228487,"path_taken":["M","?","$","?","?","R","M","$","T","R","?","M","M","E","R","BOSS","M","M","$","?","M","R","?","M","T","?","?","R","M"],"build_version":"2018-07-26","purchased_purges":1,"victory":false,"max_hp_per_floor":[70,75,75,75,75,75,75,75,75,75,75,75,75,75,75,75,75,75,75,75,80,80,80,80,80,80,80,80,80,80],"card_choices":[{"not_picked":["Underhanded Strike","Deflect"],"picked":"Poisoned Stab","floor":1},{"not_picked":["Escape Plan","Dodge and Roll"],"picked":"Backflip","floor":7},{"not_picked":["Flechettes","Expertise"],"picked":"Sucker Punch","floor":11},{"not_picked":["Quick Slash","PiercingWail"],"picked":"Crippling Poison","floor":12},{"not_picked":["Dagger Throw","Sucker Punch"],"picked":"Deadly Poison","floor":13},{"not_picked":["Terror","Die Die Die","Slice"],"picked":"SKIP","floor":14},{"not_picked":["Burst","Glass Knife"],"picked":"Envenom","floor":16},{"not_picked":["Underhanded Strike","Bane+1"],"picked":"Escape Plan+1","floor":18},{"not_picked":["Underhanded Strike","Deflect+1"],"picked":"Poisoned Stab","floor":19},{"not_picked":["Slice","Flying Knee+1","Prepared+1"],"picked":"SKIP","floor":22},{"not_picked":["Outmaneuver","Flying Knee"],"picked":"Cloak And Dagger","floor":25},{"not_picked":["Noxious Fumes","Deadly Poison+1"],"picked":"Leg Sweep+1","floor":27}],"player_experience":1394769,"relics_obtained":[{"floor":9,"key":"Gremlin Horn"},{"floor":11,"key":"Odd Mushroom"},{"floor":14,"key":"Pantograph"},{"floor":26,"key":"Singing Bowl"}],"event_choices":[{"event_name":"Big Fish","player_choice":"Donut","floor":2,"damage_taken":0},{"event_name":"Living Wall","player_choice":"Grow","floor":4,"damage_taken":0},{"event_name":"Shining Light","player_choice":"Ignored","floor":5,"damage_taken":0},{"event_name":"Mushrooms","player_choice":"Fought Mushrooms","floor":11,"damage_taken":0},{"event_name":"Forgotten Altar","player_choice":"Shed Blood","floor":21,"damage_taken":0},{"event_name":"Vampires","player_choice":"Ignored","floor":24,"damage_taken":0},{"event_name":"Addict","player_choice":"Ignored","floor":28,"damage_taken":0}],"is_beta":false,"boss_relics":[{"not_picked":["Runic Dome","Eternal Feather"],"picked":"White Beast Statue"}],"items_purged_floors":[20],"is_endless":false,"potions_floor_spawned":[11,12,16,18,19,22,25,27],"killed_by":"Snecko","ascension_level":6}