{"path_per_floor":["M","M","M","?","$","R","M","M","T","R","M","?","M","$","R","B",null,"M","$","?","?","M","R","M","R","T","M","M","M","M","M","R"],"character_chosen":"IRONCLAD","items_purchased":["Clash","Thunderclap+1","Battle Trance"],"gold_per_floor":[118,129,149,149,22,22,40,52,52,52,68,68,79,34,34,138,138,149,9,9,40,53,53,70,70,70,87,103,113,130,147,147,147],"floor_reached":33,"campfire_rested":1,"playtime":1949,"item_purchase_floors":[],"current_hp_per_floor":[79,79,80,73,73,73,68,69,69,69,75,80,85,85,85,61,85,74,74,74,71,70,70,71,71,71,64,47,33,33,27,52,0],"items_purged":["Defend_R","Strike_R"],"gold":147,"score":245,"play_id":"56f69165-4d55-4897-a0a6-f4d9f3fc4746","local_time":"20180620201612","is_prod":false,"is_daily":false,"chose_seed":false,"is_ascension_mode":false,"campfire_upgraded":5,"win_rate":0,"timestamp":1529540172,"campfire_choices":[{"data":"Pommel Strike","floor":6.0,"key":"SMITH"},{"data":"Rampage","floor":10.0,"key":"SMITH"},{"data":"Shrug It Off","floor":15.0,"key":"SMITH"},{"data":"Clash","floor":23,"key":"SMITH"},{"data":"Impervious","floor":25,"key":"SMITH"},{"floor":32,"key":"REST"}],"path_taken":["M","M","M","?","?","R","M","M","T","R","M","?","?","$","R","BOSS","M","$","?","?","?","R","M","R","T","?","M","M","M","M","R","BOSS"],"build_version":"2018-06-14v2","seed_source_timestamp":0,"purchased_purges":2,"victory":false,"master_deck":["Strike_R","Strike_R","Strike_R","Defend_R","Defend_R","Bash","Pommel Strike+1","Shrug It Off+1","Clash","Clash+1","Cleave","Rampage+1","Pommel Strike+1","Thunderclap+1","Impervious+1","Dropkick+1","Battle Trance","Headbutt+1","Clash+1","Writhe","Headbutt+1"],"max_hp_per_floor":[80,80,80,80,80,80,80,80,80,80,80,85,85,85,85,85,85,85,85,85,85,85,85,85,85,85,85,85,85,85,85,85,85],"special_seed":0,"relics":["Burning Blood","Molten Egg 2","Cursed Key","Red Mask","Paper Frog"],"card_choices":[{"not_picked":["Sword Boomerang","Anger"],"picked":"Pommel Strike","floor":1.0},{"not_picked":["Clash","Rupture"],"picked":"Shrug It Off","floor":2.0},{"not_picked":["Dual Wield","Cleave"],"picked":"Clash","floor":3.0},{"not_picked":["Feel No Pain","Armaments"],"picked":"Cleave","floor":7.0},{"not_picked":["Carnage","Barricade"],"picked":"Rampage","floor":8.0},{"not_picked":["Blood for Blood+1","Clothesline+1","Wild Strike+1"],"picked":"SKIP","floor":11.0},{"not_picked":["Entrench","Armaments"],"picked":"Pommel Strike+1","floor":13.0},{"not_picked":["Reaper+1","Demon Form"],"picked":"Impervious","floor":16.0},{"not_picked":["Twin Strike+1","Power Through"],"picked":"Dropkick+1","floor":18},{"not_picked":["Wild Strike+1","Iron Wave+1"],"picked":"Headbutt+1","floor":22},{"not_picked":["Searing Blow+1","Rupture"],"picked":"Clash+1","floor":24},{"not_picked":["Hemokinesis+1","Cleave+1","Evolve"],"picked":"SKIP","floor":27},{"not_picked":["Intimidate+1","Fire Breathing"],"picked":"Headbutt+1","floor":28},{"not_picked":["Pummel+1","Anger+1","Cleave+1"],"picked":"SKIP","floor":29},{"not_picked":["Clash+1","Dual Wield+1","True Grit"],"picked":"SKIP","floor":30},{"not_picked":["Second Wind","Reaper+1","Disarm"],"picked":"SKIP","floor":31}],"player_experience":664551,"potions_floor_usage":[28,33,33,33],"damage_taken":[{"damage":7.0,"enemies":"2 Louse","floor":1.0,"turns":3.0},{"damage":6.0,"enemies":"Cultist","floor":2.0,"turns":3.0},{"damage":0.0,"enemies":"Small Slimes","floor":3.0,"turns":3.0},{"damage":11.0,"enemies":"Exordium Wildlife","floor":7.0,"turns":3.0},{"damage":5.0,"enemies":"Red Slaver","floor":8.0,"turns":2.0},{"damage":0.0,"enemies":"3 Louse","floor":11.0,"turns":2.0},{"damage":0.0,"enemies":"Gremlin Gang","floor":13.0,"turns":3.0},{"damage":42.0,"enemies":"Hexaghost","floor":16.0,"turns":8.0},{"damage":17,"enemies":"Spheric Guardian","floor":18,"turns":4},{"damage":9,"floor":21,"turns":3},{"damage":7,"enemies":"2 Thieves","floor":22,"turns":2},{"damage":5,"enemies":"Centurion and Healer","floor":24,"turns":4},{"damage":13,"enemies":"Snake Plant","floor":27,"turns":4},{"damage":23,"enemies":"Slaver and Parasite","floor":28,"turns":5},{"damage":20,"enemies":"Sentry and Sphere","floor":29,"turns":4},{"damage":6,"enemies":"Centurion and Healer","floor":30,"turns":4},{"damage":12,"enemies":"Snecko","floor":31,"turns":4},{"damage":62,"enemies":"Collector","floor":33,"turns":7}],"relics_obtained":[{"floor":9.0,"key":"Molten Egg 2"},{"floor":21,"key":"Red Mask"},{"floor":26,"key":"Paper Frog"}],"event_choices":[{"event_name":"Golden Wing","player_choice":"Card Removal","floor":4.0,"damage_taken":0.0},{"event_name":"Big Fish","player_choice":"Donut","floor":12.0,"damage_taken":0.0},{"event_name":"Accursed Blacksmith","player_choice":"Ignore","floor":20,"damage_taken":0},{"event_name":"Masked Bandits","player_choice":"Fought over 9 gold","floor":21,"damage_taken":0}],"boss_relics":[{"not_picked":["Philosopher\u0027s Stone","Astrolabe"],"picked":"Cursed Key"}],"items_purged_floors":[],"is_endless":false,"potions_floor_spawned":[2,3,7,13,16,22,28,30],"seed_played":"-9138771926557174047","killed_by":"Collector","ascension_level":0,"potions_obtained":[{"floor":2.0,"key":"Regen Potion"},{"floor":3.0,"key":"Block Potion"},{"floor":7.0,"key":"Block Potion"},{"floor":16.0,"key":"Dexterity Potion"},{"floor":22,"key":"Block Potion"},{"floor":28,"key":"PowerPotion"},{"floor":30,"key":"Strength Potion"}],"is_trial":false}