{"gold_per_floor":[117,132,144,144,18,18,44,44,69,69,69,69,69,82,82,187,187,187,187,187,187,187,187,187,187,187,187,187,38,38,38,38,38],"floor_reached":33,"playtime":1934,"items_purged":[],"score":311,"play_id":"8b3dd3e2-f536-4d27-aaa0-4f4f2a61e6f6","local_time":"20180709155514","is_ascension_mode":true,"campfire_choices":[{"floor":6,"key":"REST"},{"floor":8,"key":"REST"},{"floor":10,"key":"REST"},{"data":"Sucker Punch","floor":12,"key":"SMITH"},{"floor":15,"key":"REST"},{"floor":23,"key":"REST"},{"floor":32,"key":"REST"}],"neow_cost":"NONE","seed_source_timestamp":498752800670398,"circlet_count":0,"master_deck":["Defend_G","Defend_G","Defend_G","Defend_G","Defend_G","Strike_G","Strike_G","Survivor","Neutralize","Cloak And Dagger","Backflip","Backflip","Accuracy","Sucker Punch+1","Cloak And Dagger","Noxious Fumes","Doppelganger","Accuracy+1","Finisher+1","Quick Slash+1","Dodge and Roll+1","Flying Knee","Sucker Punch","Blade Dance","Blur","Flechettes+1"],"relics":["Empty Cage","Centennial Puzzle","Boot","Ectoplasm","Enchiridion","Nloth\u0027s Gift","Bottled Lightning"],"potions_floor_usage":[16,16,22,31],"damage_taken":[{"damage":0,"enemies":"2 Louse","floor":1,"turns":5},{"damage":4,"enemies":"Jaw Worm","floor":2,"turns":7},{"damage":0,"enemies":"Small Slimes","floor":3,"turns":4},{"damage":55,"enemies":"Lagavulin","floor":7,"turns":10},{"damage":8,"enemies":"Looter","floor":14,"turns":3},{"damage":28,"enemies":"The Guardian","floor":16,"turns":16},{"damage":11,"enemies":"Spheric Guardian","floor":18,"turns":8},{"damage":1,"enemies":"3 Byrds","floor":20,"turns":5},{"damage":3,"enemies":"Cultist and Chosen","floor":22,"turns":6},{"damage":0,"enemies":"Snecko","floor":24,"turns":5},{"damage":29,"enemies":"Sentry and Sphere","floor":27,"turns":7},{"damage":4,"enemies":"Snake Plant","floor":28,"turns":5},{"damage":8,"enemies":"Snecko","floor":30,"turns":5},{"damage":27,"enemies":"Slaver and Parasite","floor":31,"turns":7},{"damage":49,"enemies":"Automaton","floor":33,"turns":6}],"seed_played":"5257152908021201951","potions_obtained":[{"floor":3,"key":"GamblersBrew"},{"floor":7,"key":"Explosive Potion"},{"floor":13,"key":"FairyPotion"},{"floor":13,"key":"Block Potion"},{"floor":14,"key":"Regen Potion"},{"floor":18,"key":"Strength Potion"},{"floor":22,"key":"GhostInAJar"}],"is_trial":false,"path_per_floor":["M","M","M","?","$","R","E","R","T","R","?","R","?","M","R","B",null,"M","?","M","?","M","R","M","?","T","M","M","$","M","M","R"],"character_chosen":"THE_SILENT","items_purchased":["Accuracy","Sucker Punch","Blade Dance","Blur"],"campfire_rested":6,"item_purchase_floors":[5,5,29,29],"current_hp_per_floor":[70,66,66,54,54,70,15,36,36,57,50,50,50,44,65,47,64,55,48,49,33,32,53,55,55,55,26,22,22,14,7,28,0],"gold":38,"neow_bonus":"BOSS_RELIC","is_prod":false,"is_daily":false,"chose_seed":false,"campfire_upgraded":1,"win_rate":0,"timestamp":1531166114,"path_taken":["M","M","M","?","$","R","E","R","T","R","?","R","?","?","R","BOSS","M","?","?","?","M","R","?","?","T","M","M","$","M","M","R","BOSS"],"build_version":"2018-07-05","purchased_purges":0,"victory":false,"max_hp_per_floor":[70,70,70,70,70,70,70,70,70,70,70,70,70,70,70,70,70,70,70,70,70,70,70,70,70,70,70,70,70,70,70,70,70],"card_choices":[{"not_picked":["PiercingWail","Expertise"],"picked":"Cloak And Dagger","floor":1},{"not_picked":["Dagger Spray","Underhanded Strike"],"picked":"Backflip","floor":2},{"not_picked":["Flechettes","Expertise"],"picked":"Backflip","floor":3},{"not_picked":["Slice","Setup"],"picked":"Cloak And Dagger","floor":7},{"not_picked":["Heel Hook","Eviscerate"],"picked":"Noxious Fumes","floor":14},{"not_picked":["Burst","Glass Knife"],"picked":"Doppelganger","floor":16},{"not_picked":["Malaise","Footwork+1"],"picked":"Accuracy+1","floor":18},{"not_picked":["Flying Knee+1","Heel Hook"],"picked":"Finisher+1","floor":20},{"not_picked":["Deadly Poison","Dagger Spray+1"],"picked":"Quick Slash+1","floor":22},{"not_picked":["Backflip","Slice"],"picked":"Dodge and Roll+1","floor":24},{"not_picked":["Dagger Throw","Dagger Spray+1"],"picked":"Flying Knee","floor":27},{"not_picked":["Dagger Spray","Dodge and Roll"],"picked":"Sucker Punch","floor":28},{"not_picked":["Venomology","Poisoned Stab+1"],"picked":"Flechettes+1","floor":30},{"not_picked":["Quick Slash","Reflex","Dagger Spray+1"],"picked":"SKIP","floor":31}],"player_experience":1010353,"relics_obtained":[{"floor":7,"key":"Boot"},{"floor":9,"key":"Blood Vial"},{"floor":21,"key":"Enchiridion"},{"floor":26,"key":"Bottled Lightning"}],"event_choices":[{"event_name":"Scrap Ooze","player_choice":"success","floor":4,"damage_taken":12},{"event_name":"Golden Wing","player_choice":"Card Removal","floor":11,"damage_taken":0},{"event_name":"The Lab","player_choice":"Got Potions","floor":13,"damage_taken":0},{"event_name":"Knowing Skull","player_choice":"","floor":19,"damage_taken":0},{"event_name":"Cursed Tome","player_choice":"Obtained Book","floor":21,"damage_taken":0},{"event_name":"N\u0027loth","player_choice":"Traded a Blood Vial","floor":25,"damage_taken":0}],"boss_relics":[{"not_picked":["Black Star","Astrolabe"],"picked":"Ectoplasm"}],"items_purged_floors":[],"is_endless":false,"potions_floor_spawned":[3,7,14,18,22],"killed_by":"Automaton","ascension_level":5}