{"gold_per_floor":[117,133,133,143,97,97,127,145,145,145,160,179,192,192,192,291,291,304,219,219,232,243,243,243,268,347,364,364],"floor_reached":28,"playtime":1496,"items_purged":[],"score":327,"play_id":"13ea6e04-60de-4e00-abe9-fbd66ab5644e","local_time":"20181007174205","is_ascension_mode":true,"campfire_choices":[{"data":"True Grit","floor":6,"key":"SMITH"},{"data":"Flex","floor":10,"key":"SMITH"},{"data":"Anger","floor":15,"key":"SMITH"},{"floor":23,"key":"REST"}],"neow_cost":"NONE","seed_source_timestamp":623832417916238,"circlet_count":0,"master_deck":["Strike_R","Strike_R","Strike_R","Strike_R","Strike_R","Defend_R","Defend_R","Defend_R","Defend_R","Bash+1","Flex+1","Warcry","Shockwave","True Grit+1","Spot Weakness","Anger+1","Power Through","Reckless Charge+1","Carnage+1","Demon Form","Searing Blow+1","Ghostly Armor","Intimidate+1","Immolate+1","Blood for Blood+1"],"relics":["Burning Blood","Blood Vial","Happy Flower","Molten Egg 2","Lizard Tail","Girya","MutagenicStrength","Sundial","The Courier"],"potions_floor_usage":[4,7,8,11,13,16,21,21,22,27],"damage_taken":[{"damage":1,"enemies":"Cultist","floor":1,"turns":3},{"damage":0,"enemies":"2 Louse","floor":2,"turns":3},{"damage":7,"enemies":"Small Slimes","floor":4,"turns":4},{"damage":31,"enemies":"Gremlin Nob","floor":7,"turns":5},{"damage":1,"enemies":"2 Fungi Beasts","floor":8,"turns":4},{"damage":17,"enemies":"Lots of Slimes","floor":11,"turns":4},{"damage":2,"enemies":"Looter","floor":12,"turns":4},{"damage":3,"enemies":"3 Louse","floor":13,"turns":3},{"damage":27,"enemies":"The Guardian","floor":16,"turns":10},{"damage":17,"enemies":"Spheric Guardian","floor":18,"turns":4},{"damage":16,"enemies":"Shell Parasite","floor":21,"turns":5},{"damage":71,"enemies":"Chosen and Byrds","floor":22,"turns":10},{"damage":67,"enemies":"Gremlin Leader","floor":25,"turns":12},{"damage":9,"enemies":"Centurion and Healer","floor":27,"turns":5},{"damage":21,"enemies":"Sentry and Sphere","floor":28,"turns":5}],"seed_played":"6562982875532579991","potions_obtained":[{"floor":2,"key":"EntropicBrew"},{"floor":11,"key":"Strength Potion"},{"floor":12,"key":"Regen Potion"},{"floor":16,"key":"Regen Potion"},{"floor":20,"key":"PowerPotion"},{"floor":20,"key":"EssenceOfSteel"},{"floor":25,"key":"SkillPotion"}],"is_trial":false,"path_per_floor":["M","M","?","M","$","R","E","M","T","R","M","M","M","?","R","B",null,"M","?","?","M","M","R","?","E","T","M"],"character_chosen":"IRONCLAD","items_purchased":["True Grit"],"campfire_rested":1,"item_purchase_floors":[5],"current_hp_per_floor":[79,80,80,79,79,79,55,62,62,62,53,59,73,73,73,54,74,65,65,65,62,46,70,70,11,11,10,0],"gold":364,"neow_bonus":"RANDOM_COMMON_RELIC","is_prod":false,"is_daily":false,"chose_seed":false,"campfire_upgraded":3,"win_rate":0,"timestamp":1538952125,"path_taken":["M","M","?","?","$","R","E","?","T","R","M","M","?","?","R","BOSS","M","?","?","?","M","R","?","E","T","M","M"],"build_version":"2018-10-04v2","purchased_purges":0,"victory":false,"max_hp_per_floor":[80,80,80,80,80,80,80,80,80,80,80,80,80,80,80,80,80,80,80,80,80,80,80,80,80,80,80,80],"card_choices":[{"not_picked":["Cleave","Warcry"],"picked":"Flex","floor":1},{"not_picked":["Havoc","Power Through"],"picked":"Warcry","floor":2},{"not_picked":["Bloodletting","Heavy Blade"],"picked":"Shockwave","floor":4},{"not_picked":["Anger","Barricade"],"picked":"Spot Weakness","floor":7},{"not_picked":["Body Slam","Searing Blow"],"picked":"Anger","floor":8},{"not_picked":["Warcry","Sentinel"],"picked":"Power Through","floor":11},{"not_picked":["True Grit","Metallicize"],"picked":"Reckless Charge+1","floor":12},{"not_picked":["Metallicize","Wild Strike+1"],"picked":"Carnage+1","floor":13},{"not_picked":["Juggernaut","Exhume"],"picked":"Demon Form","floor":16},{"not_picked":["Power Through+1","Heavy Blade+1"],"picked":"Searing Blow+1","floor":18},{"not_picked":["Sword Boomerang+1","Wild Strike+1"],"picked":"Ghostly Armor","floor":21},{"not_picked":["Shockwave+1","Bloodletting"],"picked":"Intimidate+1","floor":22},{"not_picked":["Warcry","Intimidate"],"picked":"Immolate+1","floor":25},{"not_picked":["Corruption","Flex"],"picked":"Blood for Blood+1","floor":27}],"player_experience":717095,"relics_obtained":[{"floor":7,"key":"Happy Flower"},{"floor":9,"key":"Molten Egg 2"},{"floor":25,"key":"Sundial"},{"floor":26,"key":"The Courier"}],"event_choices":[{"event_name":"Living Wall","player_choice":"Grow","floor":3,"damage_taken":0},{"event_name":"The Cleric","player_choice":"Leave","floor":14,"damage_taken":0},{"event_name":"Addict","player_choice":"Obtained Relic","floor":19,"damage_taken":0},{"event_name":"The Lab","player_choice":"Got Potions","floor":20,"damage_taken":0},{"event_name":"Drug Dealer","player_choice":"Inject Mutagens","floor":24,"damage_taken":0}],"is_beta":false,"boss_relics":[{"not_picked":["Calling Bell","Coffee Dripper"],"picked":"Lizard Tail"}],"items_purged_floors":[],"is_endless":false,"potions_floor_spawned":[2,11,12,16,25],"killed_by":"Sentry and Sphere","ascension_level":7}