{"gold_per_floor":[109,128,128,128,151,151,164,182,208,228,82,82],"floor_reached":12,"playtime":307,"items_purged":["Strike_B"],"score":72,"play_id":"de5ff006-ffda-472d-9adc-ecbf259e220f","local_time":"20190208160604","is_ascension_mode":false,"campfire_choices":[{"data":"Dualcast","floor":6,"key":"SMITH"}],"neow_cost":"NONE","seed_source_timestamp":2805364793952,"circlet_count":0,"master_deck":["Strike_B","Strike_B","Strike_B","Defend_B","Defend_B","Defend_B","Defend_B","Zap+1","Dualcast+1","Conserve Battery","Genetic Algorithm","BootSequence"],"relics":["Cracked Core","NeowsBlessing","Golden Idol","Bag of Marbles"],"potions_floor_usage":[],"damage_taken":[{"damage":0,"enemies":"Jaw Worm","floor":1,"turns":1},{"damage":0,"enemies":"Cultist","floor":2,"turns":1},{"damage":0,"enemies":"2 Louse","floor":5,"turns":1},{"damage":11,"enemies":"Lots of Slimes","floor":7,"turns":3},{"damage":6,"enemies":"3 Louse","floor":8,"turns":3},{"damage":3,"enemies":"Red Slaver","floor":10,"turns":3},{"damage":57,"enemies":"Gremlin Nob","floor":12,"turns":5}],"seed_played":"-7184349200674470070","potions_obtained":[{"floor":7,"key":"SkillPotion"},{"floor":8,"key":"Dexterity Potion"}],"is_trial":false,"path_per_floor":["M","M","?","?","M","R","M","M","T","M","$","E"],"character_chosen":"DEFECT","items_purchased":["BootSequence"],"campfire_rested":0,"item_purchase_floors":[11],"current_hp_per_floor":[75,75,69,69,69,69,58,52,52,49,49,0],"gold":82,"neow_bonus":"THREE_ENEMY_KILL","is_prod":false,"is_daily":false,"chose_seed":false,"campfire_upgraded":1,"win_rate":0.0,"timestamp":1549638364,"path_taken":["M","M","?","?","M","R","M","M","T","M","$","E"],"build_version":"2019-01-23","purchased_purges":1,"victory":false,"max_hp_per_floor":[75,75,69,69,69,69,69,69,69,69,69,69],"card_choices":[{"not_picked":["Sweeping Beam","Leap"],"picked":"Conserve Battery","floor":1},{"not_picked":["Reprogram","Glacier","Leap"],"picked":"SKIP","floor":2},{"not_picked":["All For One","Go for the Eyes","Redo"],"picked":"SKIP","floor":5},{"not_picked":["Conserve Battery","Streamline"],"picked":"Genetic Algorithm","floor":7},{"not_picked":["Hologram","Skim","Compile Driver"],"picked":"SKIP","floor":8},{"not_picked":["Steam Power","Hologram","Chaos"],"picked":"SKIP","floor":10}],"player_experience":12721,"relics_obtained":[{"floor":9,"key":"Bag of Marbles"}],"event_choices":[{"damage_healed":0,"gold_gain":0,"player_choice":"Lose Max HP","damage_taken":0,"relics_obtained":["Golden Idol"],"max_hp_gain":0,"max_hp_loss":6,"event_name":"Golden Idol","floor":3,"gold_loss":0},{"damage_healed":0,"gold_gain":0,"player_choice":"Upgraded","damage_taken":0,"max_hp_gain":0,"max_hp_loss":0,"event_name":"Upgrade Shrine","floor":4,"gold_loss":0,"cards_upgraded":["Zap"]}],"is_beta":false,"boss_relics":[],"items_purged_floors":[11],"is_endless":false,"potions_floor_spawned":[7,8],"killed_by":"Gremlin Nob","ascension_level":0}