{"gold_per_floor":[11,11,30,30,46,46,80,80,80,80,93,93,93,108,108,234,234,227,254,273,28,42,42,55,55,55,75,95,116,116,116],"floor_reached":31,"playtime":1504,"items_purged":[],"score":323,"play_id":"4704bfcc-b55a-4b9f-b013-2ad6611f2588","local_time":"20190101154523","is_ascension_mode":true,"campfire_choices":[{"data":"Neutralize","floor":6.0,"key":"SMITH"},{"data":"Doppelganger","floor":8.0,"key":"SMITH"},{"data":"Terror","floor":15.0,"key":"SMITH"},{"data":"Apotheosis","floor":23,"key":"SMITH"},{"data":"Backflip","floor":30,"key":"SMITH"}],"neow_cost":"NO_GOLD","seed_source_timestamp":571571654759518,"circlet_count":0,"master_deck":["Defend_G","Defend_G","Defend_G","Defend_G","Strike_G","Strike_G","Strike_G","Survivor","Neutralize+1","Doppelganger+1","Poisoned Stab","Escape Plan","Terror+1","Footwork","Deadly Poison","Dagger Throw","Bullet Time","Quick Slash+1","Dagger Spray","Apotheosis+1","Bouncing Flask","PiercingWail","Bouncing Flask","Prepared","Backflip+1","Flying Knee+1"],"special_seed":0,"relics":["Ring of the Snake","Ornamental Fan","Golden Idol","Bag of Preparation","Bronze Scales","Kunai","White Beast Statue","Vajra","Molten Egg 2"],"potions_floor_usage":[22,22,28,29],"damage_taken":[{"damage":0.0,"enemies":"2 Louse","floor":1.0,"turns":3.0},{"damage":2.0,"enemies":"Cultist","floor":3.0,"turns":5.0},{"damage":2.0,"enemies":"Jaw Worm","floor":5.0,"turns":4.0},{"damage":21.0,"enemies":"3 Sentries","floor":7.0,"turns":13.0},{"damage":0.0,"enemies":"3 Louse","floor":11.0,"turns":3.0},{"damage":2.0,"enemies":"Red Slaver","floor":14.0,"turns":3.0},{"damage":2.0,"enemies":"Hexaghost","floor":16.0,"turns":9.0},{"damage":3.0,"enemies":"2 Thieves","floor":18.0,"turns":4.0},{"damage":5,"enemies":"Shell Parasite","floor":20,"turns":4},{"damage":10,"enemies":"3 Cultists","floor":22,"turns":4},{"damage":5,"enemies":"Centurion and Healer","floor":24,"turns":5},{"damage":1,"enemies":"Cultist and Chosen","floor":27,"turns":5},{"damage":0,"enemies":"3 Cultists","floor":28,"turns":4},{"damage":0,"enemies":"Snake Plant","floor":29,"turns":3},{"damage":32,"enemies":"Chosen and Byrds","floor":31,"turns":4}],"seed_played":"-6122311224114779037","potions_obtained":[{"floor":1.0,"key":"Weak Potion"},{"floor":5.0,"key":"Poison Potion"},{"floor":14.0,"key":"Block Potion"},{"floor":18.0,"key":"Poison Potion"},{"floor":20,"key":"SteroidPotion"},{"floor":22,"key":"SpeedPotion"},{"floor":24,"key":"Ancient Potion"},{"floor":27,"key":"Dexterity Potion"},{"floor":28,"key":"Block Potion"},{"floor":29,"key":"FearPotion"}],"is_trial":false,"path_per_floor":["M","?","M","?","M","R","E","R","T","?","M","?","?","M","R","B",null,"M","T","M","$","M","R","M","?","T","M","M","M","R","M"],"character_chosen":"THE_SILENT","items_purchased":["Apotheosis","Bouncing Flask"],"campfire_rested":0,"item_purchase_floors":[21,21],"current_hp_per_floor":[63,60,58,58,56,56,35,35,35,35,35,28,28,26,26,24,55,52,52,47,47,37,37,32,32,32,31,31,31,31,0],"gold":116,"neow_bonus":"THREE_RARE_CARDS","is_prod":false,"is_daily":false,"chose_seed":false,"campfire_upgraded":5,"win_rate":0,"timestamp":1546325123,"path_taken":["M","?","M","?","M","R","E","R","T","?","?","?","?","M","R","BOSS","M","?","?","$","M","R","M","?","T","M","M","M","R","M"],"build_version":"2018-12-20","purchased_purges":0,"victory":false,"max_hp_per_floor":[70,70,70,65,65,65,65,65,65,65,65,65,65,65,65,65,65,65,65,65,65,65,65,65,65,65,65,65,65,65,65],"card_choices":[{"not_picked":["Night Terror","Wraith Form v2"],"picked":"Doppelganger","floor":0.0},{"not_picked":["Endless Agony","Slice","Flechettes"],"picked":"SKIP","floor":1.0},{"not_picked":["Accuracy","Underhanded Strike"],"picked":"Poisoned Stab","floor":3.0},{"not_picked":["Slice","Calculated Gamble"],"picked":"Escape Plan","floor":5.0},{"not_picked":["Blade Dance","Masterful Stab"],"picked":"Terror","floor":7.0},{"not_picked":["Prepared","Slice"],"picked":"Footwork","floor":11.0},{"not_picked":["Slice","Reflex"],"picked":"Dagger Throw","floor":14.0},{"not_picked":["After Image","Grand Finale"],"picked":"Bullet Time","floor":16.0},{"not_picked":["Slice","Outmaneuver"],"picked":"Quick Slash+1","floor":18.0},{"not_picked":["Quick Slash","Reflex"],"picked":"Dagger Spray","floor":20},{"not_picked":["Bane+1","Dagger Throw"],"picked":"PiercingWail","floor":22},{"not_picked":["Tactician+1","PiercingWail"],"picked":"Bouncing Flask","floor":24},{"not_picked":["Underhanded Strike+1","Concentrate+1"],"picked":"Backflip","floor":27},{"not_picked":["Deadly Poison","Deflect","All Out Attack+1"],"picked":"SKIP","floor":28},{"not_picked":["Prepared","Envenom"],"picked":"Flying Knee+1","floor":29}],"player_experience":301565,"relics_obtained":[{"floor":7.0,"key":"Bag of Preparation"},{"floor":9.0,"key":"Bronze Scales"},{"floor":19.0,"key":"Vajra"},{"floor":26,"key":"Molten Egg 2"}],"event_choices":[{"damage_healed":0.0,"max_hp_gain":0.0,"max_hp_loss":0.0,"gold_gain":0.0,"event_name":"Scrap Ooze","player_choice":"Success","floor":2.0,"gold_loss":0.0,"damage_taken":3.0,"relics_obtained":["Ornamental Fan"]},{"damage_healed":0.0,"max_hp_gain":0.0,"max_hp_loss":5.0,"gold_gain":0.0,"event_name":"Golden Idol","player_choice":"Lose Max HP","floor":4.0,"gold_loss":0.0,"damage_taken":0.0,"relics_obtained":["Golden Idol"]},{"damage_healed":0.0,"max_hp_gain":0.0,"max_hp_loss":0.0,"gold_gain":0.0,"event_name":"WeMeetAgain","player_choice":"Gave Potion","floor":10.0,"gold_loss":0.0,"damage_taken":0.0,"relics_obtained":["Kunai"]},{"cards_removed":["Strike_G"],"damage_healed":0.0,"max_hp_gain":0.0,"max_hp_loss":0.0,"gold_gain":0.0,"event_name":"Golden Wing","player_choice":"Card Removal","floor":12.0,"gold_loss":0.0,"damage_taken":7.0},{"damage_healed":0.0,"max_hp_gain":0.0,"max_hp_loss":0.0,"gold_gain":0.0,"cards_transformed":["Defend_G"],"event_name":"Transmorgrifier","player_choice":"Transformed","floor":13.0,"gold_loss":0.0,"damage_taken":0.0,"cards_obtained":["Deadly Poison"]},{"damage_healed":0,"gold_gain":0,"cards_transformed":["Strike_G"],"player_choice":"Transformed","damage_taken":0,"max_hp_gain":0,"max_hp_loss":0,"event_name":"Transmorgrifier","floor":25,"gold_loss":0,"cards_obtained":["Prepared"]}],"is_beta":false,"boss_relics":[{"not_picked":["Lizard Tail","Calling Bell"],"picked":"White Beast Statue"}],"items_purged_floors":[],"is_endless":false,"potions_floor_spawned":[1,5,14,18,20,22,24,27,28,29],"killed_by":"Chosen and Byrds","ascension_level":7}