{"path_per_floor":["M","M","M","?","M","E","?","$","T","M","M","M","E","M","R","B",null,"M","M","?","M","?","R","E","M","T","M","R","?","$","M","R","B",null,"M","?","M","$","M","R","M","R","T","E","M","R","E","M","R"],"character_chosen":"IRONCLAD","items_purchased":["Carnage","Lantern","Apotheosis","Rampage"],"gold_per_floor":[111,121,134,134,151,182,147,68,68,85,98,117,149,167,167,269,269,282,298,298,310,310,310,345,355,355,365,365,365,41,61,61,164,164,177,177,189,113,130,130,149,149,149,179,189,189,221,234,234],"floor_reached":50,"campfire_rested":5,"playtime":3429,"current_hp_per_floor":[80,79,79,79,80,47,67,67,67,73,69,75,76,80,80,41,80,80,77,77,69,54,79,44,49,49,55,80,80,80,83,83,19,85,80,69,66,66,68,85,85,85,85,56,56,81,48,24,49],"items_purged":[],"gold":234,"score":591,"play_id":"ab92009d-0f5c-40c5-94f8-be9e78c74d18","local_time":"20180318181238","is_prod":false,"is_daily":false,"is_ascension_mode":false,"campfire_upgraded":3,"timestamp":1521389558,"path_taken":["M","M","M","?","M","E","?","$","T","M","M","M","E","?","R","BOSS","M","M","?","M","?","R","E","M","T","M","R","?","$","M","R","BOSS","M","?","M","$","M","R","?","R","T","E","M","R","E","?","R","BOSS"],"build_version":"2018-03-15v3","purchased_purges":0,"victory":false,"master_deck":["Strike_R+1","Strike_R+1","Strike_R+1","Strike_R+1","Strike_R+1","Defend_R+1","Defend_R+1","Defend_R+1","Defend_R+1","Bash","Pommel Strike","Double Tap","Clothesline","Shrug It Off","Thunderclap","Carnage+1","Uppercut","Double Tap","Flex","Cleave","Rampage+1","Bludgeon","Shockwave+1","Searing Blow","Anger","Shrug It Off","Impervious","Wild Strike+1","Pain","Feel No Pain","Apotheosis+1","Flex","Immolate","Carnage","Madness","Madness","Carnage+1","Rampage","Clash+1","Clash+1","Carnage","Parasite","Berserk","Pummel+1","Infernal Blade","Battle Trance+1","Iron Wave+1"],"max_hp_per_floor":[80,80,80,80,80,80,80,80,80,80,80,80,80,80,80,80,80,80,80,80,80,85,85,85,85,85,85,85,85,85,85,85,85,85,85,85,85,85,85,85,85,85,85,85,85,85,85,85,85],"relics":["Burning Blood","Art of War","Unceasing Top","Thread and Needle","Dream Catcher","Cursed Key","Meat on the Bone","Ice Cream","Lantern","Black Star","Bird Faced Urn","Toolbox","Letter Opener","Champion Belt","Torii"],"card_choices":[{"not_picked":["Havoc","True Grit"],"picked":"Pommel Strike"},{"not_picked":["Warcry","Sword Boomerang"],"picked":"Double Tap"},{"not_picked":["Body Slam","Hemokinesis"],"picked":"Clothesline"},{"not_picked":["Havoc","Pummel"],"picked":"Shrug It Off"},{"not_picked":["Clash","Whirlwind"],"picked":"Thunderclap"},{"not_picked":["Armaments","Seeing Red"],"picked":"Uppercut"},{"not_picked":["True Grit","Combust"],"picked":"Double Tap"},{"not_picked":["Clash","Reckless Charge"],"picked":"Flex"},{"not_picked":["Wild Strike","Flex"],"picked":"Cleave"},{"not_picked":["Pummel","Impervious"],"picked":"Rampage"},{"not_picked":["Brutality","Dark Embrace"],"picked":"Bludgeon"},{"not_picked":["Hemokinesis","Headbutt"],"picked":"Shockwave"},{"not_picked":["Warcry","Twin Strike"],"picked":"Searing Blow"},{"not_picked":["Headbutt","Juggernaut"],"picked":"Anger"},{"not_picked":["Warcry","Body Slam"],"picked":"Shrug It Off"},{"not_picked":["Armaments","Metallicize"],"picked":"Impervious"},{"not_picked":["Sever Soul","Havoc"],"picked":"Wild Strike"},{"not_picked":["Sentinel","Clothesline"],"picked":"Feel No Pain"},{"not_picked":["True Grit","Havoc"],"picked":"Flex"},{"not_picked":["Fiend Fire","Feed"],"picked":"Immolate"},{"not_picked":["Body Slam","Thunderclap"],"picked":"Carnage"},{"not_picked":["Headbutt","Wild Strike"],"picked":"Carnage"},{"not_picked":["Perfected Strike","Whirlwind"],"picked":"Clash"},{"not_picked":["Ghostly Armor","Clothesline"],"picked":"Clash"},{"not_picked":["Clothesline","Corruption"],"picked":"Carnage"},{"not_picked":["Metallicize","Shrug It Off"],"picked":"Berserk"},{"not_picked":["Sentinel","Feel No Pain"],"picked":"Pummel"},{"not_picked":["Sword Boomerang","Iron Wave"],"picked":"Infernal Blade"},{"not_picked":["Pummel","Havoc"],"picked":"Battle Trance"},{"not_picked":["Cleave","Burning Pact"],"picked":"Iron Wave"}],"player_experience":154070,"potions_floor_usage":[11,13,16,16,16,21,21,24,39,44,44,48,50,50],"damage_taken":[{"damage":5,"enemies":"Small Slimes","floor":1,"turns":3},{"damage":7,"enemies":"2 Louse","floor":2,"turns":3},{"damage":6,"enemies":"Jaw Worm","floor":3,"turns":5},{"damage":5,"enemies":"3 Louse","floor":5,"turns":3},{"damage":39,"enemies":"3 Sentries","floor":6,"turns":11},{"damage":0,"enemies":"Large Slime","floor":10,"turns":4},{"damage":10,"enemies":"Lots of Slimes","floor":11,"turns":4},{"damage":0,"enemies":"3 Louse","floor":12,"turns":4},{"damage":5,"enemies":"Gremlin Nob","floor":13,"turns":4},{"damage":0,"enemies":"2 Fungi Beasts","floor":14,"turns":3},{"damage":66,"enemies":"The Guardian","floor":16,"turns":12},{"damage":0,"enemies":"Spheric Guardian","floor":18,"turns":3},{"damage":9,"enemies":"Shell Parasite","floor":19,"turns":5},{"damage":14,"enemies":"Centurion and Healer","floor":21,"turns":8},{"damage":41,"enemies":"Slavers","floor":24,"turns":7},{"damage":1,"enemies":"3 Cultists","floor":25,"turns":4},{"damage":12,"enemies":"Sentry and Sphere","floor":27,"turns":4},{"damage":3,"enemies":"Snecko","floor":31,"turns":4},{"damage":82,"enemies":"Collector","floor":33,"turns":14},{"damage":11,"enemies":"3 Darklings","floor":35,"turns":11},{"damage":9,"enemies":"3 Shapes","floor":37,"turns":2},{"damage":4,"enemies":"Maw","floor":39,"turns":6},{"damage":4,"enemies":"4 Shapes","floor":41,"turns":4},{"damage":47,"enemies":"2 Orb Walkers","floor":44,"turns":5},{"damage":22,"enemies":"3 Darklings","floor":45,"turns":7},{"damage":55,"enemies":"Giant Head","floor":47,"turns":7},{"damage":61,"enemies":"Maw","floor":48,"turns":9},{"damage":64,"enemies":"Donu and Deca","floor":50,"turns":5}],"event_choices":[{"event_name":"Liars Game","player_choice":"disagreed","floor":4,"damage_taken":0},{"event_name":"The Cleric","player_choice":"Healed","floor":7,"damage_taken":0},{"event_name":"Vampires","player_choice":"Ignored","floor":20,"damage_taken":0},{"event_name":"Forgotten Altar","player_choice":"Shed Blood","floor":22,"damage_taken":0},{"event_name":"Back to Basics","player_choice":"Simplicity","floor":29,"damage_taken":0},{"event_name":"Winding Halls","player_choice":"Embrace Madness","floor":36,"damage_taken":0}],"boss_relics":[{"not_picked":["Lizard Tail","Runic Cube"],"picked":"Cursed Key"},{"not_picked":["Mark of Pain","Astrolabe"],"picked":"Black Star"}],"potions_floor_spawned":[6,11,12,13,14,16,18,19,33,39,41,44,47,48],"seed_played":"6719944361324588208","killed_by":"Donu and Deca","ascension_level":0,"is_trial":false}