{"gold_per_floor":[367,383,383,401,421,421,440,454,454,483,61,61,72,104,104,104],"floor_reached":16,"playtime":857,"items_purged":["Decay"],"score":160,"play_id":"3bf5f841-974e-4e9e-8adf-6fd5360f2190","local_time":"20180722184203","is_ascension_mode":true,"campfire_choices":[{"data":"Neutralize","floor":6,"key":"SMITH"},{"floor":12,"key":"REST"},{"floor":15,"key":"REST"}],"neow_cost":"CURSE","seed_source_timestamp":262719444580165,"circlet_count":0,"master_deck":["Defend_G","Defend_G","Defend_G","Defend_G","Defend_G","Strike_G","Strike_G","Strike_G+1","Strike_G","Strike_G","Survivor","Neutralize+1","PiercingWail","All Out Attack+1","Leg Sweep","Poisoned Stab","Dagger Spray","Crippling Poison","Burst","Acrobatics","Catalyst"],"relics":["Ring of the Snake","Whetstone","Sundial","Vajra","Bag of Preparation","Happy Flower"],"potions_floor_usage":[8,10,10,10,14,16,16],"damage_taken":[{"damage":2,"enemies":"Jaw Worm","floor":1,"turns":7},{"damage":5,"enemies":"Cultist","floor":2,"turns":5},{"damage":0,"enemies":"Small Slimes","floor":4,"turns":4},{"damage":8,"enemies":"Looter","floor":5,"turns":4},{"damage":1,"enemies":"Blue Slaver","floor":7,"turns":4},{"damage":6,"enemies":"Exordium Wildlife","floor":8,"turns":4},{"damage":12,"enemies":"Lagavulin","floor":10,"turns":7},{"damage":6,"enemies":"Looter","floor":13,"turns":5},{"damage":35,"enemies":"Gremlin Nob","floor":14,"turns":5},{"damage":33,"enemies":"Slime Boss","floor":16,"turns":6}],"seed_played":"-198776404121315659","potions_obtained":[{"floor":3,"key":"Explosive Potion"},{"floor":3,"key":"GhostInAJar"},{"floor":3,"key":"SmokeBomb"},{"floor":5,"key":"GhostInAJar"},{"floor":8,"key":"AttackPotion"},{"floor":10,"key":"LiquidBronze"},{"floor":13,"key":"Weak Potion"},{"floor":14,"key":"PowerPotion"}],"is_trial":false,"path_per_floor":["M","M","?","M","M","R","M","M","T","E","$","R","M","E","R"],"character_chosen":"THE_SILENT","items_purchased":["Vajra","Bag of Preparation","Acrobatics"],"campfire_rested":2,"item_purchase_floors":[11,11,11],"current_hp_per_floor":[61,56,56,56,48,48,47,41,41,29,29,50,44,9,30,0],"gold":104,"neow_bonus":"TWO_FIFTY_GOLD","is_prod":false,"is_daily":false,"chose_seed":false,"campfire_upgraded":1,"win_rate":0,"timestamp":1532250723,"path_taken":["M","M","?","M","M","R","M","M","T","E","$","R","M","E","R","BOSS"],"build_version":"2018-07-19v2","purchased_purges":1,"victory":false,"max_hp_per_floor":[70,70,70,70,70,70,70,70,70,70,70,70,70,70,70,70],"card_choices":[{"not_picked":["Dodge and Roll","Sucker Punch"],"picked":"PiercingWail","floor":1},{"not_picked":["Endless Agony","Deflect"],"picked":"All Out Attack","floor":2},{"not_picked":["Well Laid Plans","Sucker Punch"],"picked":"Leg Sweep","floor":4},{"not_picked":["Cloak And Dagger","Slice"],"picked":"Poisoned Stab","floor":5},{"not_picked":["Prepared","Setup"],"picked":"Dagger Spray","floor":7},{"not_picked":["Blur","Poisoned Stab"],"picked":"Crippling Poison","floor":8},{"not_picked":["Deflect","Backflip"],"picked":"Burst","floor":10},{"not_picked":["Bouncing Flask","Flying Knee"],"picked":"Catalyst","floor":13},{"not_picked":["Flying Knee","Underhanded Strike","Predator"],"picked":"SKIP","floor":14}],"player_experience":228221,"relics_obtained":[{"floor":9,"key":"Whetstone"},{"floor":10,"key":"Sundial"},{"floor":14,"key":"Happy Flower"}],"event_choices":[{"event_name":"The Lab","player_choice":"Got Potions","floor":3,"damage_taken":0}],"is_beta":false,"boss_relics":[],"items_purged_floors":[11],"is_endless":false,"potions_floor_spawned":[5,8,10,13,14],"killed_by":"Slime Boss","ascension_level":8}