{"path_per_floor":["M","M","?","?","M","R","E","$","T","?","M","R","E","M","R","B",null,"M","M","?","M","?","R","$","M","T","E","$","?","M","M","R","B",null,"M","M","?","$","?","R","M"],"character_chosen":"IRONCLAD","items_purchased":["Mind Blast","Shuriken","Oddly Smooth Stone","Bottled Tornado","Shrug It Off","Weak Potion"],"gold_per_floor":[109,126,126,126,144,144,177,79,79,109,128,128,169,190,190,309,309,330,348,348,358,358,358,102,115,139,169,14,14,33,49,49,154,154,171,189,535,172,172,172,186,186],"floor_reached":42,"campfire_rested":6,"playtime":4455,"current_hp_per_floor":[80,78,62,42,45,69,34,34,34,34,38,62,60,66,80,26,80,80,58,58,56,56,80,80,80,87,82,82,82,61,64,91,51,91,87,84,39,39,28,55,50,0],"items_purged":[],"gold":186,"score":499,"play_id":"9d0233c4-aaa2-4204-8dc2-f3df785a9b8b","local_time":"20180325154342","is_prod":false,"is_daily":false,"is_ascension_mode":true,"campfire_upgraded":0,"timestamp":1521985422,"path_taken":["M","M","?","?","M","R","E","$","T","?","M","R","E","?","R","BOSS","M","M","?","M","?","R","$","M","T","E","$","?","M","M","R","BOSS","M","M","?","$","?","R","M","E"],"build_version":"2018-03-22v2","purchased_purges":0,"victory":false,"master_deck":["Strike_R","Strike_R+1","Strike_R","Strike_R","Strike_R","Defend_R","Defend_R","Defend_R+1","Defend_R","Bash","Pommel Strike","Pommel Strike","Metallicize","Anger","Mind Blast","Headbutt+1","Rampage+1","Spot Weakness","Offering+1","Headbutt+1","Flame Barrier","Headbutt+1","Cleave+1","Feed+1","Inflame","Shrug It Off+1","Limit Break","Bludgeon+1","Pommel Strike+1","Rage","Infernal Blade+1","Shrug It Off","Madness","Madness","Rupture+1"],"max_hp_per_floor":[80,80,80,80,80,80,80,80,80,80,80,80,80,80,80,80,80,80,80,80,80,80,80,80,80,87,87,87,87,91,91,91,91,91,91,91,91,91,91,91,91,91],"relics":["Burning Blood","Vajra","Bloody Idol","Champion Belt","Molten Egg 2","Gambling Chip","Black Star","Shuriken","Strawberry","Toolbox","Darkstone Periapt","Oddly Smooth Stone","Runic Cube","Old Coin","Bottled Tornado"],"card_choices":[{"not_picked":["Entrench","Thunderclap"],"picked":"Pommel Strike","floor":1},{"not_picked":["Wild Strike","Intimidate"],"picked":"Pommel Strike","floor":2},{"not_picked":["Wild Strike","Intimidate"],"picked":"Metallicize","floor":5},{"not_picked":["Offering","Warcry"],"picked":"Anger","floor":7},{"not_picked":["Iron Wave","Seeing Red"],"picked":"Headbutt","floor":11},{"not_picked":["Body Slam","Dark Embrace"],"picked":"Rampage","floor":13},{"not_picked":["Havoc","Clash"],"picked":"Spot Weakness","floor":14},{"not_picked":["Dark Embrace","Immolate"],"picked":"Offering","floor":16},{"not_picked":["Thunderclap","Iron Wave"],"picked":"Headbutt","floor":18},{"not_picked":["Armaments","Havoc"],"picked":"Flame Barrier","floor":19},{"not_picked":["Armaments","Cleave"],"picked":"Headbutt","floor":21},{"not_picked":["Sever Soul","Havoc"],"picked":"Cleave","floor":25},{"not_picked":["Clash","Twin Strike"],"picked":"Feed","floor":27},{"not_picked":["Twin Strike","Cleave"],"picked":"Shrug It Off","floor":30},{"not_picked":["Wild Strike","Havoc"],"picked":"Limit Break","floor":31},{"not_picked":["Barricade","Immolate"],"picked":"Bludgeon","floor":33},{"not_picked":["Thunderclap","Cleave"],"picked":"Pommel Strike","floor":35},{"not_picked":["Corruption","Sentinel"],"picked":"Rage","floor":36},{"not_picked":["Thunderclap","Headbutt"],"picked":"Infernal Blade","floor":37},{"not_picked":["Inflame","Feel No Pain"],"picked":"Rupture","floor":41}],"player_experience":177359,"potions_floor_usage":[11,13,16,27,27,37,41,42],"damage_taken":[{"damage":2,"enemies":"Small Slimes","floor":1,"turns":4},{"damage":8,"enemies":"2 Louse","floor":2,"turns":2},{"damage":3,"enemies":"Jaw Worm","floor":5,"turns":3},{"damage":41,"enemies":"Gremlin Nob","floor":7,"turns":5},{"damage":2,"enemies":"Looter","floor":11,"turns":3},{"damage":8,"enemies":"3 Sentries","floor":13,"turns":7},{"damage":0,"enemies":"2 Fungi Beasts","floor":14,"turns":2},{"damage":60,"enemies":"The Guardian","floor":16,"turns":9},{"damage":4,"enemies":"Spheric Guardian","floor":18,"turns":3},{"damage":28,"enemies":"2 Thieves","floor":19,"turns":4},{"damage":13,"enemies":"Centurion and Healer","floor":21,"turns":5},{"damage":11,"enemies":"Snecko","floor":25,"turns":4},{"damage":16,"enemies":"Book of Stabbing","floor":27,"turns":6},{"damage":36,"enemies":"Snake Plant","floor":30,"turns":3},{"damage":8,"enemies":"Cultist and Chosen","floor":31,"turns":6},{"damage":51,"enemies":"Automaton","floor":33,"turns":8},{"damage":15,"enemies":"3 Shapes","floor":35,"turns":4},{"damage":14,"enemies":"Orb Walker","floor":36,"turns":3},{"damage":61,"enemies":"Mysterious Sphere","floor":37,"turns":5},{"damage":16,"enemies":"Maw","floor":41,"turns":6},{"damage":64,"enemies":"2 Orb Walkers","floor":42,"turns":4}],"event_choices":[{"event_name":"Shining Light","player_choice":"Entered Light","floor":3,"damage_taken":0},{"event_name":"Golden Idol","player_choice":"Take Damage","floor":4,"damage_taken":0},{"event_name":"Dead Adventurer","player_choice":"Searched \u00271\u0027 times","floor":10,"damage_taken":0},{"event_name":"Forgotten Altar","player_choice":"Gave Idol","floor":20,"damage_taken":0},{"event_name":"Upgrade Shrine","player_choice":"Upgraded","floor":22,"damage_taken":0},{"event_name":"The Library","player_choice":"Read","floor":29,"damage_taken":0},{"event_name":"Mysterious Sphere","player_choice":"Fight","floor":37,"damage_taken":0},{"event_name":"Winding Halls","player_choice":"Embrace Madness","floor":39,"damage_taken":0}],"boss_relics":[{"not_picked":["Sozu","Astrolabe"],"picked":"Black Star"},{"not_picked":["Calling Bell","Velvet Choker"],"picked":"Runic Cube"}],"potions_floor_spawned":[5,11,13,16,19,25,27,37],"seed_played":"2011499788200297271","killed_by":"2 Orb Walkers","ascension_level":1,"is_trial":false}