{"gold_per_floor":[116,134,59,77,87,87,121,121,175,175,175,191,218,230,242,254],"floor_reached":16,"playtime":619,"items_purged":["Strike_B"],"score":193,"play_id":"34021096-6123-4b57-b6f1-47aaf6e30ddc","local_time":"20180907102520","is_ascension_mode":true,"campfire_choices":[{"floor":6,"key":"REST"},{"floor":10,"key":"REST"},{"data":"Streamline","floor":15,"key":"SMITH"}],"neow_cost":"NONE","seed_source_timestamp":1505903335371460,"circlet_count":0,"master_deck":["Strike_B","Defend_B+1","Defend_B","Defend_B+1","Defend_B","Zap","Dualcast","AscendersBane","Gash","Sunder","Streamline+1","Gash","Core Surge","Parasite","Leap","Leap"],"relics":["Empty Cage","Frozen Egg 2","War Paint","MawBank"],"potions_floor_usage":[7,13,13],"damage_taken":[{"damage":8,"enemies":"2 Louse","floor":1,"turns":3},{"damage":10,"enemies":"Cultist","floor":2,"turns":4},{"damage":5,"enemies":"Small Slimes","floor":4,"turns":3},{"damage":12,"enemies":"Looter","floor":5,"turns":4},{"damage":32,"enemies":"Gremlin Nob","floor":7,"turns":4},{"damage":0,"enemies":"3 Louse","floor":12,"turns":2},{"damage":8,"enemies":"Lagavulin","floor":13,"turns":5},{"damage":69,"enemies":"Slime Boss","floor":16,"turns":11}],"seed_played":"2798393062713208528","potions_obtained":[{"floor":2,"key":"GamblersBrew"},{"floor":5,"key":"Swift Potion"},{"floor":12,"key":"PowerPotion"},{"floor":13,"key":"Energy Potion"}],"is_trial":false,"path_per_floor":["M","M","$","M","M","R","E","?","T","R","?","M","E","?","R"],"character_chosen":"DEFECT","items_purchased":[],"campfire_rested":2,"item_purchase_floors":[],"current_hp_per_floor":[56,46,46,41,29,50,18,35,35,56,71,71,63,63,63,0],"gold":254,"neow_bonus":"BOSS_RELIC","is_prod":false,"is_daily":false,"chose_seed":false,"campfire_upgraded":1,"win_rate":0,"timestamp":1536330320,"path_taken":["M","M","$","M","M","R","E","?","T","R","?","?","E","?","R","BOSS"],"build_version":"2018-09-06","purchased_purges":1,"victory":false,"max_hp_per_floor":[71,71,71,71,71,71,71,71,71,71,71,71,71,71,71,71],"card_choices":[{"not_picked":["Streamline","Hologram"],"picked":"Gash","floor":1},{"not_picked":["Steam","Rebound"],"picked":"Sunder","floor":2},{"not_picked":["Darkness","Sunder"],"picked":"Streamline","floor":4},{"not_picked":["Steam","White Noise"],"picked":"Gash","floor":5},{"not_picked":["Creative AI","Streamline"],"picked":"Core Surge","floor":7},{"not_picked":["Sunder","Chill"],"picked":"Leap","floor":12},{"not_picked":["Aggregate","Rainbow"],"picked":"Leap","floor":13}],"player_experience":1519834,"relics_obtained":[{"floor":7,"key":"Frozen Egg 2"},{"floor":9,"key":"War Paint"},{"floor":13,"key":"MawBank"}],"event_choices":[{"event_name":"Mushrooms","player_choice":"Healed and dodged fight","floor":8,"damage_taken":0},{"event_name":"Big Fish","player_choice":"Banana","floor":11,"damage_taken":0},{"event_name":"Liars Game","player_choice":"disagreed","floor":14,"damage_taken":0}],"is_beta":false,"boss_relics":[],"items_purged_floors":[3],"is_endless":false,"potions_floor_spawned":[2,5,12,13],"killed_by":"Slime Boss","ascension_level":15}