{"gold_per_floor":[115,125,125,200,200,200,3,3,28,28,66,66,84,105,105,235,235,219,239,239,113,113,142,42,42,119,146,159,34,34,48,48,48],"floor_reached":33,"playtime":1304,"items_purged":["Defend_G","Strike_G","Defend_G"],"score":261,"play_id":"70d6d0f9-2ce8-479f-8354-5660ee431811","local_time":"20180810215040","is_ascension_mode":false,"campfire_choices":[{"floor":6,"key":"REST"},{"data":"Neutralize","floor":8,"key":"SMITH"},{"data":"Poisoned Stab","floor":10,"key":"SMITH"},{"data":"Deflect","floor":12,"key":"SMITH"},{"data":"Outmaneuver","floor":15,"key":"SMITH"},{"data":"Strike_G","floor":30,"key":"PURGE"},{"floor":32,"key":"REST"}],"neow_cost":"NONE","seed_source_timestamp":6512031063093,"circlet_count":0,"master_deck":["Defend_G","Defend_G","Defend_G","Strike_G","Strike_G","Survivor","Neutralize+1","Poisoned Stab+1","Deflect+1","Dagger Spray","Outmaneuver+1","Flying Knee+1","Blade Dance+1","Blade Dance","Slice+1","Cloak And Dagger+1","Quick Slash+1"],"relics":["Ring of the Snake","Bag of Preparation","Bloody Idol","Happy Flower","Omamori","Oddly Smooth Stone","Cursed Key","CultistMask","Peace Pipe","Bottled Flame","Snake Skull"],"potions_floor_usage":[11,11,23],"damage_taken":[{"damage":0,"enemies":"Small Slimes","floor":1,"turns":4},{"damage":0,"enemies":"2 Louse","floor":2,"turns":4},{"damage":9,"enemies":"Lagavulin","floor":11,"turns":8},{"damage":0,"enemies":"Jaw Worm","floor":13,"turns":2},{"damage":1,"enemies":"Looter","floor":14,"turns":3},{"damage":32,"enemies":"The Guardian","floor":16,"turns":19},{"damage":10,"enemies":"2 Thieves","floor":18,"turns":4},{"damage":11,"enemies":"Chosen","floor":19,"turns":6},{"damage":32,"enemies":"Slavers","floor":23,"turns":7},{"damage":1,"enemies":"Snecko","floor":28,"turns":5},{"damage":34,"enemies":"Chosen and Byrds","floor":31,"turns":8},{"damage":35,"enemies":"Automaton","floor":33,"turns":4}],"seed_played":"9047486235975591266","potions_obtained":[{"floor":1,"key":"Block Potion"},{"floor":2,"key":"PowerPotion"},{"floor":18,"key":"Energy Potion"},{"floor":19,"key":"Ancient Potion"},{"floor":23,"key":"SteroidPotion"}],"is_trial":false,"path_per_floor":["M","M","?","?","?","R","$","R","T","R","E","R","M","M","R","B",null,"M","M","?","$","?","E","$","?","T","T","M","$","R","M","R"],"character_chosen":"THE_SILENT","items_purchased":["Happy Flower","Poisoned Stab","Blade Dance"],"campfire_rested":2,"item_purchase_floors":[7,7,21],"current_hp_per_floor":[70,70,63,52,35,56,56,56,56,56,47,47,47,46,46,14,70,60,49,49,49,49,22,22,22,27,32,36,36,36,7,28,0],"gold":48,"neow_bonus":"RANDOM_COMMON_RELIC","is_prod":false,"is_daily":false,"chose_seed":false,"campfire_upgraded":4,"win_rate":0,"timestamp":1533903640,"path_taken":["M","M","?","?","?","R","$","R","T","R","E","R","M","M","R","BOSS","M","M","?","$","?","E","$","?","T","?","M","$","R","M","R","BOSS"],"build_version":"2018-08-09","purchased_purges":3,"victory":false,"max_hp_per_floor":[70,70,70,70,70,70,70,70,70,70,70,70,70,70,70,70,70,70,70,70,70,70,70,70,70,70,70,70,70,70,70,70,70],"card_choices":[{"not_picked":["Dash","Blur","Flechettes"],"picked":"SKIP","floor":1},{"not_picked":["Underhanded Strike","Noxious Fumes","Backstab"],"picked":"SKIP","floor":2},{"not_picked":["Riddle With Holes","Sucker Punch"],"picked":"Deflect","floor":11},{"not_picked":["Poisoned Stab","Blade Dance"],"picked":"Dagger Spray","floor":13},{"not_picked":["Corpse Explosion","Skewer"],"picked":"Outmaneuver","floor":14},{"not_picked":["Well Laid Plans","Eviscerate+1"],"picked":"Flying Knee+1","floor":18},{"not_picked":["Deadly Poison","Riddle With Holes"],"picked":"Blade Dance+1","floor":19},{"not_picked":["Dodge and Roll","Skewer+1"],"picked":"Slice+1","floor":23},{"not_picked":["Dagger Spray","Bane"],"picked":"Cloak And Dagger+1","floor":28},{"not_picked":["Endless Agony","Grand Finale"],"picked":"Quick Slash+1","floor":31}],"player_experience":305281,"relics_obtained":[{"floor":9,"key":"Omamori"},{"floor":11,"key":"Oddly Smooth Stone"},{"floor":23,"key":"Peace Pipe"},{"floor":26,"key":"Bottled Flame"},{"floor":27,"key":"Snake Skull"}],"event_choices":[{"event_name":"Golden Wing","player_choice":"Card Removal","floor":3,"damage_taken":0},{"event_name":"World of Goop","player_choice":"Gather Gold","floor":4,"damage_taken":0},{"event_name":"Golden Idol","player_choice":"Take Damage","floor":5,"damage_taken":0},{"event_name":"FaceTrader","player_choice":"Trade","floor":20,"damage_taken":0},{"event_name":"Forgotten Altar","player_choice":"Gave Idol","floor":22,"damage_taken":0},{"event_name":"Drug Dealer","player_choice":"Ignored","floor":25,"damage_taken":0}],"is_beta":false,"boss_relics":[{"not_picked":["WristBlade","Ring of the Serpent"],"picked":"Cursed Key"}],"items_purged_floors":[21,24,29],"is_endless":false,"potions_floor_spawned":[1,2,18,19,23],"killed_by":"Automaton","ascension_level":0}