{"gold_per_floor":[114,114,364,364,382,382,392,412,438,454,454,465,500,500,500,596,596,614,594,844,863,163,163,163,163,240,240,240,254,268,283,283,385,385,401,401],"floor_reached":36,"playtime":1043,"items_purged":["Regret"],"score":391,"play_id":"ad074d53-96de-411c-a5fe-2dd355e38bc6","local_time":"20180725004423","is_ascension_mode":false,"campfire_choices":[{"floor":6,"key":"REST"},{"floor":11,"key":"REST"},{"floor":15,"key":"REST"},{"floor":23,"key":"REST"},{"floor":25,"key":"REST"},{"floor":28,"key":"REST"},{"floor":32,"key":"REST"}],"neow_cost":"NONE","seed_source_timestamp":81788630387844,"circlet_count":0,"master_deck":["Defend_G+1","Defend_G+1","Defend_G+1","Defend_G+1","Defend_G+1","Strike_G+1","Strike_G+1","Strike_G+1","Strike_G+1","Strike_G+1","Survivor","Neutralize","Leg Sweep","Dodge and Roll","Blade Dance","Deflect","Endless Agony","Phantasmal Killer","Wraith Form v2","Choke+1","Cloak And Dagger+1","Dagger Spray+1","Swift Strike","Cloak And Dagger","Outmaneuver","Skewer","Corpse Explosion"],"relics":["Fusion Hammer","Orichalcum","Vajra","Whetstone","Incense Burner","Eternal Feather","Art of War","MawBank","OrangePellets","Ornamental Fan","Black Star"],"potions_floor_usage":[12,12,16,16,18,21,33],"damage_taken":[{"damage":1,"enemies":"Jaw Worm","floor":1,"turns":4},{"damage":7,"enemies":"Cultist","floor":5,"turns":5},{"damage":4,"enemies":"2 Louse","floor":7,"turns":4},{"damage":0,"enemies":"Red Slaver","floor":8,"turns":6},{"damage":3,"enemies":"2 Fungi Beasts","floor":10,"turns":4},{"damage":1,"enemies":"Large Slime","floor":12,"turns":3},{"damage":15,"enemies":"Gremlin Nob","floor":13,"turns":5},{"damage":50,"enemies":"Hexaghost","floor":16,"turns":15},{"damage":2,"enemies":"Spheric Guardian","floor":18,"turns":5},{"damage":15,"enemies":"2 Thieves","floor":19,"turns":4},{"damage":29,"enemies":"Centurion and Healer","floor":21,"turns":8},{"damage":8,"enemies":"Snake Plant","floor":29,"turns":3},{"damage":2,"enemies":"Sentry and Sphere","floor":30,"turns":4},{"damage":0,"enemies":"Centurion and Healer","floor":31,"turns":5},{"damage":72,"enemies":"Automaton","floor":33,"turns":13},{"damage":3,"enemies":"Flame Bruiser 1 Orb","floor":35,"turns":5},{"damage":0,"enemies":"3 Darklings","floor":36,"turns":1}],"seed_played":"-6864512155188434258","potions_obtained":[{"floor":5,"key":"Ancient Potion"},{"floor":8,"key":"Swift Potion"},{"floor":10,"key":"SteroidPotion"},{"floor":13,"key":"Weak Potion"},{"floor":16,"key":"LiquidBronze"},{"floor":18,"key":"Swift Potion"},{"floor":21,"key":"FairyPotion"},{"floor":31,"key":"Ancient Potion"},{"floor":33,"key":"Dexterity Potion"}],"is_trial":false,"path_per_floor":["M","?","?","?","M","R","M","M","T","M","R","M","E","?","R","B",null,"M","M","?","M","$","R","?","R","T","?","R","M","M","M","R","B",null,"M"],"character_chosen":"THE_SILENT","items_purchased":["Art of War","MawBank","OrangePellets","Swift Strike","Cloak And Dagger"],"campfire_rested":7,"item_purchase_floors":[22,22,22,22,22],"current_hp_per_floor":[69,69,69,69,62,70,66,66,66,63,70,69,54,54,70,20,70,68,53,53,24,24,60,60,70,70,67,67,59,57,57,67,6,67,64,64],"gold":401,"neow_bonus":"BOSS_RELIC","is_prod":false,"is_daily":false,"chose_seed":false,"campfire_upgraded":0,"win_rate":0,"timestamp":1532445263,"path_taken":["M","?","?","?","M","R","M","M","T","M","R","M","E","?","R","BOSS","M","M","?","M","$","R","?","R","T","?","R","M","M","M","R","BOSS","M","M"],"build_version":"2018-07-19v2","purchased_purges":1,"victory":false,"max_hp_per_floor":[70,70,70,70,70,70,70,70,70,70,70,70,70,70,70,70,70,70,70,70,70,70,70,70,70,70,67,67,67,67,67,67,67,67,67,67],"card_choices":[{"not_picked":["Quick Slash","PiercingWail"],"picked":"Leg Sweep","floor":1},{"not_picked":["Concentrate","Expertise"],"picked":"Dodge and Roll","floor":5},{"not_picked":["Cloak And Dagger","Outmaneuver"],"picked":"Blade Dance","floor":7},{"not_picked":["Caltrops","Reflex"],"picked":"Deflect","floor":8},{"not_picked":["Deflect","Predator"],"picked":"Endless Agony","floor":10},{"not_picked":["Well Laid Plans","Prepared","Dagger Throw"],"picked":"SKIP","floor":12},{"not_picked":["Blade Dance","Dagger Spray"],"picked":"Phantasmal Killer","floor":13},{"not_picked":["Phantasmal Killer","After Image"],"picked":"Wraith Form v2","floor":16},{"not_picked":["Calculated Gamble","Sucker Punch+1"],"picked":"Choke+1","floor":18},{"not_picked":["Prepared","Poisoned Stab"],"picked":"Cloak And Dagger+1","floor":19},{"not_picked":["Cloak And Dagger+1","Outmaneuver"],"picked":"Dagger Spray+1","floor":21},{"not_picked":["Deflect+1","Well Laid Plans"],"picked":"Outmaneuver","floor":29},{"not_picked":["Dodge and Roll","Dagger Throw","Tactician"],"picked":"SKIP","floor":30},{"not_picked":["Calculated Gamble","Quick Slash+1"],"picked":"Skewer","floor":31},{"not_picked":["Burst","Wraith Form v2"],"picked":"Corpse Explosion","floor":33},{"not_picked":["Backflip+1","Deadly Poison","Prepared"],"picked":"SKIP","floor":35}],"player_experience":253941,"relics_obtained":[{"floor":9,"key":"Vajra"},{"floor":13,"key":"Whetstone"},{"floor":26,"key":"Ornamental Fan"}],"event_choices":[{"event_name":"Match and Keep!","player_choice":"1 cards matched","floor":2,"damage_taken":0},{"event_name":"Golden Shrine","player_choice":"Desecrate","floor":3,"damage_taken":0},{"event_name":"Accursed Blacksmith","player_choice":"Rummage","floor":4,"damage_taken":0},{"event_name":"Big Fish","player_choice":"Box","floor":14,"damage_taken":0},{"event_name":"Golden Shrine","player_choice":"Desecrate","floor":20,"damage_taken":0},{"event_name":"Back to Basics","player_choice":"Simplicity","floor":24,"damage_taken":0},{"event_name":"Fountain of Cleansing","player_choice":"Removed Curse","floor":27,"damage_taken":0}],"is_beta":false,"boss_relics":[{"not_picked":["Cursed Key","Astrolabe"],"picked":"Eternal Feather"},{"not_picked":["HoveringKite","Snecko Eye"],"picked":"Black Star"}],"items_purged_floors":[22],"is_endless":false,"potions_floor_spawned":[5,8,10,13,16,18,21,31,33],"killed_by":"3 Darklings","ascension_level":0}