{"gold_per_floor":[117,131,144,160,5,40,40,40,92,108,126,140,140,62,62,190,190,215,240,265,69,69,69,69],"floor_reached":24,"playtime":1166,"items_purged":[],"score":280,"play_id":"bb794920-e347-4fa3-b1ac-51ec5e211de4","local_time":"20180727143247","is_ascension_mode":true,"campfire_choices":[{"data":"Whirlwind","floor":8,"key":"SMITH"},{"data":"True Grit","floor":13,"key":"SMITH"},{"floor":15,"key":"REST"},{"floor":23,"key":"REST"}],"neow_cost":"NONE","seed_source_timestamp":161469713899341,"circlet_count":0,"master_deck":["Strike_R","Strike_R","Strike_R","Strike_R","Strike_R","Defend_R","Defend_R","Defend_R","Defend_R","Bash","Clothesline","Whirlwind+1","Heavy Blade","Carnage","Clothesline","Injury","Heavy Blade","Heavy Blade","True Grit+1","Disarm","Limit Break+1","Rage","Shrug It Off"],"relics":["Burning Blood","Orichalcum","Darkstone Periapt","Golden Idol","Anchor","White Beast Statue","ClockworkSouvenir"],"potions_floor_usage":[6,10,12,16,19,20,24],"damage_taken":[{"damage":10,"enemies":"Jaw Worm","floor":1,"turns":5},{"damage":15,"enemies":"2 Louse","floor":2,"turns":3},{"damage":0,"enemies":"Small Slimes","floor":3,"turns":2},{"damage":11,"enemies":"Looter","floor":4,"turns":3},{"damage":7,"enemies":"3 Sentries","floor":6,"turns":4},{"damage":21,"enemies":"Exordium Thugs","floor":10,"turns":6},{"damage":0,"enemies":"3 Louse","floor":11,"turns":2},{"damage":0,"enemies":"Blue Slaver","floor":12,"turns":3},{"damage":71,"enemies":"The Guardian","floor":16,"turns":16},{"damage":12,"enemies":"Shell Parasite","floor":18,"turns":9},{"damage":23,"enemies":"Spheric Guardian","floor":19,"turns":5},{"damage":47,"enemies":"Cultist and Chosen","floor":20,"turns":10},{"damage":55,"enemies":"Slavers","floor":24,"turns":5}],"seed_played":"1024880591236817824","potions_obtained":[{"floor":4,"key":"SkillPotion"},{"floor":6,"key":"Swift Potion"},{"floor":10,"key":"AttackPotion"},{"floor":11,"key":"AttackPotion"},{"floor":18,"key":"BloodPotion"},{"floor":19,"key":"Regen Potion"},{"floor":20,"key":"Weak Potion"}],"is_trial":false,"path_per_floor":["M","M","M","M","$","E","?","R","T","M","M","M","R","$","R","B",null,"M","M","M","$","?","R"],"character_chosen":"IRONCLAD","items_purchased":["Orichalcum","Disarm","ClockworkSouvenir"],"campfire_rested":2,"item_purchase_floors":[5,14,21],"current_hp_per_floor":[68,59,65,60,60,59,65,65,65,50,56,62,62,62,86,21,70,64,55,29,29,29,54,0],"gold":69,"neow_bonus":"THREE_CARDS","is_prod":false,"is_daily":false,"chose_seed":false,"campfire_upgraded":2,"win_rate":0,"timestamp":1532716367,"path_taken":["M","M","M","M","$","E","?","R","T","M","M","M","R","$","R","BOSS","M","M","M","$","?","R","E"],"build_version":"2018-07-26","purchased_purges":0,"victory":false,"max_hp_per_floor":[80,80,80,80,80,80,86,86,86,86,86,86,86,86,86,86,86,86,86,86,86,86,86,86],"card_choices":[{"not_picked":["Pommel Strike","Thunderclap"],"picked":"Clothesline","floor":0},{"not_picked":["Anger","Body Slam","Bloodletting"],"picked":"SKIP","floor":1},{"not_picked":["Clothesline","Perfected Strike"],"picked":"Whirlwind","floor":2},{"not_picked":["Blood for Blood","Battle Trance"],"picked":"Heavy Blade","floor":3},{"not_picked":["Shrug It Off","Armaments"],"picked":"Carnage","floor":4},{"not_picked":["Bloodletting","Wild Strike"],"picked":"Clothesline","floor":6},{"not_picked":["Carnage","Warcry"],"picked":"Heavy Blade","floor":10},{"not_picked":["Armaments","Anger"],"picked":"Heavy Blade","floor":11},{"not_picked":["Iron Wave","Thunderclap"],"picked":"True Grit","floor":12},{"not_picked":["Juggernaut","Berserk"],"picked":"Limit Break","floor":16},{"not_picked":["Bloodletting","Pommel Strike"],"picked":"Rage","floor":18},{"not_picked":["Sword Boomerang","Clash"],"picked":"Shrug It Off","floor":19},{"not_picked":["True Grit+1","Brutality","Clothesline+1"],"picked":"SKIP","floor":20}],"player_experience":1340927,"relics_obtained":[{"floor":6,"key":"Darkstone Periapt"},{"floor":9,"key":"Anchor"}],"event_choices":[{"event_name":"Golden Idol","player_choice":"Take Wound","floor":7,"damage_taken":0},{"event_name":"Upgrade Shrine","player_choice":"Upgraded","floor":22,"damage_taken":0}],"is_beta":false,"boss_relics":[{"not_picked":["Runic Pyramid","Fusion Hammer"],"picked":"White Beast Statue"}],"items_purged_floors":[],"is_endless":false,"potions_floor_spawned":[4,6,10,11,18,19,20],"killed_by":"Slavers","ascension_level":8}