{"gold_per_floor":[218,218,230,230,250,250,276,276,276,60,60,73,88,88,88,164,164,179,179],"floor_reached":19,"playtime":568,"items_purged":["Strike_B"],"score":334,"play_id":"a0f5b968-7bb5-4014-b1f7-cc43856b7da5","local_time":"20190209220924","is_ascension_mode":true,"campfire_choices":[{"data":"Streamline","floor":6,"key":"SMITH"},{"data":"Zap","floor":8,"key":"SMITH"},{"floor":11,"key":"REST"},{"floor":15,"key":"REST"}],"neow_cost":"NONE","seed_source_timestamp":546958301436547,"circlet_count":0,"master_deck":["AscendersBane","Strike_B","Strike_B","Defend_B","Defend_B","Defend_B","Defend_B","Zap+1","Dualcast","Gash","Streamline+1","Doom and Gloom","Coolheaded","Recycle","Sweeping Beam","Auto Shields","Rip and Tear","Reboot","Barrage"],"relics":["Cracked Core","Bottled Flame","Happy Flower","Bird Faced Urn","Inserter"],"potions_floor_usage":[7,7],"damage_taken":[{"damage":0,"enemies":"Small Slimes","floor":1,"turns":2},{"damage":0,"enemies":"2 Louse","floor":3,"turns":2},{"damage":6,"enemies":"Cultist","floor":5,"turns":3},{"damage":8,"enemies":"Gremlin Nob","floor":7,"turns":3},{"damage":16,"enemies":"2 Fungi Beasts","floor":12,"turns":3},{"damage":4,"enemies":"Exordium Thugs","floor":13,"turns":4},{"damage":23,"enemies":"Slime Boss","floor":16,"turns":8},{"damage":44,"enemies":"Shell Parasite","floor":18,"turns":7},{"damage":24,"enemies":"Chosen","floor":19,"turns":4}],"seed_played":"-5561845061145114252","potions_obtained":[{"floor":3,"key":"Energy Potion"},{"floor":5,"key":"AttackPotion"},{"floor":7,"key":"FocusPotion"}],"is_trial":false,"path_per_floor":["M","?","M","?","M","R","E","R","T","$","R","M","M","?","R","B",null,"M","M"],"character_chosen":"DEFECT","items_purchased":["Recycle","Sweeping Beam"],"campfire_rested":2,"item_purchase_floors":[10,10],"current_hp_per_floor":[64,64,64,64,58,58,50,50,50,50,71,55,51,40,61,38,63,19,0],"gold":179,"neow_bonus":"HUNDRED_GOLD","is_prod":false,"is_daily":false,"chose_seed":false,"campfire_upgraded":2,"win_rate":0,"timestamp":1549768164,"path_taken":["M","?","M","?","M","R","E","R","T","$","R","M","M","?","R","BOSS","M","M"],"build_version":"2019-01-23","purchased_purges":1,"victory":false,"max_hp_per_floor":[71,71,71,71,71,71,71,71,71,71,71,71,71,71,71,71,71,71,71],"card_choices":[{"not_picked":["Fusion","Force Field"],"picked":"Gash","floor":1},{"not_picked":["Reprogram","Heatsinks"],"picked":"Streamline","floor":3},{"not_picked":["Sweeping Beam","Aggregate"],"picked":"Doom and Gloom","floor":5},{"not_picked":["Meteor Strike","Melter"],"picked":"Coolheaded","floor":7},{"not_picked":["Rebound","Recycle"],"picked":"Auto Shields","floor":12},{"not_picked":["Fusion","Stack"],"picked":"Rip and Tear","floor":13},{"not_picked":["Biased Cognition","Meteor Strike"],"picked":"Reboot","floor":16},{"not_picked":["Redo","Go for the Eyes"],"picked":"Barrage","floor":18}],"player_experience":2381248,"relics_obtained":[{"floor":7,"key":"Bottled Flame"},{"floor":9,"key":"Happy Flower"}],"event_choices":[{"cards_removed":["Strike_B"],"damage_healed":0,"gold_gain":0,"player_choice":"Forget","damage_taken":0,"max_hp_gain":0,"max_hp_loss":0,"event_name":"Living Wall","floor":2,"gold_loss":0},{"damage_healed":0,"gold_gain":0,"player_choice":"Ignored","damage_taken":0,"max_hp_gain":0,"max_hp_loss":0,"event_name":"Shining Light","floor":4,"gold_loss":0},{"damage_healed":0,"gold_gain":0,"player_choice":"Success","damage_taken":11,"relics_obtained":["Bird Faced Urn"],"max_hp_gain":0,"max_hp_loss":0,"event_name":"Scrap Ooze","floor":14,"gold_loss":0}],"is_beta":false,"boss_relics":[{"not_picked":["Cursed Key","Calling Bell"],"picked":"Inserter"}],"items_purged_floors":[10],"is_endless":false,"potions_floor_spawned":[3,5,7],"killed_by":"Chosen","ascension_level":20}