{"gold_per_floor":[119,138,63,63,63,63,80,80,80,80,80,100,100,112,112,186,186,186,186,186,186,186,186,186],"floor_reached":24,"playtime":974,"items_purged":[],"score":344,"play_id":"7d7e7a12-39a9-40ec-995c-6d7f7ee4d07c","local_time":"20190214160429","is_ascension_mode":true,"campfire_choices":[{"data":"Neutralize","floor":6,"key":"SMITH"},{"floor":11,"key":"REST"},{"data":"Dagger Spray","floor":13,"key":"SMITH"},{"floor":15,"key":"REST"},{"data":"Glass Knife","floor":23,"key":"SMITH"}],"neow_cost":"NONE","seed_source_timestamp":1923277450892195,"circlet_count":0,"master_deck":["AscendersBane","Defend_G","Defend_G","Defend_G","Defend_G","Strike_G","Strike_G","Strike_G","Survivor","Neutralize+1","Burst+1","Sucker Punch+1","Dagger Spray+1","Glass Knife+1","Ghostly","Ghostly","Ghostly","Expertise","Calculated Gamble"],"relics":["Ring of the Snake","Pantograph","Peace Pipe","Oddly Smooth Stone","Ectoplasm"],"potions_floor_usage":[22],"damage_taken":[{"damage":6,"enemies":"Cultist","floor":1,"turns":5},{"damage":0,"enemies":"2 Louse","floor":2,"turns":3},{"damage":6,"enemies":"Small Slimes","floor":7,"turns":5},{"damage":4,"enemies":"2 Fungi Beasts","floor":12,"turns":5},{"damage":8,"enemies":"Large Slime","floor":14,"turns":8},{"damage":27,"enemies":"The Guardian","floor":16,"turns":23},{"damage":7,"enemies":"Shell Parasite","floor":18,"turns":8},{"damage":21,"enemies":"Chosen","floor":19,"turns":6},{"damage":25,"enemies":"Sentry and Sphere","floor":22,"turns":8},{"damage":14,"enemies":"Chosen and Byrds","floor":24,"turns":4}],"seed_played":"-7692466037657006057","potions_obtained":[{"floor":12,"key":"SkillPotion"}],"is_trial":false,"path_per_floor":["M","M","?","?","$","R","M","?","T","?","R","M","R","M","R","B",null,"M","M","?","?","M","R","M"],"character_chosen":"THE_SILENT","items_purchased":[],"campfire_rested":2,"item_purchase_floors":[],"current_hp_per_floor":[53,53,53,42,42,42,36,16,16,16,35,31,31,23,42,39,59,52,31,31,31,6,6,0],"gold":186,"neow_bonus":"ONE_RANDOM_RARE_CARD","is_prod":false,"is_daily":false,"chose_seed":false,"campfire_upgraded":3,"win_rate":0,"timestamp":1550127869,"path_taken":["M","M","?","?","$","R","M","?","T","?","R","M","R","M","R","BOSS","M","M","?","?","M","R","?"],"build_version":"2019-01-23","purchased_purges":0,"victory":false,"max_hp_per_floor":[66,66,66,66,66,66,66,66,66,66,66,66,66,66,66,66,66,66,66,33,33,33,33,33],"card_choices":[{"not_picked":["Quick Slash","Deadly Poison"],"picked":"Sucker Punch","floor":1},{"not_picked":["Underhanded Strike","Concentrate","Dagger Throw"],"picked":"SKIP","floor":2},{"not_picked":["Acrobatics","Quick Slash","Infinite Blades"],"picked":"SKIP","floor":7},{"not_picked":["Acrobatics","Backflip"],"picked":"Dagger Spray","floor":12},{"not_picked":["Deflect","Dodge and Roll","Tactician"],"picked":"SKIP","floor":14},{"not_picked":["Wraith Form v2","Envenom"],"picked":"Glass Knife","floor":16},{"not_picked":["Cloak And Dagger","Setup","PiercingWail"],"picked":"SKIP","floor":18},{"not_picked":["Flying Knee","Eviscerate+1","Finisher"],"picked":"SKIP","floor":19},{"not_picked":["Dodge and Roll","Slice","Reflex"],"picked":"SKIP","floor":22}],"player_experience":533280,"relics_obtained":[{"floor":9,"key":"Peace Pipe"}],"event_choices":[{"cards_removed":["Strike_G"],"damage_healed":0,"gold_gain":0,"player_choice":"Card Removal","damage_taken":0,"max_hp_gain":0,"max_hp_loss":0,"event_name":"The Cleric","floor":3,"gold_loss":75},{"damage_healed":0,"gold_gain":0,"player_choice":"Success","damage_taken":11,"relics_obtained":["Pantograph"],"max_hp_gain":0,"max_hp_loss":0,"event_name":"Scrap Ooze","floor":4,"gold_loss":0},{"damage_healed":0,"gold_gain":0,"player_choice":"Entered Light","damage_taken":20,"max_hp_gain":0,"max_hp_loss":0,"event_name":"Shining Light","floor":8,"gold_loss":0,"cards_upgraded":["Sucker Punch","Burst"]},{"damage_healed":0,"gold_gain":0,"player_choice":"Searched \u00272\u0027 times","damage_taken":0,"relics_obtained":["Oddly Smooth Stone"],"max_hp_gain":0,"max_hp_loss":0,"event_name":"Dead Adventurer","floor":10,"gold_loss":0},{"damage_healed":0,"gold_gain":0,"player_choice":"Became a Ghost","damage_taken":0,"max_hp_gain":0,"max_hp_loss":33,"event_name":"Ghosts","floor":20,"gold_loss":0,"cards_obtained":["Ghostly","Ghostly","Ghostly"]},{"damage_healed":0,"gold_gain":0,"cards_transformed":["Defend_G","Strike_G"],"player_choice":"Became Test Subject","damage_taken":0,"max_hp_gain":0,"max_hp_loss":0,"event_name":"Drug Dealer","floor":21,"gold_loss":0,"cards_obtained":["Expertise","Calculated Gamble"]}],"is_beta":false,"boss_relics":[{"not_picked":["Lizard Tail","Astrolabe"],"picked":"Ectoplasm"}],"items_purged_floors":[],"is_endless":false,"potions_floor_spawned":[12],"killed_by":"Chosen and Byrds","ascension_level":17}