{"gold_per_floor":[210,285,298,310,45,45,63,78,78,93,93,125,125,90,90,90],"floor_reached":16,"playtime":674,"items_purged":[],"score":204,"play_id":"4aeacb83-e761-4b0f-9dc0-04d34e5062f9","local_time":"20190213195423","is_ascension_mode":true,"campfire_choices":[{"data":"Neutralize","floor":6.0,"key":"SMITH"},{"data":"Predator","floor":11.0,"key":"SMITH"},{"data":"Well Laid Plans","floor":15.0,"key":"SMITH"}],"neow_cost":"NONE","seed_source_timestamp":81125133628472,"circlet_count":0,"master_deck":["AscendersBane","Defend_G","Defend_G","Defend_G","Defend_G","Defend_G","Strike_G","Strike_G","Strike_G","Strike_G","Strike_G","Survivor","Neutralize+1","Acrobatics","Backflip","Die Die Die","Well Laid Plans+1","Crippling Poison","Predator+1","Envenom"],"special_seed":0,"relics":["Ring of the Snake","Letter Opener","Gremlin Horn","Omamori","Golden Idol"],"potions_floor_usage":[16],"damage_taken":[{"damage":7.0,"enemies":"Small Slimes","floor":1.0,"turns":4.0},{"damage":4.0,"enemies":"Jaw Worm","floor":3.0,"turns":5.0},{"damage":0.0,"enemies":"2 Louse","floor":4.0,"turns":4.0},{"damage":4.0,"enemies":"Exordium Thugs","floor":7.0,"turns":4.0},{"damage":0.0,"enemies":"3 Louse","floor":8.0,"turns":2.0},{"damage":4.0,"enemies":"Blue Slaver","floor":10.0,"turns":6.0},{"damage":24.0,"enemies":"Gremlin Nob","floor":12.0,"turns":4.0},{"damage":25,"enemies":"Hexaghost","floor":16,"turns":9}],"seed_played":"2347802428531930979","potions_obtained":[{"floor":1.0,"key":"PowerPotion"},{"floor":7.0,"key":"Weak Potion"},{"floor":10.0,"key":"Poison Potion"},{"floor":12.0,"key":"Strength Potion"}],"is_trial":false,"path_per_floor":["M","?","M","M","$","R","M","M","T","M","R","E","?","?","R","B"],"character_chosen":"THE_SILENT","items_purchased":["Gremlin Horn"],"campfire_rested":0,"item_purchase_floors":[5],"current_hp_per_floor":[52,41,37,37,37,37,33,33,33,29,29,5,5,20,20,0],"gold":90,"neow_bonus":"HUNDRED_GOLD","is_prod":false,"is_daily":false,"chose_seed":false,"campfire_upgraded":3,"win_rate":0,"timestamp":1550084063,"path_taken":["M","?","M","M","$","R","M","M","T","M","R","E","?","?","R","BOSS"],"build_version":"2019-01-23","purchased_purges":0,"victory":false,"max_hp_per_floor":[66,66,66,66,66,66,66,66,66,66,66,66,60,60,60,60],"card_choices":[{"not_picked":["Finisher","Prepared"],"picked":"Acrobatics","floor":1.0},{"not_picked":["Acrobatics","Dagger Spray"],"picked":"Backflip","floor":3.0},{"not_picked":["Blade Dance","Backflip"],"picked":"Die Die Die","floor":4.0},{"not_picked":["Sucker Punch","Backflip"],"picked":"Well Laid Plans","floor":7.0},{"not_picked":["PiercingWail","Poisoned Stab"],"picked":"Crippling Poison","floor":8.0},{"not_picked":["Dagger Spray","Prepared"],"picked":"Predator","floor":10.0},{"not_picked":["Catalyst","Skewer"],"picked":"Envenom","floor":12.0}],"player_experience":1412418,"relics_obtained":[{"floor":9.0,"key":"Letter Opener"},{"floor":12.0,"key":"Omamori"}],"event_choices":[{"damage_healed":0.0,"max_hp_gain":0.0,"max_hp_loss":0.0,"gold_gain":75.0,"event_name":"World of Goop","player_choice":"Gather Gold","floor":2.0,"gold_loss":0.0,"damage_taken":11.0},{"damage_healed":0.0,"max_hp_gain":0.0,"max_hp_loss":6.0,"gold_gain":0.0,"event_name":"Golden Idol","player_choice":"Lose Max HP","floor":13.0,"gold_loss":0.0,"damage_taken":0.0,"relics_obtained":["Golden Idol"]},{"damage_healed":15.0,"max_hp_gain":0.0,"max_hp_loss":0.0,"gold_gain":0.0,"event_name":"The Cleric","player_choice":"Healed","floor":14.0,"gold_loss":35.0,"damage_taken":0.0}],"is_beta":false,"boss_relics":[],"items_purged_floors":[],"is_endless":false,"potions_floor_spawned":[1,7,10,12],"killed_by":"Hexaghost","ascension_level":20}