{"gold_per_floor":[210,210,210,360,18,54,54,77,157,157,176,194,194,212,212,310,310,329,347,1,1,1],"floor_reached":22,"playtime":727,"items_purged":["Doubt","Strike_B"],"score":350,"play_id":"4ee0d2ab-6079-4572-96c9-2214508ff26d","local_time":"20181231160610","is_ascension_mode":true,"campfire_choices":[{"floor":7.0,"key":"REST"},{"floor":15.0,"key":"REST"}],"neow_cost":"NONE","seed_source_timestamp":995549032646530,"circlet_count":0,"master_deck":["AscendersBane","Strike_B","Strike_B","Strike_B","Defend_B","Defend_B","Defend_B","Defend_B","Zap+1","Dualcast","Consume","Injury","Apotheosis","Redo","Ball Lightning","FTL","Sweeping Beam","Static Discharge","Cold Snap","Creative AI","Beam Cell","Recycle","Conserve Battery"],"special_seed":0,"relics":["Cracked Core","Golden Idol","Bottled Lightning","Orichalcum","Eternal Feather","OrangePellets"],"potions_floor_usage":[22],"damage_taken":[{"damage":19.0,"enemies":"Jaw Worm","floor":1.0,"turns":4.0},{"damage":44.0,"enemies":"Gremlin Nob","floor":6.0,"turns":4.0},{"damage":0.0,"enemies":"Small Slimes","floor":8.0,"turns":2.0},{"damage":2.0,"enemies":"2 Louse","floor":11.0,"turns":2.0},{"damage":4.0,"enemies":"2 Fungi Beasts","floor":12.0,"turns":3.0},{"damage":0.0,"enemies":"Exordium Wildlife","floor":14.0,"turns":3.0},{"damage":15.0,"enemies":"Hexaghost","floor":16.0,"turns":8.0},{"damage":16.0,"enemies":"Shell Parasite","floor":18.0,"turns":3.0},{"damage":6.0,"enemies":"Chosen","floor":19.0,"turns":4.0},{"damage":42,"enemies":"Centurion and Healer","floor":22,"turns":7}],"seed_played":"8537492004728704143","potions_obtained":[{"floor":6.0,"key":"Weak Potion"},{"floor":8.0,"key":"Energy Potion"},{"floor":19.0,"key":"SpeedPotion"}],"is_trial":false,"path_per_floor":["M","?","?","?","$","E","R","M","T","?","M","M","?","M","R","B",null,"M","M","$","?","M"],"character_chosen":"DEFECT","items_purchased":["Apotheosis","Redo","OrangePellets","Conserve Battery"],"campfire_rested":2,"item_purchase_floors":[5,5,20,20],"current_hp_per_floor":[45,45,45,45,45,1,22,22,22,22,20,16,11,11,32,17,58,42,36,36,36,0],"gold":1,"neow_bonus":"HUNDRED_GOLD","is_prod":false,"is_daily":false,"chose_seed":false,"campfire_upgraded":0,"win_rate":0,"timestamp":1546290370,"path_taken":["M","?","?","?","$","E","R","M","T","?","?","M","?","M","R","BOSS","M","M","$","?","M"],"build_version":"2018-12-20","purchased_purges":2,"victory":false,"max_hp_per_floor":[71,71,71,71,71,71,71,71,71,71,71,71,71,71,71,71,71,71,71,71,71,71],"card_choices":[{"not_picked":["Streamline","Steam Power"],"picked":"Consume","floor":1.0},{"not_picked":["Sweeping Beam","Beam Cell"],"picked":"Ball Lightning","floor":6.0},{"not_picked":["Gash","Hologram"],"picked":"FTL","floor":8.0},{"not_picked":["Barrage","Rebound"],"picked":"Sweeping Beam","floor":11.0},{"not_picked":["BootSequence","Skim"],"picked":"Static Discharge","floor":12.0},{"not_picked":["Doom and Gloom","Self Repair"],"picked":"Cold Snap","floor":14.0},{"not_picked":["Hyperbeam","Meteor Strike"],"picked":"Creative AI","floor":16.0},{"not_picked":["Steam","Redo"],"picked":"Beam Cell","floor":18.0},{"not_picked":["Rebound","Barrage"],"picked":"Recycle","floor":19.0}],"player_experience":1972917,"relics_obtained":[{"floor":6.0,"key":"Bottled Lightning"}],"event_choices":[{"damage_healed":0.0,"max_hp_gain":0.0,"max_hp_loss":0.0,"gold_gain":0.0,"event_name":"Living Wall","player_choice":"Grow","floor":2.0,"gold_loss":0.0,"damage_taken":0.0,"cards_upgraded":["Zap"]},{"damage_healed":0.0,"max_hp_gain":0.0,"max_hp_loss":0.0,"gold_gain":0.0,"event_name":"Golden Idol","player_choice":"Take Wound","floor":3.0,"gold_loss":0.0,"damage_taken":0.0,"relics_obtained":["Golden Idol"],"cards_obtained":["Injury"]},{"damage_healed":0.0,"max_hp_gain":0.0,"max_hp_loss":0.0,"gold_gain":150.0,"event_name":"Liars Game","player_choice":"AGREE","floor":4.0,"gold_loss":0.0,"damage_taken":0.0,"cards_obtained":["Doubt"]},{"damage_healed":0.0,"max_hp_gain":0.0,"max_hp_loss":0.0,"gold_gain":0.0,"event_name":"Dead Adventurer","player_choice":"Searched \u00271\u0027 times","floor":10.0,"gold_loss":0.0,"damage_taken":0.0,"relics_obtained":["Orichalcum"]},{"damage_healed":0.0,"max_hp_gain":0.0,"max_hp_loss":0.0,"gold_gain":0.0,"event_name":"Scrap Ooze","player_choice":"Fled","floor":13.0,"gold_loss":0.0,"damage_taken":5.0},{"damage_healed":0.0,"max_hp_gain":0.0,"max_hp_loss":0.0,"gold_gain":0.0,"event_name":"Beggar","player_choice":"Ignored","floor":21.0,"gold_loss":0.0,"damage_taken":0.0}],"is_beta":false,"boss_relics":[{"not_picked":["Astrolabe","Tiny House"],"picked":"Eternal Feather"}],"items_purged_floors":[5,20],"is_endless":false,"potions_floor_spawned":[6,8,19],"killed_by":"Centurion and Healer","ascension_level":18}