{"gold_per_floor":[114,64,139,158,158,158,192,192,192,210,385,385,91,91,91,194,194,209,224,70,81,98,98,115,115,115,115,15,15,43,60,60,158,158,172,172,183,230,230,230,105,105,161,180,190,33,58,73,73,73],"floor_reached":50,"playtime":4286,"items_purged":["Doubt","Defend_B","Strike_B"],"score":463,"play_id":"283a3b55-89c4-44b1-8c17-691861071db7","local_time":"20181123165000","is_ascension_mode":false,"campfire_choices":[{"data":"White Noise","floor":6,"key":"SMITH"},{"floor":8,"key":"REST"},{"data":"Dualcast","floor":12,"key":"SMITH"},{"data":"Conserve Battery","floor":15,"key":"SMITH"},{"data":"Creative AI","floor":23,"key":"SMITH"},{"data":"Storm","floor":25,"key":"SMITH"},{"data":"Defragment","floor":27,"key":"SMITH"},{"data":"Leap","floor":29,"key":"SMITH"},{"floor":32,"key":"REST"},{"floor":40,"key":"REST"},{"data":"Thunder Strike","floor":42,"key":"SMITH"},{"data":"Static Discharge","floor":49,"key":"SMITH"}],"neow_cost":"NONE","seed_source_timestamp":1032391808625534,"circlet_count":0,"master_deck":["Strike_B","Strike_B","Defend_B","Defend_B","Zap","Dualcast+1","Cold Snap","White Noise+1","Ball Lightning","BootSequence","Conserve Battery+1","All For One","Go for the Eyes","FTL","Beam Cell","Leap+1","Ball Lightning","Storm+1","Defragment+1","Creative AI+1","Machine Learning","Ball Lightning","White Noise+1","Ball Lightning","Thunder Strike+1","Glacier","Self Repair","Static Discharge+1"],"relics":["Cracked Core","Lantern","Bottled Flame","Pear","Shuriken","TheAbacus","Orrery","Boot","Red Mask","Sozu","Du-Vu Doll","Tiny Chest","Juzu Bracelet","Vajra"],"potions_floor_usage":[16,33,33,33],"damage_taken":[{"damage":6,"enemies":"2 Louse","floor":1,"turns":3},{"damage":0,"enemies":"Jaw Worm","floor":4,"turns":3},{"damage":31,"enemies":"Lagavulin","floor":7,"turns":7},{"damage":3,"enemies":"Small Slimes","floor":10,"turns":2},{"damage":14,"enemies":"Slime Boss","floor":16,"turns":10},{"damage":4,"enemies":"Spheric Guardian","floor":18,"turns":4},{"damage":0,"enemies":"Shell Parasite","floor":19,"turns":4},{"damage":6,"enemies":"Centurion and Healer","floor":21,"turns":5},{"damage":18,"enemies":"Snake Plant","floor":22,"turns":4},{"damage":0,"enemies":"Cultist and Chosen","floor":24,"turns":4},{"damage":3,"enemies":"Masked Bandits","floor":30,"turns":3},{"damage":0,"enemies":"Shelled Parasite and Fungi","floor":31,"turns":3},{"damage":14,"enemies":"Champ","floor":33,"turns":8},{"damage":4,"enemies":"3 Darklings","floor":35,"turns":5},{"damage":2,"enemies":"3 Shapes","floor":37,"turns":3},{"damage":25,"enemies":"2 Orb Walkers","floor":38,"turns":5},{"damage":5,"enemies":"Sphere and 2 Shapes","floor":44,"turns":3},{"damage":0,"enemies":"Transient","floor":45,"turns":5},{"damage":0,"enemies":"4 Shapes","floor":48,"turns":3},{"damage":75,"enemies":"Time Eater","floor":50,"turns":7}],"seed_played":"-5104454080373265245","potions_obtained":[{"floor":4,"key":"Explosive Potion"},{"floor":16,"key":"SteroidPotion"},{"floor":21,"key":"Dexterity Potion"},{"floor":22,"key":"Ancient Potion"},{"floor":24,"key":"Strength Potion"}],"is_trial":false,"path_per_floor":["M","?","?","M","T","R","E","R","T","M","?","R","$","?","R","B",null,"M","M","$","M","M","R","M","R","T","R","$","R","?","M","R","B",null,"M","?","M","?","?","R","$","R","T","M","M","$","T","M","R","B"],"character_chosen":"DEFECT","items_purchased":["TheAbacus","Conserve Battery","Creative AI","Juzu Bracelet"],"campfire_rested":3,"item_purchase_floors":[13,13,20,46],"current_hp_per_floor":[69,69,58,58,58,58,37,62,62,59,59,59,59,52,52,38,85,81,81,81,75,57,57,57,57,57,57,57,57,54,54,79,65,85,81,81,79,54,54,79,79,79,79,74,74,74,74,74,74,0],"gold":73,"neow_bonus":"RANDOM_COMMON_RELIC","is_prod":false,"is_daily":false,"chose_seed":false,"campfire_upgraded":9,"win_rate":0.0,"timestamp":1542959400,"path_taken":["M","?","?","M","?","R","E","R","T","M","?","R","$","?","R","BOSS","M","M","$","M","M","R","M","R","T","R","$","R","?","M","R","BOSS","M","?","M","?","?","R","$","R","T","?","M","$","?","M","R","BOSS"],"build_version":"2018-11-15","purchased_purges":3,"victory":false,"max_hp_per_floor":[75,75,75,75,75,75,85,85,85,85,85,85,85,85,85,85,85,85,85,85,85,85,85,85,85,85,85,85,85,85,85,85,85,85,85,85,85,85,85,85,85,85,85,85,85,85,85,85,85,85],"card_choices":[{"not_picked":["FTL","Compile Driver"],"picked":"Cold Snap","floor":1},{"not_picked":["Genetic Algorithm","Loop"],"picked":"White Noise","floor":4},{"not_picked":["Aggregate","Rip and Tear"],"picked":"Ball Lightning","floor":7},{"not_picked":["Hello World","Coolheaded"],"picked":"BootSequence","floor":10},{"not_picked":["Fission","Rainbow"],"picked":"All For One","floor":16},{"not_picked":["Blizzard","Rip and Tear"],"picked":"Go for the Eyes","floor":17},{"not_picked":["Leap","Steam"],"picked":"FTL","floor":17},{"not_picked":["Hologram","Melter"],"picked":"Beam Cell","floor":17},{"not_picked":["Scrape","Coolheaded"],"picked":"Leap","floor":17},{"not_picked":["Darkness","Leap"],"picked":"Ball Lightning","floor":17},{"not_picked":["Steam","Barrage"],"picked":"Storm","floor":18},{"not_picked":["Beam Cell","Leap"],"picked":"Defragment","floor":19},{"not_picked":["Redo","Hologram"],"picked":"Machine Learning","floor":21},{"not_picked":["Aggregate","White Noise"],"picked":"Ball Lightning","floor":22},{"not_picked":["Double Energy","Leap+1"],"picked":"White Noise+1","floor":24},{"not_picked":["Reprogram","Rip and Tear"],"picked":"Ball Lightning","floor":31},{"not_picked":["Machine Learning","Fission"],"picked":"Thunder Strike","floor":33},{"not_picked":["Streamline+1","Force Field+1"],"picked":"Glacier","floor":35},{"not_picked":["Gash","Storm+1","Steam+1"],"picked":"SKIP","floor":37},{"not_picked":["Reprogram+1","Conserve Battery","Blizzard"],"picked":"SKIP","floor":44},{"not_picked":["Force Field","Go for the Eyes"],"picked":"Self Repair","floor":45},{"not_picked":["Ball Lightning","Leap"],"picked":"Static Discharge","floor":48}],"player_experience":23350,"relics_obtained":[{"floor":5,"key":"Bottled Flame"},{"floor":7,"key":"Pear"},{"floor":9,"key":"Shuriken"},{"floor":26,"key":"Boot"},{"floor":30,"key":"Red Mask"},{"floor":38,"key":"Du-Vu Doll"},{"floor":43,"key":"Tiny Chest"},{"floor":47,"key":"Vajra"}],"event_choices":[{"cards_removed":["Strike_B"],"damage_healed":0,"gold_gain":0,"player_choice":"Card Removal","damage_taken":0,"max_hp_gain":0,"max_hp_loss":0,"event_name":"The Cleric","floor":2,"gold_loss":50},{"damage_healed":0,"gold_gain":75,"player_choice":"Gather Gold","damage_taken":11,"max_hp_gain":0,"max_hp_loss":0,"event_name":"World of Goop","floor":3,"gold_loss":0},{"damage_healed":0,"gold_gain":175,"player_choice":"AGREE","damage_taken":0,"max_hp_gain":0,"max_hp_loss":0,"event_name":"Liars Game","floor":11,"gold_loss":0,"cards_obtained":["Doubt"]},{"cards_removed":["Defend_B"],"damage_healed":0,"gold_gain":0,"player_choice":"Card Removal","damage_taken":7,"max_hp_gain":0,"max_hp_loss":0,"event_name":"Golden Wing","floor":14,"gold_loss":0},{"damage_healed":0,"gold_gain":0,"player_choice":"Fought Bandits","damage_taken":0,"max_hp_gain":0,"max_hp_loss":0,"event_name":"Masked Bandits","floor":30,"gold_loss":0},{"damage_healed":0,"gold_gain":0,"player_choice":"Memory 1","damage_taken":0,"max_hp_gain":0,"max_hp_loss":0,"event_name":"SensoryStone","floor":36,"gold_loss":0},{"damage_healed":0,"gold_gain":0,"player_choice":"Fight","damage_taken":0,"max_hp_gain":0,"max_hp_loss":0,"event_name":"Mysterious Sphere","floor":38,"gold_loss":0},{"damage_healed":0,"gold_gain":0,"player_choice":"Got Potions","damage_taken":0,"max_hp_gain":0,"max_hp_loss":0,"event_name":"Lab","floor":39,"gold_loss":0}],"is_beta":false,"boss_relics":[{"not_picked":["Lizard Tail","Philosopher\u0027s Stone"],"picked":"Orrery"},{"not_picked":["Tiny House","Astrolabe"],"picked":"Sozu"}],"items_purged_floors":[13,28,41],"is_endless":false,"potions_floor_spawned":[4,16,21,22,24,31,44,48],"killed_by":"Time Eater","ascension_level":0}