{"gold_per_floor":[116,130,145,158,333,333,333,333,378,392,406,406,46,57,57,152,152,164,182,200,200,261,261,296,356,380,11,30,49,49,49],"floor_reached":31,"playtime":2166,"items_purged":["Strike_B"],"score":383,"play_id":"dc08730b-4760-47f4-82b9-1a3d62afd4c2","local_time":"20180709223805","is_ascension_mode":true,"campfire_choices":[{"data":"Zap","floor":6,"key":"SMITH"},{"data":"Dualcast","floor":8,"key":"SMITH"},{"data":"Double Energy","floor":15,"key":"SMITH"},{"floor":23,"key":"REST"},{"data":"Undo","floor":30,"key":"SMITH"}],"neow_cost":"NONE","seed_source_timestamp":522690821795411,"circlet_count":0,"master_deck":["Strike_B+1","Strike_B","Strike_B+1","Defend_B","Defend_B","Defend_B","Defend_B","Zap+1","Dualcast+1","AscendersBane","Leap","Redo","Coolheaded","Self Repair","Doubt","Coolheaded","Leap","Double Energy+1","Storm","Multi-Cast","Tempest","Turbo+1","Cold Snap+1","Cold Snap","Turbo+1","Loop","Glacier","Undo+1"],"relics":["Lizard Tail","Orichalcum","Ice Cream","Nuclear Battery","SsserpentHead","Art of War","Whetstone","Strawberry"],"potions_floor_usage":[11,12,16,20,22,28,28,29],"damage_taken":[{"damage":6,"enemies":"Cultist","floor":1,"turns":4},{"damage":2,"enemies":"2 Louse","floor":2,"turns":4},{"damage":1,"enemies":"Jaw Worm","floor":3,"turns":6},{"damage":5,"enemies":"Blue Slaver","floor":4,"turns":6},{"damage":12,"enemies":"Looter","floor":10,"turns":5},{"damage":0,"enemies":"Gremlin Gang","floor":11,"turns":4},{"damage":0,"enemies":"Lots of Slimes","floor":12,"turns":1},{"damage":6,"enemies":"Blue Slaver","floor":14,"turns":6},{"damage":79,"enemies":"Slime Boss","floor":16,"turns":25},{"damage":6,"enemies":"Spheric Guardian","floor":18,"turns":4},{"damage":18,"enemies":"Chosen","floor":19,"turns":7},{"damage":19,"enemies":"Centurion and Healer","floor":20,"turns":8},{"damage":35,"enemies":"Snake Plant","floor":22,"turns":6},{"damage":6,"enemies":"Book of Stabbing","floor":24,"turns":3},{"damage":10,"enemies":"Snecko","floor":25,"turns":4},{"damage":0,"enemies":"Chosen and Byrds","floor":28,"turns":2},{"damage":1,"enemies":"Sentry and Sphere","floor":29,"turns":4},{"damage":56,"enemies":"Cultist and Chosen","floor":31,"turns":6}],"seed_played":"-4617983379109778719","potions_obtained":[{"floor":10,"key":"Explosive Potion"},{"floor":11,"key":"SmokeBomb"},{"floor":14,"key":"FocusPotion"},{"floor":19,"key":"SkillPotion"},{"floor":20,"key":"SkillPotion"},{"floor":25,"key":"SkillPotion"},{"floor":28,"key":"Fire Potion"},{"floor":29,"key":"Strength Potion"}],"is_trial":false,"path_per_floor":["M","M","M","M","?","R","?","R","T","M","M","M","$","M","R","B",null,"M","M","M","?","M","R","E","M","T","$","M","M","R"],"character_chosen":"DEFECT","items_purchased":["Ice Cream","Double Energy","Loop","Strawberry","LiquidBronze"],"campfire_rested":1,"item_purchase_floors":[13,13,27,27,27],"current_hp_per_floor":[62,60,59,54,54,54,59,59,59,54,61,61,61,62,62,35,69,70,59,47,47,19,43,44,34,34,41,41,40,40,0],"gold":49,"neow_bonus":"BOSS_RELIC","is_prod":false,"is_daily":false,"chose_seed":false,"campfire_upgraded":4,"win_rate":0,"timestamp":1531190285,"path_taken":["M","M","M","M","?","R","?","R","T","M","M","M","$","M","R","BOSS","M","?","?","?","?","R","E","?","T","$","M","M","R","M"],"build_version":"2018-07-05","purchased_purges":1,"victory":false,"max_hp_per_floor":[75,75,75,75,75,75,80,80,80,80,80,80,80,80,80,80,80,80,80,80,80,80,80,80,80,80,87,87,87,87,87],"card_choices":[{"not_picked":["Steam","Beam Cell"],"picked":"Leap","floor":1},{"not_picked":["Stack","Rebound"],"picked":"Redo","floor":2},{"not_picked":["Auto Shields","Chill"],"picked":"Coolheaded","floor":3},{"not_picked":["Storm","Consume"],"picked":"Self Repair","floor":4},{"not_picked":["Hello World","Steam Power"],"picked":"Coolheaded","floor":10},{"not_picked":["Stack","Reprogram"],"picked":"Leap","floor":11},{"not_picked":["Consume","Cold Snap"],"picked":"Storm","floor":14},{"not_picked":["Thunder Strike","Biased Cognition"],"picked":"Multi-Cast","floor":16},{"not_picked":["Steam","BootSequence+1"],"picked":"Tempest","floor":18},{"not_picked":["Reprogram+1","Chaos+1"],"picked":"Turbo+1","floor":19},{"not_picked":["Rebound","Streamline+1","Biased Cognition"],"picked":"SKIP","floor":20},{"not_picked":["Sunder","Stack"],"picked":"Cold Snap+1","floor":22},{"not_picked":["Steam","Leap"],"picked":"Cold Snap","floor":24},{"not_picked":["Barrage","Gash"],"picked":"Turbo+1","floor":25},{"not_picked":["Ball Lightning+1","Barrage"],"picked":"Glacier","floor":28},{"not_picked":["Barrage+1","Compile Driver"],"picked":"Undo","floor":29}],"player_experience":1025605,"relics_obtained":[{"floor":9,"key":"Orichalcum"},{"floor":24,"key":"Art of War"},{"floor":26,"key":"Whetstone"}],"event_choices":[{"event_name":"Liars Game","player_choice":"agreed","floor":5,"damage_taken":0},{"event_name":"Big Fish","player_choice":"Donut","floor":7,"damage_taken":0},{"event_name":"FaceTrader","player_choice":"Trade","floor":21,"damage_taken":0}],"boss_relics":[{"not_picked":["Busted Crown","Eternal Feather"],"picked":"Nuclear Battery"}],"items_purged_floors":[27],"is_endless":false,"potions_floor_spawned":[10,11,14,19,20,25,28,29],"killed_by":"Cultist and Chosen","ascension_level":10}