{"gold_per_floor":[215,1,1,15,15,15,49,49,49,67,67,82,82,98,98,177,177,191,169,169,169],"floor_reached":21,"playtime":733,"items_purged":[],"score":340,"play_id":"07814a36-0f84-4bf7-84fa-612f7293f637","local_time":"20181231101649","is_ascension_mode":true,"campfire_choices":[{"floor":11,"key":"REST"},{"data":"Mayhem","floor":13,"key":"SMITH"},{"floor":15,"key":"REST"}],"neow_cost":"NONE","seed_source_timestamp":974702863791404,"circlet_count":0,"master_deck":["AscendersBane","Strike_B","Strike_B","Strike_B","Defend_B","Defend_B","Defend_B","Defend_B","Zap","Dualcast","Cold Snap","Mayhem+1","Ball Lightning","Gash","Self Repair","Auto Shields","Cold Snap","Sunder","Core Surge","Sweeping Beam","Stack","Static Discharge"],"relics":["Cracked Core","Vajra","Omamori","Eternal Feather"],"potions_floor_usage":[7,16,16],"damage_taken":[{"damage":11,"enemies":"Small Slimes","floor":1,"turns":3},{"damage":0,"enemies":"Cultist","floor":4,"turns":3},{"damage":29,"enemies":"Gremlin Nob","floor":7,"turns":4},{"damage":12,"enemies":"Jaw Worm","floor":10,"turns":3},{"damage":0,"enemies":"Blue Slaver","floor":12,"turns":2},{"damage":1,"enemies":"3 Louse","floor":14,"turns":4},{"damage":30,"enemies":"Slime Boss","floor":16,"turns":10},{"damage":43,"enemies":"3 Byrds","floor":18,"turns":6},{"damage":30,"enemies":"2 Thieves","floor":19,"turns":4},{"damage":18,"enemies":"Centurion and Healer","floor":21,"turns":3}],"seed_played":"-4182190370748804246","potions_obtained":[{"floor":3,"key":"LiquidBronze"},{"floor":3,"key":"Dexterity Potion"},{"floor":7,"key":"SneckoOil"},{"floor":10,"key":"FocusPotion"}],"is_trial":false,"path_per_floor":["M","$","?","M","?","?","E","?","T","M","R","M","R","M","R","B",null,"M","M","?","M"],"character_chosen":"DEFECT","items_purchased":["Mayhem","Ball Lightning"],"campfire_rested":2,"item_purchase_floors":[2,2],"current_hp_per_floor":[53,53,53,53,58,58,29,29,29,24,46,46,46,52,74,51,70,34,11,11,0],"gold":169,"neow_bonus":"HUNDRED_GOLD","is_prod":false,"is_daily":false,"chose_seed":false,"campfire_upgraded":1,"win_rate":0,"timestamp":1546269409,"path_taken":["M","$","?","?","?","?","E","?","T","M","R","M","R","M","R","BOSS","M","M","?","?"],"build_version":"2018-12-20","purchased_purges":0,"victory":false,"max_hp_per_floor":[71,71,71,71,76,76,76,76,76,76,76,76,76,76,76,76,76,76,76,76,76],"card_choices":[{"not_picked":["Darkness","Barrage"],"picked":"Cold Snap","floor":1},{"not_picked":["Compile Driver","Beam Cell"],"picked":"Gash","floor":4},{"not_picked":["Skim","Conserve Battery"],"picked":"Self Repair","floor":7},{"not_picked":["Barrage","Beam Cell"],"picked":"Auto Shields","floor":10},{"not_picked":["Turbo","Auto Shields"],"picked":"Cold Snap","floor":12},{"not_picked":["Self Repair","Aggregate"],"picked":"Sunder","floor":14},{"not_picked":["All For One","Machine Learning"],"picked":"Core Surge","floor":16},{"not_picked":["Auto Shields","Steam"],"picked":"Sweeping Beam","floor":18},{"not_picked":["Force Field","BootSequence"],"picked":"Stack","floor":19}],"player_experience":1965875,"relics_obtained":[{"floor":7,"key":"Vajra"},{"floor":9,"key":"Omamori"}],"event_choices":[{"damage_healed":0,"gold_gain":0,"player_choice":"Got Potions","damage_taken":0,"max_hp_gain":0,"max_hp_loss":0,"event_name":"Lab","floor":3,"gold_loss":0},{"damage_healed":0,"gold_gain":0,"player_choice":"Donut","damage_taken":0,"max_hp_gain":5,"max_hp_loss":0,"event_name":"Big Fish","floor":5,"gold_loss":0},{"damage_healed":0,"gold_gain":0,"player_choice":"Ignored","damage_taken":0,"max_hp_gain":0,"max_hp_loss":0,"event_name":"Shining Light","floor":6,"gold_loss":0},{"cards_removed":["Strike_B"],"damage_healed":0,"gold_gain":0,"player_choice":"Forget","damage_taken":0,"max_hp_gain":0,"max_hp_loss":0,"event_name":"Living Wall","floor":8,"gold_loss":0},{"damage_healed":0,"gold_gain":0,"player_choice":"1 cards matched","damage_taken":0,"max_hp_gain":0,"max_hp_loss":0,"event_name":"Match and Keep!","floor":20,"gold_loss":0,"cards_obtained":["Static Discharge"]}],"is_beta":false,"boss_relics":[{"not_picked":["Snecko Eye","White Beast Statue"],"picked":"Eternal Feather"}],"items_purged_floors":[],"is_endless":false,"potions_floor_spawned":[4,7,10],"killed_by":"Centurion and Healer","ascension_level":18}