{"gold_per_floor":[118,130,150,169,181,181,246,272,297,311,322,322,384,384,384,489,489,507,62,78,94,94,94,104,104,131,50,63,90,11,11],"floor_reached":31,"playtime":1436,"items_purged":["Parasite"],"score":285,"play_id":"6a1a71a7-8552-44f7-a08d-86189cda2256","local_time":"20181015014425","is_ascension_mode":true,"campfire_choices":[{"data":"Neutralize","floor":6,"key":"SMITH"},{"data":"Backflip","floor":12,"key":"SMITH"},{"data":"Predator","floor":15,"key":"SMITH"},{"floor":23,"key":"REST"},{"data":"Deflect","floor":25,"key":"SMITH"}],"neow_cost":"","seed_source_timestamp":1902259251610,"circlet_count":0,"master_deck":["Defend_G","Defend_G","Defend_G","Defend_G","Defend_G","Strike_G","Strike_G","Strike_G","Strike_G","Strike_G","Survivor","Neutralize+1","Endless Agony","Dodge and Roll","Predator+1","Sucker Punch","Dagger Spray","Backflip+1","Deadly Poison","Slice","Poisoned Stab","Adrenaline","Deflect+1","Impatience","Dagger Throw","Quick Slash","Leg Sweep+1","Noxious Fumes","Cloak And Dagger+1","Sucker Punch+1","Noxious Fumes"],"relics":["Ring of the Snake","Tiny Chest","Bag of Marbles","Bag of Preparation","Ancient Tea Set","Sozu","Toolbox","Oddly Smooth Stone","Anchor","Snake Skull"],"potions_floor_usage":[5,5,13,13,16,20],"damage_taken":[{"damage":0,"enemies":"Cultist","floor":1,"turns":4},{"damage":0,"enemies":"2 Louse","floor":2,"turns":2},{"damage":4,"enemies":"Small Slimes","floor":3,"turns":4},{"damage":1,"enemies":"Looter","floor":4,"turns":4},{"damage":1,"enemies":"Large Slime","floor":5,"turns":5},{"damage":16,"enemies":"Gremlin Nob","floor":7,"turns":4},{"damage":0,"enemies":"Exordium Wildlife","floor":10,"turns":2},{"damage":0,"enemies":"Looter","floor":11,"turns":2},{"damage":2,"enemies":"3 Sentries","floor":13,"turns":7},{"damage":41,"enemies":"Hexaghost","floor":16,"turns":10},{"damage":2,"enemies":"Spheric Guardian","floor":18,"turns":3},{"damage":0,"enemies":"3 Byrds","floor":20,"turns":3},{"damage":25,"enemies":"Centurion and Healer","floor":21,"turns":6},{"damage":2,"enemies":"Snake Plant","floor":24,"turns":4},{"damage":1,"enemies":"Shelled Parasite and Fungi","floor":28,"turns":5},{"damage":46,"enemies":"Gremlin Leader","floor":29,"turns":8},{"damage":13,"enemies":"Slavers","floor":31,"turns":5}],"seed_played":"4457941629373531557","potions_obtained":[{"floor":2,"key":"Dexterity Potion"},{"floor":4,"key":"AttackPotion"},{"floor":7,"key":"Dexterity Potion"},{"floor":11,"key":"Swift Potion"},{"floor":13,"key":"SkillPotion"},{"floor":16,"key":"PowerPotion"}],"is_trial":false,"path_per_floor":["M","M","M","M","M","R","E","T","T","M","M","R","?","?","R","B",null,"M","$","M","M","?","R","M","R","T","$","M","E","$"],"character_chosen":"THE_SILENT","items_purchased":["Toolbox","Impatience","Dagger Throw","Quick Slash","Noxious Fumes","Noxious Fumes"],"campfire_rested":1,"item_purchase_floors":[19,19,19,19,27,30],"current_hp_per_floor":[70,70,66,65,64,64,48,48,48,48,48,48,46,63,63,22,70,68,67,67,42,42,62,60,60,60,60,59,13,13,0],"gold":11,"neow_bonus":"","is_prod":false,"is_daily":false,"chose_seed":false,"campfire_upgraded":4,"win_rate":0,"timestamp":1539585865,"path_taken":["M","M","M","M","M","R","E","?","T","?","M","R","?","?","R","BOSS","M","$","M","M","?","R","M","R","T","?","M","E","$","E"],"build_version":"2018-10-11","purchased_purges":1,"victory":false,"max_hp_per_floor":[70,70,70,70,70,70,70,70,70,70,70,70,70,70,70,70,70,70,67,67,67,67,67,67,67,67,67,67,67,67,67],"card_choices":[{"not_picked":["PiercingWail","Cloak And Dagger"],"picked":"Endless Agony","floor":1},{"not_picked":["Bane","Slice"],"picked":"Dodge and Roll","floor":2},{"not_picked":["Underhanded Strike","Concentrate"],"picked":"Predator","floor":3},{"not_picked":["Endless Agony","Doppelganger"],"picked":"Sucker Punch","floor":4},{"not_picked":["Acrobatics","Cloak And Dagger"],"picked":"Dagger Spray","floor":5},{"not_picked":["Cloak And Dagger","Deflect"],"picked":"Backflip","floor":7},{"not_picked":["Flying Knee","Blade Dance"],"picked":"Deadly Poison","floor":10},{"not_picked":["Choke","Tactician"],"picked":"Slice","floor":11},{"not_picked":["Setup","Expertise"],"picked":"Poisoned Stab","floor":13},{"not_picked":["Glass Knife","Wraith Form v2"],"picked":"Adrenaline","floor":16},{"not_picked":["Sucker Punch","Deadly Poison"],"picked":"Deflect","floor":18},{"not_picked":["Outmaneuver","Bouncing Flask","Backflip"],"picked":"SKIP","floor":20},{"not_picked":["Outmaneuver","Reflex","Infinite Blades"],"picked":"SKIP","floor":21},{"not_picked":["Deflect","Slice"],"picked":"Leg Sweep+1","floor":24},{"not_picked":["Dodge and Roll","Dagger Throw"],"picked":"Cloak And Dagger+1","floor":28},{"not_picked":["Quick Slash","Doppelganger"],"picked":"Sucker Punch+1","floor":29}],"player_experience":408060,"relics_obtained":[{"floor":7,"key":"Tiny Chest"},{"floor":8,"key":"Bag of Marbles"},{"floor":9,"key":"Bag of Preparation"},{"floor":13,"key":"Ancient Tea Set"},{"floor":26,"key":"Anchor"},{"floor":29,"key":"Snake Skull"}],"event_choices":[{"event_name":"Dead Adventurer","player_choice":"Searched \u00271\u0027 times","floor":13,"damage_taken":0},{"event_name":"Mushrooms","player_choice":"Healed and dodged fight","floor":14,"damage_taken":0},{"event_name":"The Mausoleum","player_choice":"Yes","floor":22,"damage_taken":0}],"is_beta":true,"boss_relics":[{"not_picked":["Orrery","Black Star"],"picked":"Sozu"}],"items_purged_floors":[19],"is_endless":false,"potions_floor_spawned":[2,4,7,11,13,16,21,28],"killed_by":"Slavers","ascension_level":2}