{"gold_per_floor":[109,34,47,47,65,65,65,65,65,84,115,115,129,146,146,220,220,238,238,257,257],"floor_reached":21,"playtime":1760,"items_purged":[],"score":406,"play_id":"da431476-081a-42f1-9aec-d63cc456f980","local_time":"20190214232438","is_ascension_mode":true,"campfire_choices":[{"data":"Spot Weakness","floor":6,"key":"SMITH"},{"data":"Heavy Blade","floor":8,"key":"SMITH"},{"data":"Ghostly Armor","floor":12,"key":"SMITH"},{"data":"True Grit","floor":15,"key":"SMITH"}],"neow_cost":"NONE","seed_source_timestamp":130910048780128,"circlet_count":0,"master_deck":["AscendersBane","Strike_R","Strike_R","Defend_R","Defend_R","Defend_R","Defend_R","Bash","Spot Weakness+1","Heavy Blade+1","Carnage","Ghostly Armor+1","Shrug It Off","True Grit+1","Juggernaut","Sentinel","Spot Weakness"],"relics":["Burning Blood","Blue Candle","Mango","Snecko Eye"],"potions_floor_usage":[16,16,20],"damage_taken":[{"damage":6,"enemies":"Cultist","floor":1,"turns":3},{"damage":5,"enemies":"Small Slimes","floor":3,"turns":5},{"damage":8,"enemies":"2 Louse","floor":5,"turns":3},{"damage":9,"enemies":"Exordium Wildlife","floor":10,"turns":3},{"damage":18,"enemies":"Gremlin Nob","floor":11,"turns":3},{"damage":9,"enemies":"2 Fungi Beasts","floor":13,"turns":4},{"damage":4,"enemies":"3 Louse","floor":14,"turns":5},{"damage":68,"enemies":"Hexaghost","floor":16,"turns":13},{"damage":28,"enemies":"Shell Parasite","floor":18,"turns":5},{"damage":17,"enemies":"2 Thieves","floor":20,"turns":3},{"damage":42,"enemies":"Centurion and Healer","floor":21,"turns":6}],"seed_played":"8496364743756393947","potions_obtained":[{"floor":5,"key":"Swift Potion"},{"floor":10,"key":"SkillPotion"},{"floor":16,"key":"GamblersBrew"}],"is_trial":false,"path_per_floor":["M","?","M","?","M","R","$","R","T","M","E","R","M","M","R","B",null,"M","?","M","M"],"character_chosen":"IRONCLAD","items_purchased":[],"campfire_rested":0,"item_purchase_floors":[],"current_hp_per_floor":[75,75,76,76,74,74,74,74,74,71,73,73,70,72,72,10,75,53,53,42,0],"gold":257,"neow_bonus":"TEN_PERCENT_HP_BONUS","is_prod":false,"is_daily":false,"chose_seed":false,"campfire_upgraded":4,"win_rate":0,"timestamp":1550183078,"path_taken":["M","?","M","?","M","R","$","R","T","M","E","R","?","M","R","BOSS","M","?","M","?"],"build_version":"2019-02-06","purchased_purges":0,"victory":false,"max_hp_per_floor":[82,82,82,82,82,82,82,82,82,82,96,96,96,96,96,96,96,96,96,96,96],"card_choices":[{"not_picked":["Havoc","Flex"],"picked":"Spot Weakness","floor":1},{"not_picked":["Second Wind","Pummel"],"picked":"Heavy Blade","floor":3},{"not_picked":["Sever Soul","Intimidate"],"picked":"Carnage","floor":5},{"not_picked":["Bloodletting","Perfected Strike","Thunderclap"],"picked":"SKIP","floor":10},{"not_picked":["Bloodletting","Wild Strike"],"picked":"Ghostly Armor","floor":11},{"not_picked":["Anger","Pommel Strike"],"picked":"Shrug It Off","floor":13},{"not_picked":["Sword Boomerang","Reckless Charge"],"picked":"True Grit","floor":14},{"not_picked":["Limit Break","Exhume"],"picked":"Juggernaut","floor":16},{"not_picked":["Cleave","Sever Soul+1","Seeing Red"],"picked":"SKIP","floor":18},{"not_picked":["Power Through","Body Slam+1"],"picked":"Spot Weakness","floor":20}],"player_experience":457765,"relics_obtained":[{"floor":9,"key":"Blue Candle"},{"floor":11,"key":"Mango"}],"event_choices":[{"cards_removed":["Strike_R"],"damage_healed":0,"gold_gain":0,"player_choice":"Card Removal","damage_taken":0,"max_hp_gain":0,"max_hp_loss":0,"event_name":"The Cleric","floor":2,"gold_loss":75},{"cards_removed":["Strike_R"],"damage_healed":0,"gold_gain":0,"player_choice":"Offered Basic","damage_taken":0,"max_hp_gain":0,"max_hp_loss":0,"event_name":"Bonfire Elementals","floor":4,"gold_loss":0},{"damage_healed":0,"gold_gain":0,"cards_transformed":["Strike_R"],"player_choice":"Transformed","damage_taken":0,"max_hp_gain":0,"max_hp_loss":0,"event_name":"Transmorgrifier","floor":19,"gold_loss":0,"cards_obtained":["Sentinel"]}],"is_beta":true,"boss_relics":[{"not_picked":["Empty Cage","Mark of Pain"],"picked":"Snecko Eye"}],"items_purged_floors":[],"is_endless":false,"potions_floor_spawned":[5,10,13,16],"killed_by":"Centurion and Healer","ascension_level":17}