{"gold_per_floor":[114,114,129,144,159,189,189,204,279,309,321,348,405,447,459,571,583,610,637,664,676,718,730,772,799,861,448,448,463,478,493,493,593,593,608,275,290,305,320,350,350,365,440,440,440,455,470,485,485,485],"floor_reached":51,"playtime":2235,"items_purged":["Strike_G","Strike_G"],"score":1199,"play_id":"0f9c991a-412d-4461-852d-6c916648c729","local_time":"20190117113647","daily_mods":["Specialized","Vintage","DeadlyEvents"],"is_ascension_mode":false,"campfire_choices":[{"data":"Survivor","floor":7.0,"key":"SMITH"},{"data":"Defend_G","floor":11.0,"key":"SMITH"},{"data":"Deflect","floor":15,"key":"SMITH"},{"data":"Cloak And Dagger","floor":23,"key":"SMITH"},{"data":"Footwork","floor":28,"key":"SMITH"},{"data":"Defend_G","floor":32,"key":"SMITH"},{"data":"Wraith Form v2","floor":41,"key":"SMITH"},{"data":"Well Laid Plans","floor":44,"key":"SMITH"},{"data":"Defend_G","floor":49,"key":"SMITH"}],"neow_cost":"","seed_source_timestamp":0,"circlet_count":0,"master_deck":["Defend_G+1","Defend_G+1","Defend_G+1","Defend_G+1","Survivor+1","Neutralize+1","Unload+1","Unload","Unload","Unload","Unload","Deflect+1","Escape Plan","Dagger Throw","Corpse Explosion","A Thousand Cuts+1","Sucker Punch+1","Heel Hook+1","Cloak And Dagger+1","Backflip+1","Footwork+1","Cloak And Dagger+1","Wraith Form v2+1","Well Laid Plans+1"],"special_seed":17913,"relics":["Ring of the Snake","Regal Pillow","Ice Cream","Whetstone","FossilizedHelix","Bottled Flame","Darkstone Periapt","Blue Candle","MawBank","Pen Nib","Tiny Chest","Potion Belt","Astrolabe","Lantern","Ornamental Fan","Bottled Lightning","Kunai","Mercury Hourglass","Ancient Tea Set","Smiling Mask","Vajra","War Paint","Centennial Puzzle","Paper Crane","Velvet Choker","Singing Bowl","Question Card","Bottled Tornado","Anchor","Meat on the Bone","Letter Opener","Oddly Smooth Stone","Mummified Hand","Bronze Scales","Pear","Toxic Egg 2"],"potions_floor_usage":[16,16,22,24,33,33,33,50],"damage_taken":[{"damage":0.0,"enemies":"Cultist","floor":1.0,"turns":2.0},{"damage":0.0,"enemies":"Small Slimes","floor":3.0,"turns":2.0},{"damage":0.0,"enemies":"Jaw Worm","floor":4.0,"turns":1.0},{"damage":0.0,"enemies":"3 Louse","floor":5.0,"turns":2.0},{"damage":0.0,"enemies":"Gremlin Nob","floor":6.0,"turns":3.0},{"damage":0.0,"enemies":"Looter","floor":8.0,"turns":1.0},{"damage":0.0,"enemies":"Lagavulin","floor":10.0,"turns":4.0},{"damage":0.0,"enemies":"Blue Slaver","floor":12.0,"turns":2.0},{"damage":0.0,"enemies":"Large Slime","floor":13.0,"turns":4.0},{"damage":0,"enemies":"3 Sentries","floor":14,"turns":4},{"damage":0,"enemies":"Hexaghost","floor":16,"turns":9},{"damage":0,"enemies":"Chosen","floor":18,"turns":3},{"damage":0,"enemies":"Shell Parasite","floor":19,"turns":2},{"damage":0,"enemies":"Centurion and Healer","floor":20,"turns":2},{"damage":0,"enemies":"Gremlin Leader","floor":22,"turns":5},{"damage":0,"enemies":"Book of Stabbing","floor":24,"turns":4},{"damage":0,"enemies":"Cultist and Chosen","floor":25,"turns":3},{"damage":0,"enemies":"Snecko","floor":29,"turns":3},{"damage":0,"enemies":"Snake Plant","floor":30,"turns":4},{"damage":0,"enemies":"Cultist and Chosen","floor":31,"turns":3},{"damage":0,"enemies":"Automaton","floor":33,"turns":9},{"damage":0,"enemies":"3 Darklings","floor":35,"turns":3},{"damage":0,"enemies":"3 Shapes","floor":37,"turns":1},{"damage":0,"enemies":"3 Darklings","floor":38,"turns":1},{"damage":0,"enemies":"4 Shapes","floor":39,"turns":2},{"damage":0,"enemies":"Nemesis","floor":40,"turns":7},{"damage":0,"enemies":"Transient","floor":42,"turns":5},{"damage":0,"enemies":"3 Darklings","floor":46,"turns":2},{"damage":0,"enemies":"Jaw Worm Horde","floor":47,"turns":2},{"damage":0,"enemies":"Spire Growth","floor":48,"turns":4},{"damage":0,"enemies":"Awakened One","floor":50,"turns":16}],"seed_played":"8498039095971969766","potions_obtained":[{"floor":3.0,"key":"EssenceOfSteel"},{"floor":5.0,"key":"Ancient Potion"},{"floor":8.0,"key":"PowerPotion"},{"floor":13.0,"key":"EssenceOfSteel"},{"floor":14,"key":"Explosive Potion"},{"floor":25,"key":"PowerPotion"},{"floor":35,"key":"Ancient Potion"},{"floor":38,"key":"SkillPotion"},{"floor":46,"key":"Energy Potion"}],"is_trial":false,"path_per_floor":["M","?","M","M","M","E","R","M","T","E","R","M","M","E","R","B",null,"M","M","M","?","E","R","E","M","T","$","R","M","M","M","R","B",null,"M","$","M","M","M","E","R","M","T","R","?","M","M","M","R","B",null],"character_chosen":"THE_SILENT","items_purchased":["Vajra","Footwork","Cloak And Dagger","SpeedPotion","Dexterity Potion","Question Card","Well Laid Plans"],"campfire_rested":0,"item_purchase_floors":[27,27,27,27,27,36,36],"current_hp_per_floor":[70,70,70,70,70,70,70,70,70,70,70,70,70,70,70,70,70,70,70,70,49,49,49,49,49,49,49,49,49,49,49,49,49,70,70,70,70,70,70,72,72,72,72,72,72,72,82,82,82,82],"gold":485,"neow_bonus":"","is_prod":false,"is_daily":true,"chose_seed":false,"campfire_upgraded":9,"win_rate":0,"timestamp":1547721407,"path_taken":["M","?","M","M","M","E","R","M","T","E","R","M","M","?","R","BOSS","M","M","M","?","?","R","E","M","T","$","R","M","M","M","R","BOSS","M","$","M","M","M","E","R","M","T","R","?","M","M","M","R","BOSS"],"build_version":"2019-01-10","purchased_purges":2,"victory":true,"max_hp_per_floor":[70,70,70,70,70,70,70,70,70,70,70,70,70,70,70,70,70,70,70,70,70,70,70,70,70,70,70,70,70,70,70,70,70,70,70,70,70,70,70,72,72,72,72,72,72,72,82,82,82,82],"card_choices":[{"not_picked":["Acrobatics","Quick Slash"],"picked":"Deflect","floor":6.0},{"not_picked":["Outmaneuver","Storm of Steel"],"picked":"Escape Plan","floor":10.0},{"not_picked":["Bane","Masterful Stab"],"picked":"Dagger Throw","floor":14},{"not_picked":["Malaise","After Image"],"picked":"Corpse Explosion","floor":16},{"not_picked":["Deflect+1","Sucker Punch"],"picked":"Cloak And Dagger","floor":22},{"not_picked":["Doppelganger","Expertise+1"],"picked":"Backflip+1","floor":24},{"not_picked":["Night Terror","Grand Finale"],"picked":"Wraith Form v2","floor":33},{"not_picked":["Slice","Choke","Distraction+1","Dagger Spray+1"],"picked":"Singing Bowl","floor":40}],"player_experience":1899113,"relics_obtained":[{"floor":1.0,"key":"Regal Pillow"},{"floor":3.0,"key":"Ice Cream"},{"floor":4.0,"key":"Whetstone"},{"floor":5.0,"key":"FossilizedHelix"},{"floor":6.0,"key":"Bottled Flame"},{"floor":8.0,"key":"Darkstone Periapt"},{"floor":9.0,"key":"Blue Candle"},{"floor":10.0,"key":"MawBank"},{"floor":12.0,"key":"Pen Nib"},{"floor":13.0,"key":"Tiny Chest"},{"floor":14,"key":"Potion Belt"},{"floor":18,"key":"Lantern"},{"floor":19,"key":"Ornamental Fan"},{"floor":20,"key":"Bottled Lightning"},{"floor":22,"key":"Kunai"},{"floor":24,"key":"Mercury Hourglass"},{"floor":25,"key":"Ancient Tea Set"},{"floor":26,"key":"Smiling Mask"},{"floor":29,"key":"War Paint"},{"floor":30,"key":"Centennial Puzzle"},{"floor":31,"key":"Paper Crane"},{"floor":35,"key":"Singing Bowl"},{"floor":37,"key":"Bottled Tornado"},{"floor":38,"key":"Anchor"},{"floor":39,"key":"Meat on the Bone"},{"floor":40,"key":"Letter Opener"},{"floor":42,"key":"Oddly Smooth Stone"},{"floor":43,"key":"Mummified Hand"},{"floor":46,"key":"Bronze Scales"},{"floor":47,"key":"Pear"},{"floor":48,"key":"Toxic Egg 2"}],"event_choices":[{"damage_healed":0.0,"max_hp_gain":0.0,"max_hp_loss":0.0,"gold_gain":0.0,"cards_transformed":["Strike_G"],"event_name":"Transmorgrifier","player_choice":"Transformed","floor":2.0,"gold_loss":0.0,"damage_taken":0.0,"cards_obtained":["Accuracy"]},{"damage_healed":0,"gold_gain":0,"player_choice":"POTION POTION ","damage_taken":21,"max_hp_gain":0,"max_hp_loss":0,"event_name":"Knowing Skull","floor":21,"potions_obtained":["Energy Potion","Swift Potion"],"gold_loss":0,"cards_obtained":[]},{"cards_removed":["Accuracy"],"damage_healed":0,"gold_gain":0,"player_choice":"Removed Power","damage_taken":0,"max_hp_gain":0,"max_hp_loss":0,"event_name":"Falling","floor":45,"gold_loss":0}],"is_beta":false,"boss_relics":[{"not_picked":["Snecko Eye","Eternal Feather"],"picked":"Astrolabe"},{"not_picked":["Black Star","Calling Bell"],"picked":"Velvet Choker"}],"items_purged_floors":[27,36],"is_endless":false,"potions_floor_spawned":[3,5,8,13,14,25,29,30,31,35,38,46],"ascension_level":0}