{"gold_per_floor":[117,117,45,0,11,11,40,57,104,124,124,124,56,89,89,166,166,179,195,195,195,205,205,220,220],"floor_reached":25,"playtime":982,"items_purged":[],"score":369,"play_id":"735c68f4-f9df-49e9-8849-d6c63b829be5","local_time":"20180706162426","is_ascension_mode":true,"campfire_choices":[{"data":"Neutralize","floor":6,"key":"SMITH"},{"floor":11,"key":"REST"},{"data":"Cloak And Dagger","floor":15,"key":"SMITH"},{"floor":23,"key":"REST"}],"neow_cost":"NONE","seed_source_timestamp":874846586755023,"circlet_count":0,"master_deck":["Defend_G","Defend_G","Defend_G","Defend_G","Defend_G","Strike_G","Strike_G","Strike_G","Strike_G","Strike_G","Survivor","Neutralize+1","AscendersBane","Cloak And Dagger+1","Dash","Finisher","Deflect","Escape Plan","Cloak And Dagger","Skewer","Noxious Fumes","Envenom","Malaise","Leg Sweep","Calculated Gamble","Dodge and Roll","Deflect","Leg Sweep"],"relics":["Ring of the Snake","Ancient Tea Set","Lantern","Omamori","Torii","Orrery"],"potions_floor_usage":[14,16,22,24,25,25],"damage_taken":[{"damage":7,"enemies":"Jaw Worm","floor":1,"turns":6},{"damage":10,"enemies":"Small Slimes","floor":5,"turns":5},{"damage":22,"enemies":"Gremlin Nob","floor":7,"turns":5},{"damage":0,"enemies":"Cultist","floor":8,"turns":3},{"damage":15,"enemies":"Exordium Thugs","floor":10,"turns":7},{"damage":5,"enemies":"3 Sentries","floor":14,"turns":6},{"damage":9,"enemies":"Hexaghost","floor":16,"turns":11},{"damage":14,"enemies":"Spheric Guardian","floor":18,"turns":8},{"damage":7,"enemies":"Chosen","floor":19,"turns":6},{"damage":16,"enemies":"Snake Plant","floor":22,"turns":7},{"damage":10,"enemies":"Slaver and Parasite","floor":24,"turns":11},{"damage":36,"enemies":"Gremlin Leader","floor":25,"turns":5}],"seed_played":"-7064898040496502839","potions_obtained":[{"floor":10,"key":"AttackPotion"},{"floor":14,"key":"SkillPotion"},{"floor":16,"key":"LiquidBronze"},{"floor":19,"key":"Swift Potion"},{"floor":22,"key":"Fire Potion"},{"floor":24,"key":"SteroidPotion"}],"is_trial":false,"path_per_floor":["M","?","$","?","M","R","E","M","T","M","R","?","$","E","R","B",null,"M","M","?","?","M","R","M"],"character_chosen":"THE_SILENT","items_purchased":["Dash","Skewer"],"campfire_rested":2,"item_purchase_floors":[3,13],"current_hp_per_floor":[52,57,57,57,47,47,25,25,25,10,31,31,31,26,26,17,58,44,37,37,37,21,42,32,0],"gold":220,"neow_bonus":"RANDOM_COMMON_RELIC","is_prod":false,"is_daily":false,"chose_seed":false,"campfire_upgraded":2,"win_rate":0,"timestamp":1530887066,"path_taken":["M","?","$","?","M","R","E","M","T","?","R","?","$","E","R","BOSS","M","M","?","?","?","R","M","E"],"build_version":"2018-07-05","purchased_purges":0,"victory":false,"max_hp_per_floor":[66,71,71,71,71,71,71,71,71,71,71,71,71,71,71,71,71,71,71,71,71,71,71,71,71],"card_choices":[{"not_picked":["Dagger Spray","PiercingWail"],"picked":"Cloak And Dagger","floor":1},{"not_picked":["Setup","Riddle With Holes"],"picked":"Finisher","floor":5},{"not_picked":["All Out Attack","Acrobatics"],"picked":"Deflect","floor":7},{"not_picked":["Predator","Backflip"],"picked":"Escape Plan","floor":8},{"not_picked":["Expertise","Finisher"],"picked":"Cloak And Dagger","floor":10},{"not_picked":["Catalyst","Calculated Gamble"],"picked":"Noxious Fumes","floor":14},{"not_picked":["Grand Finale","Unload"],"picked":"Envenom","floor":16},{"not_picked":["Dagger Spray","Sucker Punch"],"picked":"Malaise","floor":17},{"not_picked":["Flying Knee","Sucker Punch"],"picked":"Leg Sweep","floor":17},{"not_picked":["Terror","Flechettes"],"picked":"Calculated Gamble","floor":17},{"not_picked":["Prepared","Choke"],"picked":"Dodge and Roll","floor":18},{"not_picked":["Dagger Spray+1","Eviscerate"],"picked":"Deflect","floor":19},{"not_picked":["Dagger Spray+1","Prepared","Skewer"],"picked":"SKIP","floor":22},{"not_picked":["Bane","Dagger Throw","Deflect"],"picked":"SKIP","floor":24}],"player_experience":984011,"relics_obtained":[{"floor":7,"key":"Lantern"},{"floor":9,"key":"Omamori"},{"floor":14,"key":"Torii"}],"event_choices":[{"event_name":"Big Fish","player_choice":"Donut","floor":2,"damage_taken":0},{"event_name":"World of Goop","player_choice":"Left","floor":4,"damage_taken":0},{"event_name":"Golden Idol","player_choice":"Ignored","floor":12,"damage_taken":0},{"event_name":"The Library","player_choice":"Read","floor":20,"damage_taken":0},{"event_name":"Vampires","player_choice":"Ignored","floor":21,"damage_taken":0}],"boss_relics":[{"not_picked":["Tiny House","Fusion Hammer"],"picked":"Orrery"}],"items_purged_floors":[],"is_endless":false,"potions_floor_spawned":[10,14,16,19,22,24],"killed_by":"Gremlin Leader","ascension_level":15}