{"gold_per_floor":[114,125,125,142,142,177,22,40,40,75,150,150,75,96,96,96],"floor_reached":16,"playtime":589,"items_purged":["Strike_R"],"score":110,"play_id":"8a0aca6c-7c33-4afb-a74f-d18bbdd2ad86","local_time":"20190112143109","is_ascension_mode":false,"campfire_choices":[{"data":"Rampage","floor":12,"key":"SMITH"},{"floor":15,"key":"REST"}],"neow_cost":"NONE","seed_source_timestamp":298907408150309,"circlet_count":0,"master_deck":["Strike_R","Strike_R","Strike_R","Strike_R","Defend_R","Defend_R","Defend_R","Defend_R","Bash","Reaper","Iron Wave","Flex","Cleave","Injury","Spot Weakness+1","Heavy Blade","Rampage+1","Limit Break+1"],"relics":["Burning Blood","Golden Idol","Toxic Egg 2","PreservedInsect","Question Card","Frozen Egg 2"],"potions_floor_usage":[6,10,10],"damage_taken":[{"damage":0,"enemies":"Small Slimes","floor":1,"turns":3},{"damage":1,"enemies":"Jaw Worm","floor":2,"turns":4},{"damage":1,"enemies":"2 Louse","floor":4,"turns":3},{"damage":60,"enemies":"Lagavulin","floor":6,"turns":9},{"damage":14,"enemies":"Blue Slaver","floor":8,"turns":4},{"damage":16,"enemies":"3 Sentries","floor":10,"turns":4},{"damage":6,"enemies":"2 Fungi Beasts","floor":14,"turns":4},{"damage":72,"enemies":"The Guardian","floor":16,"turns":9}],"seed_played":"-7686437017801071710","potions_obtained":[{"floor":4,"key":"Dexterity Potion"},{"floor":6,"key":"PowerPotion"},{"floor":8,"key":"LiquidBronze"}],"is_trial":false,"path_per_floor":["M","M","?","M","?","E","$","M","T","E","?","R","$","M","R","B"],"character_chosen":"IRONCLAD","items_purchased":["PreservedInsect"],"campfire_rested":1,"item_purchase_floors":[7],"current_hp_per_floor":[80,80,85,85,85,37,37,35,35,43,32,32,32,36,61,0],"gold":96,"neow_bonus":"ONE_RANDOM_RARE_CARD","is_prod":false,"is_daily":false,"chose_seed":false,"campfire_upgraded":1,"win_rate":0,"timestamp":1547321469,"path_taken":["M","M","?","M","?","E","?","M","T","E","?","R","$","M","R","BOSS"],"build_version":"2019-01-10","purchased_purges":1,"victory":false,"max_hp_per_floor":[80,80,85,85,85,85,85,85,85,85,85,85,85,85,85,85],"card_choices":[{"not_picked":["Heavy Blade","Warcry"],"picked":"Iron Wave","floor":1},{"not_picked":["Wild Strike","Rupture"],"picked":"Flex","floor":2},{"not_picked":["Clash","Havoc"],"picked":"Cleave","floor":4},{"not_picked":["Blood for Blood","Anger"],"picked":"Spot Weakness","floor":6},{"not_picked":["Anger","Thunderclap"],"picked":"Heavy Blade","floor":8},{"not_picked":["Sever Soul","Pummel","Clash"],"picked":"Rampage","floor":10},{"not_picked":["Headbutt","Wild Strike","Entrench+1"],"picked":"Limit Break+1","floor":14}],"player_experience":2096109,"relics_obtained":[{"floor":6,"key":"Toxic Egg 2"},{"floor":9,"key":"Question Card"},{"floor":10,"key":"Frozen Egg 2"}],"event_choices":[{"damage_healed":0,"gold_gain":0,"player_choice":"Donut","damage_taken":0,"max_hp_gain":5,"max_hp_loss":0,"event_name":"Big Fish","floor":3,"gold_loss":0},{"damage_healed":0,"gold_gain":0,"player_choice":"Take Wound","damage_taken":0,"relics_obtained":["Golden Idol"],"max_hp_gain":0,"max_hp_loss":0,"event_name":"Golden Idol","floor":5,"gold_loss":0,"cards_obtained":["Injury"]},{"damage_healed":0,"gold_gain":75,"player_choice":"Gather Gold","damage_taken":11,"max_hp_gain":0,"max_hp_loss":0,"event_name":"World of Goop","floor":11,"gold_loss":0}],"is_beta":false,"boss_relics":[],"items_purged_floors":[13],"is_endless":false,"potions_floor_spawned":[4,6,8],"killed_by":"The Guardian","ascension_level":0}