{"gold_per_floor":[219,237,43,61,10,10,40,40,40,55,130,130,147,177,177,275,275,288,203,222,222,321,349,365,378,404,404,424,456,215,215,215,319,319,335,335,353,353,371,386,386,18,18,48,66,28,39,39,39,39,39,39,39,66,66],"floor_reached":56,"playtime":3911,"items_purged":[],"score":1237,"play_id":"87ba1502-dc5f-4978-a321-b002c03b4266","local_time":"20181213184926","is_ascension_mode":false,"campfire_choices":[{"data":"Pommel Strike","floor":6,"key":"SMITH"},{"data":"Corruption","floor":8,"key":"SMITH"},{"floor":15,"key":"REST"},{"floor":27,"key":"REST"},{"floor":32,"key":"REST"},{"floor":41,"key":"RECALL"},{"data":"Apotheosis","floor":49,"key":"SMITH"},{"data":"Mayhem","floor":52,"key":"SMITH"}],"neow_cost":"NONE","seed_source_timestamp":79525325129538,"circlet_count":0,"master_deck":["Strike_R","Strike_R","Strike_R","Strike_R","Strike_R","Defend_R","Defend_R","Defend_R","Defend_R","Bash","Burning Pact","Inflame","Pommel Strike","Pommel Strike+1","Corruption+1","Iron Wave","Power Through","Barricade","Warcry+1","Shrug It Off+1","Burning Pact+1","Warcry","Body Slam","Evolve","Inflame+1","Havoc","Rage","Havoc","Spot Weakness","Entrench","Decay","Feed","Shockwave+1","Good Instincts","Disarm+1","Infernal Blade+1","Limit Break","Mayhem+1","Apotheosis+1","Normality","True Grit","Shockwave+1","Shrug It Off","Entrench+1","True Grit"],"relics":["Burning Blood","Brimstone","Bird Faced Urn","The Courier","Dead Branch","Cursed Key","Dream Catcher","Red Skull","Red Mask","Black Star","Bottled Lightning","Incense Burner","Mummified Hand","Mercury Hourglass","Ornamental Fan"],"potions_floor_usage":[16,39,44,50,50],"damage_taken":[{"damage":10,"enemies":"Cultist","floor":1,"turns":4},{"damage":10,"enemies":"Small Slimes","floor":2,"turns":3},{"damage":0,"enemies":"2 Louse","floor":4,"turns":2},{"damage":31,"enemies":"Lagavulin","floor":7,"turns":5},{"damage":0,"enemies":"Large Slime","floor":10,"turns":5},{"damage":6,"enemies":"Looter","floor":13,"turns":3},{"damage":47,"enemies":"3 Sentries","floor":14,"turns":7},{"damage":17,"enemies":"The Guardian","floor":16,"turns":7},{"damage":0,"enemies":"Chosen","floor":18,"turns":4},{"damage":12,"enemies":"Spheric Guardian","floor":20,"turns":3},{"damage":53,"enemies":"Slavers","floor":23,"turns":4},{"damage":25,"enemies":"Snake Plant","floor":24,"turns":4},{"damage":15,"enemies":"Chosen and Byrds","floor":25,"turns":5},{"damage":4,"enemies":"Centurion and Healer","floor":28,"turns":1},{"damage":44,"enemies":"Masked Bandits","floor":29,"turns":4},{"damage":51,"enemies":"Automaton","floor":33,"turns":6},{"damage":2,"enemies":"3 Darklings","floor":35,"turns":2},{"damage":27,"enemies":"Orb Walker","floor":37,"turns":5},{"damage":19,"enemies":"Transient","floor":39,"turns":5},{"damage":6,"enemies":"Spire Growth","floor":40,"turns":4},{"damage":15,"enemies":"Giant Head","floor":44,"turns":4},{"damage":31,"enemies":"4 Shapes","floor":45,"turns":4},{"damage":0,"enemies":"Writhing Mass","floor":47,"turns":3},{"damage":28,"enemies":"Donu and Deca","floor":50,"turns":4},{"damage":37,"enemies":"Shield and Spear","floor":54,"turns":5},{"damage":70,"enemies":"The Heart","floor":55,"turns":6}],"seed_played":"-811508311958689552","potions_obtained":[{"floor":1,"key":"SpeedPotion"},{"floor":14,"key":"Poison Potion"},{"floor":16,"key":"SpeedPotion"},{"floor":24,"key":"EssenceOfSteel"},{"floor":29,"key":"FairyPotion"},{"floor":33,"key":"BloodPotion"},{"floor":39,"key":"AttackPotion"},{"floor":45,"key":"Strength Potion"}],"is_trial":false,"path_per_floor":["M","M","$","M","$","R","E","R","T","M","?","?","M","E","R","B",null,"M","?","M","?","?","E","M","M","T","R","M","?","$","?","R","B",null,"M","?","M","?","M","M","R","$","T","E","M","$","M","$","R","B",null,"R","$","E","B",null],"character_chosen":"IRONCLAD","items_purchased":["Brimstone","Pommel Strike","Havoc","Rage","Havoc","Spot Weakness","Entrench","Limit Break","Mayhem","Apotheosis","Shrug It Off"],"campfire_rested":3,"item_purchase_floors":[3,5,30,30,30,30,30,42,42,42,46],"current_hp_per_floor":[76,72,72,78,78,78,53,53,53,63,52,57,61,24,49,44,85,85,85,81,81,81,40,27,24,24,49,57,29,29,29,54,21,85,85,85,74,74,79,85,85,85,85,82,63,63,79,79,79,77,89,89,89,78,30],"gold":66,"neow_bonus":"HUNDRED_GOLD","is_prod":false,"is_daily":false,"chose_seed":false,"campfire_upgraded":4,"win_rate":0,"timestamp":1544744966,"path_taken":["M","M","$","?","$","R","E","R","T","M","?","?","M","E","R","BOSS","M","?","M","?","?","E","M","?","T","R","M","?","?","?","R","BOSS","M","?","M","?","?","M","R","$","T","E","M","?","M","$","R","BOSS","R","$","E","BOSS"],"build_version":"2018-12-06","purchased_purges":0,"victory":true,"max_hp_per_floor":[80,80,80,80,80,80,80,80,80,80,80,85,85,85,85,85,85,85,85,85,85,85,85,85,85,85,85,85,85,85,85,85,85,85,85,85,85,85,85,85,85,85,85,85,85,85,89,89,89,89,89,89,89,93,93],"card_choices":[{"not_picked":["Corruption","Flex"],"picked":"Burning Pact","floor":1},{"not_picked":["Warcry","Sword Boomerang"],"picked":"Inflame","floor":2},{"not_picked":["Havoc","Sentinel"],"picked":"Pommel Strike","floor":4},{"not_picked":["Intimidate","Shrug It Off"],"picked":"Corruption","floor":7},{"not_picked":["Armaments","Infernal Blade"],"picked":"Iron Wave","floor":10},{"not_picked":["Warcry","Flex","Havoc"],"picked":"SKIP","floor":13},{"not_picked":["Whirlwind","Blood for Blood"],"picked":"Power Through","floor":14},{"not_picked":["Impervious","Juggernaut"],"picked":"Barricade","floor":16},{"not_picked":["Sword Boomerang","Second Wind"],"picked":"Warcry+1","floor":18},{"not_picked":["Sever Soul","Intimidate"],"picked":"Shrug It Off+1","floor":20},{"not_picked":["Exhume","Corruption+1"],"picked":"Burning Pact+1","floor":23},{"not_picked":["Clash+1","Sword Boomerang+1"],"picked":"Warcry","floor":24},{"not_picked":["Hemokinesis","Blood for Blood","Perfected Strike+1"],"picked":"SKIP","floor":25},{"not_picked":["Uppercut","Thunderclap"],"picked":"Body Slam","floor":27},{"not_picked":["Anger","Immolate"],"picked":"Evolve","floor":28},{"not_picked":["Thunderclap+1","Anger+1"],"picked":"Inflame+1","floor":29},{"not_picked":["Double Tap","Bludgeon"],"picked":"Feed","floor":33},{"not_picked":["Headbutt","Wild Strike"],"picked":"Shockwave+1","floor":35},{"not_picked":["Impatience","Swift Strike"],"picked":"Good Instincts","floor":36},{"not_picked":["True Grit+1","Spot Weakness"],"picked":"Disarm+1","floor":37},{"not_picked":["Flame Barrier","Shrug It Off"],"picked":"Infernal Blade+1","floor":39},{"not_picked":["Perfected Strike","Pommel Strike","Heavy Blade+1"],"picked":"SKIP","floor":40},{"not_picked":["Headbutt+1","Twin Strike"],"picked":"True Grit","floor":44},{"not_picked":["Headbutt+1","Clothesline"],"picked":"Shockwave+1","floor":45},{"not_picked":["Thunderclap+1","Uppercut"],"picked":"Entrench+1","floor":47},{"not_picked":["Carnage","Cleave"],"picked":"True Grit","floor":54}],"player_experience":1896870,"relics_obtained":[{"floor":7,"key":"Bird Faced Urn"},{"floor":9,"key":"The Courier"},{"floor":14,"key":"Dead Branch"},{"floor":23,"key":"Red Skull"},{"floor":29,"key":"Red Mask"},{"floor":43,"key":"Bottled Lightning"},{"floor":44,"key":"Incense Burner"},{"floor":44,"key":"Mummified Hand"},{"floor":54,"key":"Mercury Hourglass"},{"floor":54,"key":"Ornamental Fan"}],"event_choices":[{"damage_healed":0,"gold_gain":75,"player_choice":"Gather Gold","damage_taken":11,"max_hp_gain":0,"max_hp_loss":0,"event_name":"World of Goop","floor":11,"gold_loss":0},{"damage_healed":0,"gold_gain":0,"player_choice":"Donut","damage_taken":0,"max_hp_gain":5,"max_hp_loss":0,"event_name":"Big Fish","floor":12,"gold_loss":0},{"damage_healed":0,"gold_gain":0,"player_choice":"Obtained Relic","damage_taken":0,"relics_obtained":["Dream Catcher"],"max_hp_gain":0,"max_hp_loss":0,"event_name":"Addict","floor":19,"gold_loss":85},{"damage_healed":0,"gold_gain":0,"player_choice":"Ignored","damage_taken":0,"max_hp_gain":0,"max_hp_loss":0,"event_name":"Ghosts","floor":21,"gold_loss":0},{"damage_healed":0,"gold_gain":99,"player_choice":"Stole From Cult","damage_taken":0,"max_hp_gain":0,"max_hp_loss":0,"event_name":"Nest","floor":22,"gold_loss":0},{"damage_healed":0,"gold_gain":0,"player_choice":"Fought Bandits","damage_taken":0,"max_hp_gain":0,"max_hp_loss":0,"event_name":"Masked Bandits","floor":29,"gold_loss":0},{"damage_healed":0,"gold_gain":0,"player_choice":"Smashed Altar","damage_taken":0,"max_hp_gain":0,"max_hp_loss":0,"event_name":"Forgotten Altar","floor":31,"gold_loss":0,"cards_obtained":["Decay"]},{"damage_healed":0,"gold_gain":0,"player_choice":"Memory 1","damage_taken":0,"max_hp_gain":0,"max_hp_loss":0,"event_name":"SensoryStone","floor":36,"gold_loss":0},{"cards_removed":["Pain"],"damage_healed":0,"gold_gain":0,"player_choice":"Purged","damage_taken":0,"max_hp_gain":0,"max_hp_loss":0,"event_name":"Purifier","floor":38,"gold_loss":0}],"is_beta":false,"boss_relics":[{"not_picked":["Velvet Choker","Fusion Hammer"],"picked":"Cursed Key"},{"not_picked":["Runic Pyramid","Calling Bell"],"picked":"Black Star"}],"items_purged_floors":[],"is_endless":false,"potions_floor_spawned":[1,14,16,24,28,29,33,39,45,47],"ascension_level":0}