{"gold_per_floor":[211,18,28,47,47,47,77,77,100,116,150,150,170,23,23,23],"floor_reached":16,"playtime":639,"items_purged":[],"score":154,"play_id":"f20a1575-8db2-4069-9c4e-b8711944427f","local_time":"20180730103455","is_ascension_mode":true,"campfire_choices":[{"data":"Bash","floor":6,"key":"SMITH"},{"data":"True Grit","floor":8,"key":"SMITH"},{"floor":15,"key":"REST"}],"neow_cost":"NONE","seed_source_timestamp":406897852712194,"circlet_count":0,"master_deck":["Strike_R","Strike_R","Strike_R+1","Strike_R+1","Strike_R","Defend_R+1","Defend_R","Defend_R+1","Defend_R","Bash+1","Clash","True Grit+1","Burning Pact","Spot Weakness","Pommel Strike","Immolate","Flame Barrier"],"relics":["Burning Blood","HandDrill","Whetstone","Anchor","Meat on the Bone","War Paint","Regal Pillow"],"potions_floor_usage":[7,7,13],"damage_taken":[{"damage":13,"enemies":"Jaw Worm","floor":1,"turns":5},{"damage":5,"enemies":"Cultist","floor":3,"turns":4},{"damage":9,"enemies":"2 Louse","floor":4,"turns":4},{"damage":23,"enemies":"Lagavulin","floor":7,"turns":6},{"damage":13,"enemies":"Large Slime","floor":10,"turns":5},{"damage":23,"enemies":"Gremlin Nob","floor":11,"turns":4},{"damage":1,"enemies":"Exordium Thugs","floor":13,"turns":2},{"damage":87,"enemies":"Hexaghost","floor":16,"turns":11}],"seed_played":"4137731975719403350","potions_obtained":[{"floor":1,"key":"Ancient Potion"},{"floor":3,"key":"Block Potion"},{"floor":5,"key":"FairyPotion"},{"floor":5,"key":"Fire Potion"},{"floor":11,"key":"Fire Potion"}],"is_trial":false,"path_per_floor":["M","$","M","M","?","R","E","R","T","M","E","?","M","$","R"],"character_chosen":"IRONCLAD","items_purchased":["HandDrill","Regal Pillow"],"campfire_rested":1,"item_purchase_floors":[2,14],"current_hp_per_floor":[65,65,66,63,63,63,46,46,46,39,22,19,36,36,75,0],"gold":23,"neow_bonus":"HUNDRED_GOLD","is_prod":false,"is_daily":false,"chose_seed":false,"campfire_upgraded":2,"win_rate":0,"timestamp":1532961295,"path_taken":["M","$","M","M","?","R","E","R","T","M","E","?","M","$","R","BOSS"],"build_version":"2018-07-26","purchased_purges":0,"victory":false,"max_hp_per_floor":[80,80,80,80,80,80,80,80,80,80,80,80,80,80,80,80],"card_choices":[{"not_picked":["Seeing Red","Flex"],"picked":"Clash","floor":1},{"not_picked":["Fire Breathing","Infernal Blade"],"picked":"True Grit","floor":3},{"not_picked":["Warcry","Thunderclap"],"picked":"Burning Pact","floor":4},{"not_picked":["Shrug It Off","Havoc"],"picked":"Spot Weakness","floor":7},{"not_picked":["Battle Trance","Dual Wield"],"picked":"Pommel Strike","floor":10},{"not_picked":["Wild Strike","Pummel"],"picked":"Immolate","floor":11},{"not_picked":["Combust","Anger"],"picked":"Flame Barrier","floor":13}],"player_experience":1355350,"relics_obtained":[{"floor":7,"key":"Whetstone"},{"floor":9,"key":"Anchor"},{"floor":11,"key":"Meat on the Bone"}],"event_choices":[{"event_name":"The Lab","player_choice":"Got Potions","floor":5,"damage_taken":0},{"event_name":"Scrap Ooze","player_choice":"success","floor":12,"damage_taken":3}],"is_beta":false,"boss_relics":[],"items_purged_floors":[],"is_endless":false,"potions_floor_spawned":[1,3,11],"killed_by":"Hexaghost","ascension_level":8}