{"gold_per_floor":[113,126,126,126,145,174,174,193,217,237,254,254,254,271,271,346,346,359,409,420,51,62,62,62],"floor_reached":24,"playtime":1290,"items_purged":["Strike_B"],"score":350,"play_id":"b7a8680c-a832-434e-8903-a200971eec9f","local_time":"20180921145906","is_ascension_mode":true,"campfire_choices":[{"floor":7,"key":"REST"},{"floor":13,"key":"REST"},{"floor":15,"key":"REST"}],"neow_cost":"","seed_source_timestamp":818164539217232,"circlet_count":0,"master_deck":["Strike_B","Strike_B","Strike_B","Defend_B","Defend_B","Defend_B","Defend_B","Zap","Dualcast","AscendersBane","Cold Snap","Streamline","Hologram","Capacitor","Compile Driver","BootSequence","Beam Cell","Echo Form+1","Seek","Coolheaded","Heatsinks","Coolheaded+1"],"relics":["Cracked Core","Omamori","Bag of Preparation","Meat on the Bone","Cursed Key","Mummified Hand"],"potions_floor_usage":[10,16],"damage_taken":[{"damage":15,"enemies":"Small Slimes","floor":1,"turns":4},{"damage":2,"enemies":"Jaw Worm","floor":2,"turns":4},{"damage":1,"enemies":"2 Louse","floor":5,"turns":2},{"damage":30,"enemies":"Lagavulin","floor":6,"turns":5},{"damage":14,"enemies":"2 Fungi Beasts","floor":8,"turns":3},{"damage":15,"enemies":"Gremlin Gang","floor":10,"turns":3},{"damage":12,"enemies":"Exordium Wildlife","floor":11,"turns":3},{"damage":0,"enemies":"Large Slime","floor":14,"turns":4},{"damage":21,"enemies":"The Guardian","floor":16,"turns":13},{"damage":0,"enemies":"Chosen","floor":18,"turns":4},{"damage":33,"enemies":"3 Byrds","floor":20,"turns":6},{"damage":32,"enemies":"Centurion and Healer","floor":22,"turns":7},{"damage":27,"enemies":"Snake Plant","floor":24,"turns":5}],"seed_played":"-498691930979674317","potions_obtained":[{"floor":6,"key":"Fire Potion"},{"floor":8,"key":"SpeedPotion"},{"floor":14,"key":"Regen Potion"},{"floor":20,"key":"Weak Potion"}],"is_trial":false,"path_per_floor":["M","M","?","?","M","E","R","M","T","M","M","T","R","M","R","B",null,"M","?","M","$","M","?"],"character_chosen":"DEFECT","items_purchased":["Mummified Hand","Heatsinks"],"campfire_rested":3,"item_purchase_floors":[21,21],"current_hp_per_floor":[49,47,70,70,69,39,60,46,46,31,19,19,40,40,61,53,67,67,67,46,46,26,26,0],"gold":62,"neow_bonus":"","is_prod":false,"is_daily":false,"chose_seed":false,"campfire_upgraded":0,"win_rate":0,"timestamp":1537556346,"path_taken":["M","M","?","?","M","E","R","M","T","M","?","?","R","M","R","BOSS","M","?","M","$","M","?","M"],"build_version":"2018-09-20","purchased_purges":1,"victory":false,"max_hp_per_floor":[71,71,71,71,71,71,71,71,71,71,71,71,71,71,71,71,71,71,71,71,71,71,71,71],"card_choices":[{"not_picked":["Go for the Eyes","Hello World"],"picked":"Cold Snap","floor":1},{"not_picked":["Melter","Cold Snap"],"picked":"Streamline","floor":2},{"not_picked":["Storm","Stack"],"picked":"Hologram","floor":5},{"not_picked":["Hologram","Reprogram"],"picked":"Capacitor","floor":6},{"not_picked":["Double Energy","Streamline"],"picked":"Compile Driver","floor":8},{"not_picked":["Streamline","Chaos"],"picked":"BootSequence","floor":10},{"not_picked":["Steam Power","Force Field"],"picked":"Beam Cell","floor":11},{"not_picked":["Hologram","Barrage"],"picked":"Echo Form","floor":14},{"not_picked":["Multi-Cast","Amplify"],"picked":"Seek","floor":16},{"not_picked":["Streamline","Steam","Reprogram"],"picked":"SKIP","floor":18},{"not_picked":["Steam","Reinforced Body"],"picked":"Coolheaded","floor":20},{"not_picked":["Steam","Skim"],"picked":"Coolheaded+1","floor":22}],"player_experience":1539541,"relics_obtained":[{"floor":6,"key":"Omamori"},{"floor":9,"key":"Bag of Preparation"},{"floor":12,"key":"Meat on the Bone"}],"event_choices":[{"event_name":"Big Fish","player_choice":"Banana","floor":3,"damage_taken":0},{"event_name":"Shining Light","player_choice":"Ignored","floor":4,"damage_taken":0},{"event_name":"Nest","player_choice":"Stole From Cult","floor":19,"damage_taken":0},{"event_name":"Accursed Blacksmith","player_choice":"Forge","floor":23,"damage_taken":0}],"is_beta":false,"boss_relics":[{"not_picked":["Tiny House","White Beast Statue"],"picked":"Cursed Key"}],"items_purged_floors":[21],"is_endless":false,"potions_floor_spawned":[6,8,14,20],"killed_by":"Snake Plant","ascension_level":15}