{"path_per_floor":["M","?","$","M","?","R","E","M","T","M","M","?","R","E","R","B",null,"M","?","?","$","M","R","E","?","T","E","R","?","M","M","R"],"character_chosen":"IRONCLAD","items_purchased":["Mind Blast","Shrug It Off","Rampage","Good Instincts"],"gold_per_floor":[113,113,25,44,44,44,78,93,93,105,121,86,86,117,117,215,215,230,230,230,8,23,23,51,51,51,80,80,80,97,108,108,108],"floor_reached":33,"campfire_rested":2,"playtime":1154,"current_hp_per_floor":[80,80,80,80,80,80,55,60,60,66,64,80,80,80,80,50,80,76,76,76,76,71,71,14,14,14,17,41,41,28,18,42,0],"items_purged":[],"gold":108,"score":334,"play_id":"948e3cf7-ab93-41b4-b54d-a17a02284546","local_time":"20180325163116","is_prod":false,"is_daily":false,"is_ascension_mode":true,"campfire_upgraded":4,"timestamp":1521988276,"path_taken":["M","?","$","M","?","R","E","M","T","?","M","?","R","E","R","BOSS","M","?","?","$","M","R","E","?","T","E","R","?","M","?","R","BOSS"],"build_version":"2018-03-22v2","purchased_purges":0,"victory":false,"master_deck":["Strike_R+1","Strike_R+1","Strike_R+1","Strike_R+1","Strike_R+1","Defend_R+1","Defend_R+1","Bash","Carnage+1","Mind Blast","Rampage+1","Rage+1","Flex+1","Pommel Strike","Cleave","Demon Form","Limit Break","Shrug It Off","Rampage+1","Good Instincts","Heavy Blade","Shrug It Off","Intimidate","Shrug It Off+1","Writhe","Headbutt+1","Iron Wave","Dropkick+1"],"max_hp_per_floor":[80,80,80,80,80,80,80,80,80,80,80,80,80,80,80,80,80,80,80,80,80,80,80,80,80,80,80,80,80,80,80,80,80],"relics":["Burning Blood","Bottled Flame","Unceasing Top","Torii","Lizard Tail","Kunai","Dream Catcher","Lantern","Pen Nib"],"card_choices":[{"not_picked":["Perfected Strike","Body Slam"],"picked":"Carnage","floor":1},{"not_picked":["Metallicize","Clothesline"],"picked":"Rampage","floor":4},{"not_picked":["Infernal Blade","Armaments"],"picked":"Rage","floor":8},{"not_picked":["Thunderclap","Fire Breathing"],"picked":"Flex","floor":10},{"not_picked":["Feel No Pain","Ghostly Armor"],"picked":"Pommel Strike","floor":11},{"not_picked":["Reckless Charge","Anger"],"picked":"Cleave","floor":14},{"not_picked":["Immolate","Juggernaut"],"picked":"Demon Form","floor":16},{"not_picked":["Sentinel","Body Slam"],"picked":"Heavy Blade","floor":22},{"not_picked":["Flex","Anger"],"picked":"Shrug It Off","floor":24},{"not_picked":["Seeing Red","Burning Pact"],"picked":"Intimidate","floor":27},{"not_picked":["Warcry","Iron Wave"],"picked":"Shrug It Off","floor":28},{"not_picked":["Infernal Blade","Feel No Pain"],"picked":"Headbutt","floor":30},{"not_picked":["Heavy Blade","Warcry"],"picked":"Iron Wave","floor":31},{"not_picked":["Twin Strike","Havoc"],"picked":"Dropkick","floor":32}],"player_experience":183425,"potions_floor_usage":[14,24,24,31,31,33],"damage_taken":[{"damage":1,"enemies":"2 Louse","floor":1,"turns":3},{"damage":0,"enemies":"Cultist","floor":4,"turns":2},{"damage":31,"enemies":"3 Sentries","floor":7,"turns":9},{"damage":1,"enemies":"Jaw Worm","floor":8,"turns":2},{"damage":0,"enemies":"Looter","floor":10,"turns":2},{"damage":8,"enemies":"Gremlin Gang","floor":11,"turns":4},{"damage":0,"enemies":"Gremlin Nob","floor":14,"turns":2},{"damage":36,"enemies":"Slime Boss","floor":16,"turns":11},{"damage":10,"enemies":"Chosen","floor":18,"turns":5},{"damage":11,"enemies":"3 Byrds","floor":22,"turns":6},{"damage":63,"enemies":"Book of Stabbing","floor":24,"turns":6},{"damage":47,"enemies":"Gremlin Leader","floor":27,"turns":9},{"damage":19,"enemies":"Cultist and Chosen","floor":30,"turns":6},{"damage":16,"enemies":"3 Cultists","floor":31,"turns":6},{"damage":60,"enemies":"Collector","floor":33,"turns":7}],"event_choices":[{"event_name":"Accursed Blacksmith","player_choice":"Forge","floor":2,"damage_taken":0},{"event_name":"Golden Idol","player_choice":"Ignored","floor":5,"damage_taken":0},{"event_name":"The Cleric","player_choice":"Healed","floor":12,"damage_taken":0},{"event_name":"Bonfire Elementals","player_choice":"BASIC","floor":19,"damage_taken":0},{"event_name":"Transmorgrifier","player_choice":"Transform","floor":20,"damage_taken":0},{"event_name":"Back to Basics","player_choice":"Simplicity","floor":25,"damage_taken":0},{"event_name":"The Mausoleum","player_choice":"Yes","floor":29,"damage_taken":0}],"boss_relics":[{"not_picked":["Runic Cube","Velvet Choker"],"picked":"Lizard Tail"}],"potions_floor_spawned":[10,11,14,18,24,27,30],"seed_played":"4747151363478923300","killed_by":"Collector","ascension_level":1,"is_trial":false}