{"gold_per_floor":[119,69,84,84,97,97,111,111,111,138,138,151,151,163,163,264,264,275,264,264,264],"floor_reached":21,"playtime":1127,"items_purged":[],"score":370,"play_id":"17d1a9a9-fe00-4429-baaf-49c82a791d51","local_time":"20181027212823","is_ascension_mode":true,"campfire_choices":[{"data":"Neutralize","floor":6,"key":"SMITH"},{"data":"Noxious Fumes","floor":8,"key":"SMITH"},{"data":"Noxious Fumes","floor":11,"key":"SMITH"},{"floor":15,"key":"REST"}],"neow_cost":"NONE","seed_source_timestamp":1532881709685622,"circlet_count":0,"master_deck":["Defend_G","Defend_G","Defend_G","Defend_G","Defend_G","Strike_G","Strike_G","Strike_G","Survivor","Neutralize+1","AscendersBane","Dodge and Roll","Crippling Poison","Noxious Fumes+1","Noxious Fumes+1","Footwork","Blur","Escape Plan","Tools of the Trade","Bouncing Flask","Deadly Poison","Dodge and Roll"],"relics":["Sozu","Meat on the Bone","Ancient Tea Set","Boot","Eternal Feather"],"potions_floor_usage":[],"damage_taken":[{"damage":0,"enemies":"2 Louse","floor":1,"turns":3},{"damage":3,"enemies":"Small Slimes","floor":3,"turns":5},{"damage":0,"enemies":"Jaw Worm","floor":5,"turns":5},{"damage":6,"enemies":"2 Fungi Beasts","floor":7,"turns":5},{"damage":6,"enemies":"Lagavulin","floor":10,"turns":6},{"damage":13,"enemies":"Exordium Wildlife","floor":12,"turns":5},{"damage":7,"enemies":"3 Louse","floor":14,"turns":4},{"damage":0,"enemies":"Hexaghost","floor":16,"turns":11},{"damage":0,"enemies":"Chosen","floor":18,"turns":7},{"damage":19,"enemies":"2 Thieves","floor":19,"turns":4},{"damage":52,"enemies":"Masked Bandits","floor":21,"turns":4}],"seed_played":"5314389658112584170","potions_obtained":[],"is_trial":false,"path_per_floor":["M","?","M","?","M","R","M","R","T","E","R","M","?","M","R","B",null,"M","M","?"],"character_chosen":"THE_SILENT","items_purchased":[],"campfire_rested":1,"item_purchase_floors":[],"current_hp_per_floor":[63,63,60,57,57,57,51,51,51,45,45,44,37,42,63,63,68,68,49,49,0],"gold":264,"neow_bonus":"BOSS_RELIC","is_prod":false,"is_daily":false,"chose_seed":false,"campfire_upgraded":3,"win_rate":0,"timestamp":1540690103,"path_taken":["M","?","M","?","M","R","M","R","T","E","R","M","?","M","R","BOSS","M","M","?","?"],"build_version":"2018-10-25v2","purchased_purges":0,"victory":false,"max_hp_per_floor":[70,70,70,70,70,70,70,70,70,70,70,70,70,70,70,70,70,70,70,70,70],"card_choices":[{"not_picked":["Terror","Flechettes"],"picked":"Dodge and Roll","floor":1},{"not_picked":["PiercingWail","Heel Hook"],"picked":"Crippling Poison","floor":3},{"not_picked":["Blur","Escape Plan"],"picked":"Noxious Fumes","floor":5},{"not_picked":["Dodge and Roll","Backstab"],"picked":"Noxious Fumes","floor":7},{"not_picked":["Poisoned Stab","Blade Dance"],"picked":"Footwork","floor":10},{"not_picked":["PiercingWail","Cloak And Dagger"],"picked":"Blur","floor":12},{"not_picked":["Outmaneuver","Unload"],"picked":"Escape Plan","floor":14},{"not_picked":["Unload","Storm of Steel"],"picked":"Tools of the Trade","floor":16},{"not_picked":["Dagger Spray","Slice"],"picked":"Bouncing Flask","floor":18},{"not_picked":["Well Laid Plans","Bane"],"picked":"Deadly Poison","floor":19}],"player_experience":1596526,"relics_obtained":[{"floor":9,"key":"Ancient Tea Set"},{"floor":10,"key":"Boot"}],"event_choices":[{"cards_removed":["Strike_G"],"damage_healed":0,"gold_gain":0,"player_choice":"Card Removal","damage_taken":0,"max_hp_gain":0,"max_hp_loss":0,"event_name":"The Cleric","floor":2,"gold_loss":50},{"damage_healed":0,"gold_gain":0,"player_choice":"Success","damage_taken":3,"relics_obtained":["Meat on the Bone"],"max_hp_gain":0,"max_hp_loss":0,"event_name":"Scrap Ooze","floor":4,"gold_loss":0},{"cards_removed":["Strike_G"],"damage_healed":0,"gold_gain":0,"player_choice":"Card Removal","damage_taken":7,"max_hp_gain":0,"max_hp_loss":0,"event_name":"Golden Wing","floor":13,"gold_loss":0},{"damage_healed":0,"gold_gain":0,"player_choice":"Read","damage_taken":0,"max_hp_gain":0,"max_hp_loss":0,"event_name":"The Library","floor":20,"gold_loss":0,"cards_obtained":["Dodge and Roll"]},{"damage_healed":0,"gold_gain":0,"player_choice":"Fought Bandits","damage_taken":0,"max_hp_gain":0,"max_hp_loss":0,"event_name":"Masked Bandits","floor":21,"gold_loss":0}],"is_beta":false,"boss_relics":[{"not_picked":["Coffee Dripper","Busted Crown"],"picked":"Eternal Feather"}],"items_purged_floors":[],"is_endless":false,"potions_floor_spawned":[1,5,7,10,19],"killed_by":"Masked Bandits","ascension_level":12}