{"gold_per_floor":[111,128,59,74,86,86,5,20,47,22,22,37,137,157,157,257,257,275,292,97,42,52,52,81,81,81,81,95,95,194,229,229,229],"floor_reached":33,"playtime":2252,"items_purged":[],"score":302,"play_id":"6281b5cd-93ce-4b84-8a42-63a1f83a5996","local_time":"20190112161939","is_ascension_mode":false,"campfire_choices":[{"data":"Combust","floor":6,"key":"SMITH"},{"data":"Shrug It Off","floor":11,"key":"SMITH"},{"data":"Shrug It Off","floor":15,"key":"SMITH"},{"data":"Inflame","floor":23,"key":"SMITH"},{"floor":25,"key":"REST"},{"floor":29,"key":"REST"},{"floor":32,"key":"REST"}],"neow_cost":"NONE","seed_source_timestamp":81662542445982,"circlet_count":0,"master_deck":["Strike_R","Strike_R","Strike_R","Strike_R","Strike_R","Defend_R","Defend_R","Defend_R","Defend_R","Bash+1","Combust+1","Burning Pact","Dropkick","Headbutt","Shrug It Off+1","Inflame+1","Shrug It Off+1","Barricade","Headbutt+1"],"relics":["Burning Blood","Smiling Mask","Black Star","Lee\u0027s Waffle","Tiny Chest","Boot","Bird Faced Urn","Gambling Chip","Centennial Puzzle","Mango","Regal Pillow"],"potions_floor_usage":[16,16,18,22,22,24,28],"damage_taken":[{"damage":6,"enemies":"Cultist","floor":1,"turns":3},{"damage":12,"enemies":"Jaw Worm","floor":2,"turns":2},{"damage":8,"enemies":"2 Louse","floor":4,"turns":3},{"damage":9,"enemies":"Blue Slaver","floor":5,"turns":3},{"damage":8,"enemies":"2 Fungi Beasts","floor":8,"turns":3},{"damage":0,"enemies":"Looter","floor":12,"turns":3},{"damage":1,"enemies":"3 Louse","floor":14,"turns":2},{"damage":24,"enemies":"Slime Boss","floor":16,"turns":9},{"damage":24,"enemies":"Chosen","floor":18,"turns":5},{"damage":59,"enemies":"Spheric Guardian","floor":19,"turns":8},{"damage":17,"enemies":"Snecko","floor":22,"turns":5},{"damage":68,"enemies":"Book of Stabbing","floor":24,"turns":8},{"damage":19,"enemies":"Centurion and Healer","floor":28,"turns":5},{"damage":60,"enemies":"Slavers","floor":31,"turns":6},{"damage":72,"enemies":"Collector","floor":33,"turns":6}],"seed_played":"6187600373292732427","potions_obtained":[{"floor":8,"key":"Dexterity Potion"},{"floor":12,"key":"SkillPotion"},{"floor":14,"key":"Dexterity Potion"},{"floor":16,"key":"SteroidPotion"},{"floor":18,"key":"SteroidPotion"},{"floor":19,"key":"SkillPotion"},{"floor":24,"key":"AttackPotion"}],"is_trial":false,"path_per_floor":["M","M","$","M","M","R","$","M","T","?","R","M","?","M","R","B",null,"M","M","$","?","M","R","E","R","T","T","M","R","?","E","R","B"],"character_chosen":"IRONCLAD","items_purchased":["Dropkick","Inflame","Lee\u0027s Waffle"],"campfire_rested":3,"item_purchase_floors":[3,7,20],"current_hp_per_floor":[80,74,74,72,69,69,69,67,67,67,67,73,73,78,78,60,80,62,9,87,87,76,76,14,40,40,40,31,57,57,21,66,0],"gold":229,"neow_bonus":"UPGRADE_CARD","is_prod":false,"is_daily":false,"chose_seed":false,"campfire_upgraded":4,"win_rate":0,"timestamp":1547338779,"path_taken":["M","M","?","M","M","R","$","?","T","?","R","M","?","M","R","BOSS","M","M","?","?","M","R","E","R","T","?","M","R","?","E","R","BOSS"],"build_version":"2019-01-10","purchased_purges":0,"victory":false,"max_hp_per_floor":[80,80,80,80,80,80,80,80,80,80,80,80,80,80,80,80,80,80,80,87,87,87,87,87,87,87,87,87,87,87,101,101,101],"card_choices":[{"not_picked":["Heavy Blade","Cleave"],"picked":"Combust","floor":1},{"not_picked":["Seeing Red","Thunderclap"],"picked":"Burning Pact","floor":2},{"not_picked":["Feel No Pain","Bloodletting"],"picked":"Headbutt","floor":4},{"not_picked":["Fire Breathing","Intimidate"],"picked":"Shrug It Off","floor":5},{"not_picked":["Anger","Body Slam","True Grit"],"picked":"SKIP","floor":8},{"not_picked":["Pummel","Wild Strike","Cleave"],"picked":"SKIP","floor":12},{"not_picked":["Infernal Blade","Flex"],"picked":"Shrug It Off","floor":14},{"not_picked":["Double Tap","Immolate"],"picked":"Barricade","floor":16},{"not_picked":["Wild Strike","Thunderclap+1","Anger"],"picked":"SKIP","floor":18},{"not_picked":["Havoc+1","Feel No Pain+1"],"picked":"Headbutt+1","floor":19},{"not_picked":["Cleave","Clash+1","Rupture"],"picked":"SKIP","floor":22},{"not_picked":["Anger+1","Warcry+1","Clash"],"picked":"SKIP","floor":24},{"not_picked":["Clash+1","Rage","Body Slam"],"picked":"SKIP","floor":28},{"not_picked":["Cleave","Rampage+1","Warcry"],"picked":"SKIP","floor":31}],"player_experience":113130,"relics_obtained":[{"floor":9,"key":"Smiling Mask"},{"floor":24,"key":"Boot"},{"floor":24,"key":"Bird Faced Urn"},{"floor":26,"key":"Gambling Chip"},{"floor":27,"key":"Centennial Puzzle"},{"floor":31,"key":"Mango"},{"floor":31,"key":"Regal Pillow"}],"event_choices":[{"damage_healed":0,"gold_gain":0,"player_choice":"Left Gold","damage_taken":0,"max_hp_gain":0,"max_hp_loss":0,"event_name":"World of Goop","floor":10,"gold_loss":25},{"damage_healed":0,"gold_gain":100,"player_choice":"Gold","damage_taken":0,"max_hp_gain":0,"max_hp_loss":0,"event_name":"Wheel of Change","floor":13,"gold_loss":0},{"damage_healed":0,"gold_gain":0,"player_choice":"Obtained Relic","damage_taken":0,"relics_obtained":["Tiny Chest"],"max_hp_gain":0,"max_hp_loss":0,"event_name":"Addict","floor":21,"gold_loss":85},{"damage_healed":0,"gold_gain":99,"player_choice":"Stole From Cult","damage_taken":0,"max_hp_gain":0,"max_hp_loss":0,"event_name":"Nest","floor":30,"gold_loss":0}],"is_beta":false,"boss_relics":[{"not_picked":["Empty Cage","Runic Dome"],"picked":"Black Star"}],"items_purged_floors":[],"is_endless":false,"potions_floor_spawned":[8,12,14,16,18,19,24],"killed_by":"Collector","ascension_level":0}