{"gold_per_floor":[119,43,43,43,59,86,98,125,175,175,200,217,245,245,245,348,348,364,81,81,99,369,394,394,411,411,421,421,204,204,219,219,314,314,327,327,337,287,301,335,335,335],"floor_reached":42,"playtime":3330,"items_purged":["Defend_R","Strike_R"],"score":685,"play_id":"342b4e8e-e92e-4f14-a898-91bf8ce594d2","local_time":"20190210092812","is_ascension_mode":true,"campfire_choices":[{"data":"Bash","floor":10,"key":"SMITH"},{"data":"True Grit","floor":15,"key":"SMITH"},{"floor":24,"key":"REST"},{"data":"Metamorphosis","floor":30,"key":"SMITH"},{"data":"Ghostly","floor":32,"key":"SMITH"},{"data":"Body Slam","floor":41,"key":"SMITH"}],"neow_cost":"NONE","seed_source_timestamp":2793574093911207,"circlet_count":0,"master_deck":["Strike_R","Defend_R","Defend_R","Bash+1","True Grit+1","Warcry","Headbutt","Metallicize","Disarm","Exhume","Shockwave","Shrug It Off","Ghostly+1","Ghostly","Ghostly","Ghostly","Ghostly","True Grit+1","Pommel Strike","Ghostly Armor","Metamorphosis+1","Juggernaut","Dual Wield+1","True Grit+1","Body Slam+1","Feel No Pain"],"relics":["Burning Blood","NeowsBlessing","Mercury Hourglass","Vajra","Art of War","Centennial Puzzle","StoneCalendar","Busted Crown","Question Card","Smiling Mask","Matryoshka","Orrery","Meat on the Bone"],"potions_floor_usage":[8,11,18,23,33,40,40],"damage_taken":[{"damage":0,"enemies":"2 Louse","floor":1,"turns":1},{"damage":0,"enemies":"Jaw Worm","floor":5,"turns":1},{"damage":0,"enemies":"Lagavulin","floor":6,"turns":1},{"damage":0,"enemies":"Cultist","floor":7,"turns":3},{"damage":24,"enemies":"Gremlin Nob","floor":8,"turns":4},{"damage":20,"enemies":"Lagavulin","floor":11,"turns":4},{"damage":2,"enemies":"Blue Slaver","floor":12,"turns":3},{"damage":19,"enemies":"3 Sentries","floor":13,"turns":6},{"damage":19,"enemies":"The Guardian","floor":16,"turns":10},{"damage":16,"enemies":"Spheric Guardian","floor":18,"turns":4},{"damage":1,"enemies":"3 Byrds","floor":21,"turns":6},{"damage":6,"enemies":"Book of Stabbing","floor":23,"turns":7},{"damage":0,"enemies":"Sentry and Sphere","floor":25,"turns":7},{"damage":6,"enemies":"Cultist and Chosen","floor":27,"turns":7},{"damage":0,"enemies":"Snake Plant","floor":31,"turns":5},{"damage":4,"enemies":"Champ","floor":33,"turns":10},{"damage":1,"enemies":"Orb Walker","floor":35,"turns":5},{"damage":0,"enemies":"3 Darklings","floor":37,"turns":7},{"damage":5,"enemies":"4 Shapes","floor":39,"turns":7},{"damage":25,"enemies":"Reptomancer","floor":40,"turns":7},{"damage":30,"enemies":"Nemesis","floor":42,"turns":7}],"seed_played":"-6325702322579890451","potions_obtained":[{"floor":1,"key":"Swift Potion"},{"floor":8,"key":"AttackPotion"},{"floor":11,"key":"PowerPotion"},{"floor":12,"key":"PowerPotion"},{"floor":13,"key":"SteroidPotion"},{"floor":27,"key":"PowerPotion"},{"floor":33,"key":"Regen Potion"},{"floor":35,"key":"PowerPotion"}],"is_trial":false,"path_per_floor":["M","$","?","?","M","E","M","E","T","R","E","M","E","?","R","B",null,"M","$","?","M","?","E","R","M","T","M","?","$","R","M","R","B",null,"M","?","M","$","M","E","R","E"],"character_chosen":"IRONCLAD","items_purchased":["Ancient Potion","Shrug It Off","Question Card","Metamorphosis"],"campfire_rested":1,"item_purchase_floors":[2,19,19,29],"current_hp_per_floor":[80,80,73,73,79,80,80,62,62,62,48,52,39,39,39,26,80,70,70,40,40,16,16,28,34,34,34,34,34,34,40,40,40,40,40,40,40,40,40,30,30,0],"gold":335,"neow_bonus":"THREE_ENEMY_KILL","is_prod":false,"is_daily":false,"chose_seed":false,"campfire_upgraded":5,"win_rate":0,"timestamp":1549812492,"path_taken":["M","$","?","?","M","E","?","E","T","R","E","M","E","?","R","BOSS","M","$","?","M","?","E","R","M","T","?","?","$","R","M","R","BOSS","M","?","?","$","M","E","R","E"],"build_version":"2019-02-06","purchased_purges":2,"victory":false,"max_hp_per_floor":[80,80,80,80,80,80,80,80,80,80,80,80,80,80,80,80,80,80,80,40,40,40,40,40,40,40,40,40,40,40,40,40,40,40,40,40,40,40,40,40,40,40],"card_choices":[{"not_picked":["Blood for Blood","Headbutt"],"picked":"True Grit","floor":1},{"not_picked":["Infernal Blade","Thunderclap","Spot Weakness"],"picked":"SKIP","floor":5},{"not_picked":["Heavy Blade","Flex"],"picked":"Headbutt","floor":6},{"not_picked":["Carnage","Perfected Strike","Body Slam"],"picked":"SKIP","floor":7},{"not_picked":["Evolve","Perfected Strike","Heavy Blade"],"picked":"SKIP","floor":8},{"not_picked":["Rupture","True Grit","Heavy Blade"],"picked":"SKIP","floor":11},{"not_picked":["Body Slam","Clash"],"picked":"Metallicize","floor":12},{"not_picked":["Clothesline","Cleave"],"picked":"Disarm","floor":13},{"not_picked":["Immolate","Reaper"],"picked":"Exhume","floor":16},{"not_picked":[],"picked":"Shockwave","floor":18},{"not_picked":["Perfected Strike","Anger"],"picked":"SKIP","floor":21},{"not_picked":["Clash","Anger+1"],"picked":"SKIP","floor":23},{"not_picked":["Thunderclap","Body Slam"],"picked":"SKIP","floor":25},{"not_picked":["Searing Blow"],"picked":"True Grit+1","floor":27},{"not_picked":["Pummel","Wild Strike"],"picked":"SKIP","floor":31},{"not_picked":["Limit Break"],"picked":"Juggernaut","floor":33},{"not_picked":["Pommel Strike"],"picked":"Dual Wield+1","floor":34},{"not_picked":["Shrug It Off+1"],"picked":"True Grit+1","floor":35},{"not_picked":["Blood for Blood"],"picked":"Body Slam","floor":37},{"not_picked":["Combust"],"picked":"Feel No Pain","floor":39},{"not_picked":["Pummel","Cleave+1"],"picked":"SKIP","floor":40}],"player_experience":99460,"relics_obtained":[{"floor":6,"key":"Mercury Hourglass"},{"floor":8,"key":"Vajra"},{"floor":9,"key":"Art of War"},{"floor":11,"key":"Centennial Puzzle"},{"floor":13,"key":"StoneCalendar"},{"floor":23,"key":"Smiling Mask"},{"floor":26,"key":"Matryoshka"},{"floor":40,"key":"Meat on the Bone"}],"event_choices":[{"cards_removed":["Strike_R"],"damage_healed":0,"gold_gain":0,"player_choice":"Card Removal","damage_taken":7,"max_hp_gain":0,"max_hp_loss":0,"event_name":"Golden Wing","floor":3,"gold_loss":0},{"damage_healed":0,"gold_gain":0,"cards_transformed":["Defend_R"],"player_choice":"Transformed","damage_taken":0,"max_hp_gain":0,"max_hp_loss":0,"event_name":"Transmorgrifier","floor":4,"gold_loss":0,"cards_obtained":["Warcry"]},{"damage_healed":0,"gold_gain":0,"player_choice":"Ignored","damage_taken":0,"max_hp_gain":0,"max_hp_loss":0,"event_name":"Liars Game","floor":14,"gold_loss":0},{"damage_healed":0,"gold_gain":0,"player_choice":"Became a Ghost","damage_taken":0,"max_hp_gain":0,"max_hp_loss":40,"event_name":"Ghosts","floor":20,"gold_loss":0,"cards_obtained":["Ghostly","Ghostly","Ghostly","Ghostly","Ghostly"]},{"damage_healed":0,"gold_gain":270,"player_choice":"GOLD GOLD GOLD ","damage_taken":24,"max_hp_gain":0,"max_hp_loss":0,"event_name":"Knowing Skull","floor":22,"potions_obtained":[],"gold_loss":0,"cards_obtained":[]},{"damage_healed":0,"gold_gain":0,"cards_transformed":["Strike_R","Strike_R"],"player_choice":"Became Test Subject","damage_taken":0,"max_hp_gain":0,"max_hp_loss":0,"event_name":"Drug Dealer","floor":28,"gold_loss":0,"cards_obtained":["Pommel Strike","Ghostly Armor"]},{"damage_healed":0,"gold_gain":0,"player_choice":"Got Potions","damage_taken":0,"max_hp_gain":0,"max_hp_loss":0,"event_name":"Lab","floor":36,"gold_loss":0}],"is_beta":true,"boss_relics":[{"not_picked":["Eternal Feather","Tiny House"],"picked":"Busted Crown"},{"not_picked":["Runic Pyramid","Snecko Eye"],"picked":"Orrery"}],"items_purged_floors":[29,38],"is_endless":false,"potions_floor_spawned":[1,8,11,12,13,27,33,35,39],"killed_by":"Nemesis","ascension_level":3}