{"gold_per_floor":[13,13,13,28,41,41,41,41,41,41,116,116,134,134,134,257,257,278,301,301,317,2,31,45,45,119,45,45,60,72,87,87,188,188,206,131,145,145,158,193,193,207,234,234,251,74,107,118,118,118],"floor_reached":51,"playtime":2327,"items_purged":["Regret","Strike_R","Strike_R","Bash"],"score":794,"play_id":"e0fe9371-8a8e-4b48-bb92-8a9d90731578","local_time":"20181105153849","is_ascension_mode":false,"campfire_choices":[{"data":"Barricade","floor":6,"key":"SMITH"},{"data":"True Grit","floor":10,"key":"SMITH"},{"data":"Impervious","floor":12,"key":"SMITH"},{"data":"Body Slam","floor":15,"key":"SMITH"},{"data":"Entrench","floor":28,"key":"SMITH"},{"data":"Body Slam","floor":32,"key":"SMITH"},{"data":"Exhume","floor":41,"key":"SMITH"},{"data":"Shrug It Off","floor":44,"key":"SMITH"},{"data":"Shrug It Off","floor":49,"key":"SMITH"}],"neow_cost":"NO_GOLD","seed_source_timestamp":822680644572949,"circlet_count":0,"master_deck":["Defend_R","Defend_R","Defend_R","Defend_R","Barricade+1","True Grit+1","Impervious+1","Body Slam+1","Exhume+1","Entrench+1","Shrug It Off+1","Warcry+1","Necronomicurse","Shrug It Off+1","Body Slam+1","Body Slam+1","Shrug It Off","Shrug It Off+1","Entrench+1"],"relics":["Black Blood","Centennial Puzzle","Mummified Hand","Pantograph","Bloody Idol","Membership Card","Oddly Smooth Stone","Question Card","Necronomicon","Singing Bowl","Empty Cage","Lantern","Ancient Tea Set","DollysMirror","Red Skull"],"potions_floor_usage":[18,24,33,40],"damage_taken":[{"damage":8,"enemies":"Small Slimes","floor":1,"turns":3},{"damage":12,"enemies":"2 Louse","floor":4,"turns":3},{"damage":9,"enemies":"Jaw Worm","floor":5,"turns":8},{"damage":0,"enemies":"2 Fungi Beasts","floor":13,"turns":6},{"damage":24,"enemies":"Hexaghost","floor":16,"turns":11},{"damage":11,"enemies":"Shell Parasite","floor":18,"turns":8},{"damage":32,"enemies":"3 Byrds","floor":19,"turns":18},{"damage":25,"enemies":"Sentry and Sphere","floor":21,"turns":10},{"damage":12,"enemies":"Book of Stabbing","floor":23,"turns":9},{"damage":0,"enemies":"Snake Plant","floor":24,"turns":4},{"damage":1,"enemies":"Cultist and Chosen","floor":29,"turns":13},{"damage":11,"enemies":"Centurion and Healer","floor":30,"turns":7},{"damage":0,"enemies":"Snake Plant","floor":31,"turns":4},{"damage":9,"enemies":"Automaton","floor":33,"turns":10},{"damage":0,"enemies":"3 Shapes","floor":35,"turns":13},{"damage":13,"enemies":"Orb Walker","floor":37,"turns":5},{"damage":0,"enemies":"4 Shapes","floor":39,"turns":4},{"damage":20,"enemies":"Reptomancer","floor":40,"turns":9},{"damage":0,"enemies":"Jaw Worm Horde","floor":42,"turns":5},{"damage":0,"enemies":"3 Darklings","floor":45,"turns":3},{"damage":11,"enemies":"Nemesis","floor":47,"turns":5},{"damage":13,"enemies":"Spire Growth","floor":48,"turns":3},{"damage":33,"enemies":"Awakened One","floor":50,"turns":7}],"seed_played":"115999414284787381","potions_obtained":[{"floor":13,"key":"GamblersBrew"},{"floor":18,"key":"AttackPotion"},{"floor":19,"key":"Energy Potion"},{"floor":24,"key":"Regen Potion"},{"floor":31,"key":"EssenceOfSteel"},{"floor":33,"key":"FearPotion"},{"floor":39,"key":"Block Potion"},{"floor":40,"key":"Poison Potion"}],"is_trial":false,"path_per_floor":["M","?","?","M","M","R","?","$","T","R","?","R","M","?","R","B",null,"M","M","?","M","$","E","M","?","T","$","R","M","M","M","R","B",null,"M","$","M","?","M","E","R","M","T","R","M","$","E","M","R","B",null],"character_chosen":"IRONCLAD","items_purchased":["Membership Card","Oddly Smooth Stone","Shrug It Off","Shrug It Off","DollysMirror"],"campfire_rested":0,"item_purchase_floors":[22,22,27,36,46],"current_hp_per_floor":[78,78,78,72,69,69,57,57,57,57,46,46,52,32,32,39,80,79,57,57,47,47,50,65,49,54,54,54,68,74,84,84,86,86,86,86,88,88,90,87,87,94,94,94,94,94,96,98,98,75],"gold":118,"neow_bonus":"THREE_RARE_CARDS","is_prod":false,"is_daily":false,"chose_seed":false,"campfire_upgraded":9,"win_rate":0,"timestamp":1541453929,"path_taken":["M","?","?","M","M","R","?","$","T","R","?","R","?","?","R","BOSS","M","M","?","M","$","E","M","?","T","$","R","M","M","M","R","BOSS","M","$","M","?","?","E","R","M","T","R","M","$","E","M","R","BOSS"],"build_version":"2018-11-02","purchased_purges":4,"victory":true,"max_hp_per_floor":[80,80,80,80,80,80,80,80,80,80,80,80,80,80,80,80,80,80,80,80,80,80,80,80,80,80,80,80,80,82,84,84,86,86,86,86,88,88,90,92,92,94,94,94,94,94,96,98,98,98],"card_choices":[{"not_picked":["Offering","Impervious"],"picked":"Barricade","floor":0},{"not_picked":["Anger","Iron Wave"],"picked":"True Grit","floor":1},{"not_picked":["Body Slam","Thunderclap"],"picked":"Impervious","floor":4},{"not_picked":["True Grit","Infernal Blade","Anger"],"picked":"SKIP","floor":5},{"not_picked":["Warcry","Berserk"],"picked":"Body Slam","floor":13},{"not_picked":["Feed","Dark Embrace"],"picked":"Exhume","floor":16},{"not_picked":["Warcry","True Grit+1"],"picked":"Entrench","floor":18},{"not_picked":["Armaments","Searing Blow","Headbutt"],"picked":"SKIP","floor":19},{"not_picked":["Warcry","Iron Wave"],"picked":"Shrug It Off","floor":21},{"not_picked":["Twin Strike+1","Infernal Blade"],"picked":"Warcry","floor":23},{"not_picked":["Thunderclap","Bludgeon","Pommel Strike","Heavy Blade"],"picked":"SKIP","floor":24},{"not_picked":["Sentinel","Havoc","Spot Weakness+1"],"picked":"Body Slam","floor":29},{"not_picked":["Twin Strike","Combust","Hemokinesis","Armaments"],"picked":"Singing Bowl","floor":30},{"not_picked":["Perfected Strike","Armaments+1","Infernal Blade","Corruption"],"picked":"Singing Bowl","floor":31},{"not_picked":["Bludgeon","Reaper","Exhume","Limit Break"],"picked":"Singing Bowl","floor":33},{"not_picked":["Anger","Cleave","Heavy Blade"],"picked":"Body Slam+1","floor":35},{"not_picked":["Body Slam+1","Heavy Blade","Armaments+1","Flex"],"picked":"Singing Bowl","floor":37},{"not_picked":["Second Wind+1","Warcry","Burning Pact+1","Inflame+1"],"picked":"Singing Bowl","floor":39},{"not_picked":["Perfected Strike","Seeing Red","Fiend Fire","Carnage+1"],"picked":"Singing Bowl","floor":40},{"not_picked":["Iron Wave","Armaments+1","Sword Boomerang+1","Havoc"],"picked":"Singing Bowl","floor":42},{"not_picked":["Warcry","Clash+1","Wild Strike+1"],"picked":"Shrug It Off+1","floor":45},{"not_picked":["Clothesline+1","Corruption","Sentinel","Second Wind"],"picked":"Singing Bowl","floor":47},{"not_picked":["Pommel Strike+1","Anger","Twin Strike+1","True Grit+1"],"picked":"Singing Bowl","floor":48}],"player_experience":742470,"relics_obtained":[{"floor":9,"key":"Pantograph"},{"floor":23,"key":"Question Card"},{"floor":25,"key":"Necronomicon"},{"floor":26,"key":"Singing Bowl"},{"floor":40,"key":"Lantern"},{"floor":43,"key":"Ancient Tea Set"},{"floor":47,"key":"Red Skull"}],"event_choices":[{"cards_removed":["Strike_R"],"damage_healed":0,"gold_gain":0,"player_choice":"Forget","damage_taken":0,"max_hp_gain":0,"max_hp_loss":0,"event_name":"Living Wall","floor":2,"gold_loss":0},{"damage_healed":0,"gold_gain":0,"player_choice":"Box","damage_taken":0,"relics_obtained":["Centennial Puzzle"],"max_hp_gain":0,"max_hp_loss":0,"event_name":"Big Fish","floor":3,"gold_loss":0,"cards_obtained":["Regret"]},{"damage_healed":0,"gold_gain":0,"player_choice":"Success","damage_taken":12,"relics_obtained":["Mummified Hand"],"max_hp_gain":0,"max_hp_loss":0,"event_name":"Scrap Ooze","floor":7,"gold_loss":0},{"damage_healed":0,"gold_gain":75,"player_choice":"Gather Gold","damage_taken":11,"max_hp_gain":0,"max_hp_loss":0,"event_name":"World of Goop","floor":11,"gold_loss":0},{"damage_healed":0,"gold_gain":0,"player_choice":"Take Damage","damage_taken":20,"relics_obtained":["Golden Idol"],"max_hp_gain":0,"max_hp_loss":0,"event_name":"Golden Idol","floor":14,"gold_loss":0},{"damage_healed":0,"gold_gain":0,"player_choice":"Gave Idol","damage_taken":0,"relics_obtained":["Bloody Idol"],"max_hp_gain":0,"max_hp_loss":0,"event_name":"Forgotten Altar","floor":20,"relics_lost":["Golden Idol"],"gold_loss":0},{"damage_healed":0,"gold_gain":0,"player_choice":"Obtained Book","damage_taken":16,"max_hp_gain":0,"max_hp_loss":0,"event_name":"Cursed Tome","floor":25,"gold_loss":0},{"damage_healed":0,"gold_gain":0,"player_choice":"Forge","damage_taken":0,"max_hp_gain":0,"max_hp_loss":0,"event_name":"Accursed Blacksmith","floor":38,"gold_loss":0,"cards_upgraded":["Warcry"]}],"is_beta":true,"boss_relics":[{"not_picked":["Pandora\u0027s Box","Runic Cube"],"picked":"Black Blood"},{"not_picked":["Velvet Choker","Eternal Feather"],"picked":"Empty Cage"}],"items_purged_floors":[22,27,36,46],"is_endless":false,"potions_floor_spawned":[13,18,19,24,31,33,39,40,45,47],"ascension_level":0}