{"gold_per_floor":[117,128,54,65,13,13,39,58,138,138,158,158,170,187,187,288,338,355,355,77,103,103,103,28,53,79,90,16,16,30,30,30,133,133,153,153,153,163,163,163,176,176,245,275,78,78,78,97,97,97],"floor_reached":51,"playtime":6706,"items_purged":["Defend_B"],"score":787,"play_id":"169c4925-c35a-4514-8581-9248fae172f5","local_time":"20181015225928","is_ascension_mode":true,"campfire_choices":[{"data":"Zap","floor":6,"key":"SMITH"},{"data":"Fission","floor":10,"key":"SMITH"},{"data":"Darkness","floor":15,"key":"SMITH"},{"floor":23,"key":"REST"},{"data":"Biased Cognition","floor":29,"key":"SMITH"},{"data":"Redo","floor":32,"key":"SMITH"},{"data":"Glacier","floor":40,"key":"SMITH"},{"data":"Biased Cognition","floor":42,"key":"SMITH"},{"data":"Go for the Eyes","floor":49,"key":"SMITH"}],"neow_cost":"NONE","seed_source_timestamp":73127366988605,"circlet_count":0,"master_deck":["Strike_B","Strike_B","Strike_B","Defend_B","Defend_B","Defend_B","Zap+1","Dualcast","Fission+1","Glacier+1","Cold Snap","Rebound","Leap","Darkness+1","Sweeping Beam","Conserve Battery","Go for the Eyes+1","Core Surge","Glacier+1","Biased Cognition+1","Redo+1","Steam Power+1","Leap+1","Ball Lightning+1","Biased Cognition+1","Fission+1"],"relics":["Cracked Core","Nunchaku","Letter Opener","Tiny House","Runic Capacitor","Dream Catcher","Omamori","Bag of Preparation","Busted Crown","Matryoshka","Bottled Lightning","DollysMirror"],"potions_floor_usage":[4,14,25,41,44,50],"damage_taken":[{"damage":1,"enemies":"Cultist","floor":1,"turns":4},{"damage":0,"enemies":"2 Louse","floor":2,"turns":4},{"damage":0,"enemies":"Jaw Worm","floor":4,"turns":5},{"damage":2,"enemies":"3 Sentries","floor":7,"turns":9},{"damage":0,"enemies":"Blue Slaver","floor":8,"turns":4},{"damage":4,"enemies":"Exordium Thugs","floor":11,"turns":4},{"damage":0,"enemies":"Looter","floor":13,"turns":2},{"damage":0,"enemies":"3 Louse","floor":14,"turns":1},{"damage":31,"enemies":"Hexaghost","floor":16,"turns":15},{"damage":0,"enemies":"Chosen","floor":18,"turns":5},{"damage":11,"enemies":"Book of Stabbing","floor":25,"turns":6},{"damage":0,"enemies":"Spheric Guardian","floor":27,"turns":3},{"damage":9,"enemies":"Snake Plant","floor":30,"turns":5},{"damage":10,"enemies":"Collector","floor":33,"turns":8},{"damage":0,"enemies":"3 Shapes","floor":35,"turns":2},{"damage":15,"enemies":"Orb Walker","floor":38,"turns":3},{"damage":0,"enemies":"Transient","floor":41,"turns":5},{"damage":46,"enemies":"2 Orb Walkers","floor":44,"turns":5},{"damage":0,"enemies":"Reptomancer","floor":48,"turns":7},{"damage":0,"enemies":"Awakened One","floor":50,"turns":18}],"seed_played":"5564095880748081468","potions_obtained":[{"floor":1,"key":"Strength Potion"},{"floor":7,"key":"Ancient Potion"},{"floor":13,"key":"Fire Potion"},{"floor":16,"key":"Swift Potion"},{"floor":17,"key":"Ancient Potion"},{"floor":25,"key":"FairyPotion"},{"floor":27,"key":"Energy Potion"},{"floor":44,"key":"Dexterity Potion"}],"is_trial":false,"path_per_floor":["M","M","$","M","$","R","E","M","T","R","M","?","M","M","R","B",null,"M","?","$","T","?","R","?","E","T","M","$","R","M","?","R","B",null,"M","?","?","M","?","R","M","R","T","E","$","?","?","M","R","B"],"character_chosen":"DEFECT","items_purchased":["Rebound","Leap","Sweeping Beam","Runic Capacitor","Reboot","DollysMirror"],"campfire_rested":1,"item_purchase_floors":[3,3,5,20,28,45],"current_hp_per_floor":[74,74,74,74,74,74,72,72,72,72,68,68,68,68,68,37,80,80,65,65,65,65,85,85,74,74,74,74,74,65,65,65,55,85,85,95,90,75,90,90,90,90,90,44,44,90,90,90,90,90],"gold":97,"neow_bonus":"ONE_RANDOM_RARE_CARD","is_prod":false,"is_daily":false,"chose_seed":false,"campfire_upgraded":8,"win_rate":0,"timestamp":1539662368,"path_taken":["M","M","$","M","?","R","E","M","T","R","M","?","M","?","R","BOSS","M","?","$","?","?","R","?","E","T","M","$","R","M","?","R","BOSS","M","?","?","?","?","R","M","R","T","E","$","?","?","M","R","BOSS"],"build_version":"2018-10-11","purchased_purges":1,"victory":true,"max_hp_per_floor":[75,75,75,75,75,75,75,75,75,75,75,75,75,75,75,75,80,80,85,85,85,85,85,85,85,85,85,85,85,85,85,85,85,85,85,95,90,90,90,90,90,90,90,90,90,90,90,90,90,90],"card_choices":[{"not_picked":["Undo","Redo"],"picked":"Glacier","floor":1},{"not_picked":["Hologram","Stack"],"picked":"Cold Snap","floor":2},{"not_picked":["Coolheaded","Leap"],"picked":"Darkness","floor":4},{"not_picked":["Cold Snap","Reinforced Body"],"picked":"Conserve Battery","floor":7},{"not_picked":["Force Field","Steam"],"picked":"Conserve Battery","floor":8},{"not_picked":["Redo","Storm"],"picked":"Go for the Eyes","floor":11},{"not_picked":["Rebound","Steam"],"picked":"Core Surge","floor":13},{"not_picked":["Conserve Battery","Leap"],"picked":"Glacier","floor":14},{"not_picked":["Seek","Machine Learning"],"picked":"Biased Cognition","floor":16},{"not_picked":["Coolheaded","Gash"],"picked":"Redo","floor":17},{"not_picked":["Undo","Barrage"],"picked":"Steam Power+1","floor":18},{"not_picked":["Turbo+1","Hello World"],"picked":"Leap+1","floor":23},{"not_picked":["Chaos","Double Energy+1"],"picked":"Ball Lightning+1","floor":25},{"not_picked":["Leap+1","Chaos","Beam Cell"],"picked":"SKIP","floor":27},{"not_picked":["Streamline","Conserve Battery","Cold Snap"],"picked":"SKIP","floor":30},{"not_picked":["Reboot","Hyperbeam"],"picked":"Biased Cognition","floor":33},{"not_picked":["Conserve Battery"],"picked":"SKIP","floor":35},{"not_picked":["Conserve Battery"],"picked":"SKIP","floor":38},{"not_picked":["Undo+1"],"picked":"SKIP","floor":41},{"not_picked":["Hologram"],"picked":"SKIP","floor":44},{"not_picked":["Ball Lightning"],"picked":"SKIP","floor":48}],"player_experience":411031,"relics_obtained":[{"floor":7,"key":"Nunchaku"},{"floor":9,"key":"Letter Opener"},{"floor":21,"key":"Dream Catcher"},{"floor":25,"key":"Omamori"},{"floor":26,"key":"Bag of Preparation"},{"floor":43,"key":"Matryoshka"},{"floor":44,"key":"Bottled Lightning"}],"event_choices":[{"event_name":"The Cleric","player_choice":"Leave","floor":12,"damage_taken":0},{"event_name":"Forgotten Altar","player_choice":"Shed Blood","floor":19,"damage_taken":0},{"event_name":"Ghosts","player_choice":"Ignored","floor":22,"damage_taken":0},{"event_name":"Beggar","player_choice":"Gave Gold","floor":24,"damage_taken":0},{"event_name":"Purifier","player_choice":"One Purge","floor":31,"damage_taken":0},{"event_name":"Bonfire Elementals","player_choice":"RARE","floor":36,"damage_taken":0},{"event_name":"Winding Halls","player_choice":"Max HP","floor":37,"damage_taken":0},{"event_name":"Wheel of Change","player_choice":"Full Heal","floor":39,"damage_taken":0},{"event_name":"MindBloom","player_choice":"Heal","floor":46,"damage_taken":0},{"event_name":"FaceTrader","player_choice":"Leave","floor":47,"damage_taken":0}],"is_beta":true,"boss_relics":[{"not_picked":["Eternal Feather","Fusion Hammer"],"picked":"Tiny House"},{"not_picked":["Runic Dome","FrozenCore"],"picked":"Busted Crown"}],"items_purged_floors":[20],"is_endless":false,"potions_floor_spawned":[1,7,13,16,25,27,35,44],"ascension_level":2}