{"gold_per_floor":[118,293,311,322,333,333,358,358,358,370,320,320,346,364,364,460,460,471,471,456,476,205,205,224,224,270,285,298,309,309,309,309,309],"floor_reached":33,"playtime":1588,"items_purged":["Strike_R"],"score":251,"play_id":"e20b7966-9a81-48d4-a81b-4e7266df7d52","local_time":"20190111224731","is_ascension_mode":false,"campfire_choices":[{"data":"Bash","floor":6.0,"key":"SMITH"},{"floor":8.0,"key":"REST"},{"floor":15.0,"key":"REST"},{"floor":23.0,"key":"REST"},{"floor":25.0,"key":"RECALL"},{"floor":30,"key":"REST"},{"floor":32,"key":"REST"}],"neow_cost":"NONE","seed_source_timestamp":0,"circlet_count":0,"master_deck":["Strike_R+1","Strike_R","Strike_R","Defend_R","Defend_R","Defend_R","Defend_R","Bash+1","Cleave","Battle Trance","Clash+1","Clash","True Grit","Pommel Strike","Sword Boomerang","Pommel Strike","Limit Break","Feel No Pain+1","Sword Boomerang+1","Offering","Metallicize"],"special_seed":0,"relics":["Burning Blood","NeowsBlessing","Omamori","Boot","Odd Mushroom","Fusion Hammer","ClockworkSouvenir","Whetstone"],"potions_floor_usage":[28,28,29],"damage_taken":[{"damage":0.0,"enemies":"2 Louse","floor":1.0,"turns":1.0},{"damage":0.0,"enemies":"Small Slimes","floor":3.0,"turns":1.0},{"damage":0.0,"enemies":"Cultist","floor":4.0,"turns":1.0},{"damage":5.0,"enemies":"Looter","floor":5.0,"turns":2.0},{"damage":61.0,"enemies":"3 Sentries","floor":7.0,"turns":18.0},{"damage":17.0,"enemies":"Red Slaver","floor":10.0,"turns":6.0},{"damage":14.0,"enemies":"The Mushroom Lair","floor":13.0,"turns":4.0},{"damage":0.0,"enemies":"Exordium Wildlife","floor":14.0,"turns":3.0},{"damage":40.0,"enemies":"The Guardian","floor":16.0,"turns":8.0},{"damage":7.0,"enemies":"Shell Parasite","floor":18.0,"turns":4.0},{"damage":13.0,"enemies":"2 Thieves","floor":20.0,"turns":4.0},{"damage":8.0,"enemies":"Centurion and Healer","floor":21.0,"turns":6.0},{"damage":23.0,"enemies":"3 Cultists","floor":24.0,"turns":5.0},{"damage":10.0,"enemies":"Snecko","floor":27.0,"turns":4.0},{"damage":27,"enemies":"Snake Plant","floor":28,"turns":2},{"damage":13,"enemies":"3 Cultists","floor":29,"turns":4},{"damage":123,"enemies":"Automaton","floor":33,"turns":12}],"seed_played":"-1696757813889989936","potions_obtained":[{"floor":3.0,"key":"SkillPotion"},{"floor":4.0,"key":"FearPotion"},{"floor":7.0,"key":"Strength Potion"},{"floor":14.0,"key":"EssenceOfSteel"},{"floor":16.0,"key":"Block Potion"},{"floor":20.0,"key":"Swift Potion"},{"floor":27.0,"key":"BloodPotion"},{"floor":28,"key":"FairyPotion"}],"is_trial":false,"path_per_floor":["M","?","M","M","M","R","E","R","T","M","?","?","?","M","R","B",null,"M","?","M","M","$","R","M","R","T","M","M","M","R","?","R","B"],"character_chosen":"IRONCLAD","items_purchased":["ClockworkSouvenir"],"campfire_rested":5,"item_purchase_floors":[22],"current_hp_per_floor":[80,80,80,80,80,80,25,49,49,38,38,64,56,62,80,46,80,79,79,72,70,70,80,63,63,63,59,46,39,63,63,80,0],"gold":309,"neow_bonus":"THREE_ENEMY_KILL","is_prod":false,"is_daily":false,"chose_seed":false,"campfire_upgraded":1,"win_rate":0,"timestamp":1547264851,"path_taken":["M","?","M","M","M","R","E","R","T","M","?","?","?","M","R","BOSS","M","?","M","M","$","R","M","R","T","M","M","M","R","?","R","BOSS"],"build_version":"2019-01-10","purchased_purges":1,"victory":false,"max_hp_per_floor":[80,80,80,80,80,80,80,80,80,80,80,80,80,80,80,80,80,80,80,80,80,80,80,80,80,80,80,80,80,80,80,80,80],"card_choices":[{"not_picked":["Flex","Armaments"],"picked":"Cleave","floor":1.0},{"not_picked":["Entrench","Flex"],"picked":"Battle Trance","floor":3.0},{"not_picked":["Warcry","Cleave"],"picked":"Clash","floor":4.0},{"not_picked":["Anger","Perfected Strike"],"picked":"Clash","floor":5.0},{"not_picked":["Disarm","Havoc"],"picked":"True Grit","floor":7.0},{"not_picked":["Double Tap","Iron Wave"],"picked":"Pommel Strike","floor":10.0},{"not_picked":["Clothesline","Perfected Strike"],"picked":"Sword Boomerang","floor":13.0},{"not_picked":["Dropkick","Thunderclap"],"picked":"Pommel Strike","floor":14.0},{"not_picked":["Impervious","Fiend Fire"],"picked":"Limit Break","floor":16.0},{"not_picked":["Shrug It Off","Body Slam"],"picked":"Feel No Pain+1","floor":18.0},{"not_picked":["True Grit","Reckless Charge","Warcry"],"picked":"SKIP","floor":20.0},{"not_picked":["Wild Strike","Armaments"],"picked":"Sword Boomerang+1","floor":21.0},{"not_picked":["Flex","True Grit"],"picked":"Offering","floor":24.0},{"not_picked":["Rupture+1","Second Wind","Heavy Blade"],"picked":"SKIP","floor":27.0},{"not_picked":["Bloodletting","True Grit","Flex+1"],"picked":"SKIP","floor":28},{"not_picked":["Entrench","Heavy Blade"],"picked":"Metallicize","floor":29}],"player_experience":2084477,"relics_obtained":[{"floor":7.0,"key":"Omamori"},{"floor":9.0,"key":"Boot"},{"floor":13.0,"key":"Odd Mushroom"},{"floor":26.0,"key":"Whetstone"}],"event_choices":[{"damage_healed":0.0,"max_hp_gain":0.0,"max_hp_loss":0.0,"gold_gain":175.0,"event_name":"Liars Game","player_choice":"AGREE","floor":2.0,"gold_loss":0.0,"damage_taken":0.0,"cards_obtained":["Doubt"]},{"cards_removed":["Doubt"],"damage_healed":0.0,"max_hp_gain":0.0,"max_hp_loss":0.0,"gold_gain":0.0,"event_name":"The Cleric","player_choice":"Card Removal","floor":11.0,"gold_loss":50.0,"damage_taken":0.0},{"damage_healed":26.0,"max_hp_gain":0.0,"max_hp_loss":0.0,"gold_gain":0.0,"event_name":"Big Fish","player_choice":"Banana","floor":12.0,"gold_loss":0.0,"damage_taken":0.0},{"damage_healed":0.0,"max_hp_gain":0.0,"max_hp_loss":0.0,"gold_gain":0.0,"event_name":"Mushrooms","player_choice":"Fought Mushrooms","floor":13.0,"gold_loss":0.0,"damage_taken":0.0},{"damage_healed":0.0,"max_hp_gain":0.0,"max_hp_loss":0.0,"gold_gain":0.0,"event_name":"Vampires","player_choice":"Ignored","floor":19.0,"gold_loss":0.0,"damage_taken":0.0},{"cards_removed":["Strike_R"],"damage_healed":0,"gold_gain":0,"player_choice":"Purged","damage_taken":0,"max_hp_gain":0,"max_hp_loss":0,"event_name":"Purifier","floor":31,"gold_loss":0}],"is_beta":false,"boss_relics":[{"not_picked":["Coffee Dripper","Philosopher\u0027s Stone"],"picked":"Fusion Hammer"}],"items_purged_floors":[22],"is_endless":false,"potions_floor_spawned":[3,4,7,14,16,20,27,28],"killed_by":"Automaton","ascension_level":0}