{"path_per_floor":["M","M","$","M","?","R","M","M","T","R","M","$","?","?","R","B",null,"M","$","M"],"character_chosen":"DEFECT","items_purchased":["Defragment","Barrage","Coolheaded","Cold Snap"],"gold_per_floor":[112,131,56,69,69,69,89,109,109,109,129,48,48,48,48,169,169,188,94,107,107],"floor_reached":21,"campfire_rested":1,"playtime":1102,"item_purchase_floors":[12,12,19,19],"current_hp_per_floor":[75,74,74,67,67,67,55,46,46,46,41,41,34,34,54,12,55,19,19,18,0],"items_purged":["Strike_B"],"gold":107,"score":214,"play_id":"43ec27bf-ad33-4eab-8b97-123a854f157d","local_time":"20180616144554","is_prod":false,"is_daily":false,"chose_seed":false,"is_ascension_mode":true,"campfire_upgraded":2,"win_rate":0,"timestamp":1529174754,"campfire_choices":[{"data":"Defragment","floor":6,"key":"SMITH"},{"data":"Barrage","floor":10,"key":"SMITH"},{"floor":15,"key":"REST"}],"path_taken":["M","M","$","M","?","R","M","?","T","R","M","$","?","?","R","BOSS","M","$","M","M"],"build_version":"2018-06-14v2","seed_source_timestamp":212992600444604,"purchased_purges":1,"victory":false,"master_deck":["Strike_B","Defend_B","Defend_B","Defend_B","Defend_B","Zap","Dualcast","Barrage+1","Defragment+1","Redo","Redo","Cold Snap","Defragment","Barrage","Creative AI","Chill","Coolheaded","Cold Snap","Machine Learning"],"max_hp_per_floor":[75,75,75,75,75,75,75,75,75,75,75,75,75,69,69,69,69,69,69,69,69],"relics":["Sozu","Blue Candle","Golden Idol","Runic Pyramid"],"card_choices":[{"not_picked":["Sweeping Beam","Lockon"],"picked":"Barrage","floor":1},{"not_picked":["Reinforced Body","Blizzard"],"picked":"Defragment","floor":2},{"not_picked":["Steam","FTL"],"picked":"Redo","floor":4},{"not_picked":["Beam Cell","Barrage"],"picked":"Redo","floor":7},{"not_picked":["Conserve Battery","Hologram"],"picked":"Cold Snap","floor":8},{"not_picked":["Stack","Biased Cognition","Rebound"],"picked":"SKIP","floor":11},{"not_picked":["Multi-Cast","All For One"],"picked":"Creative AI","floor":16},{"not_picked":["Hologram","Gash+1"],"picked":"Chill","floor":18},{"not_picked":["Rebound","Undo+1"],"picked":"Machine Learning","floor":20}],"player_experience":602626,"potions_floor_usage":[],"damage_taken":[{"damage":0,"enemies":"2 Louse","floor":1,"turns":2},{"damage":1,"enemies":"Cultist","floor":2,"turns":4},{"damage":7,"enemies":"Jaw Worm","floor":4,"turns":4},{"damage":12,"enemies":"Red Slaver","floor":7,"turns":4},{"damage":9,"enemies":"Exordium Wildlife","floor":8,"turns":3},{"damage":5,"enemies":"2 Fungi Beasts","floor":11,"turns":4},{"damage":42,"enemies":"Hexaghost","floor":16,"turns":10},{"damage":36,"enemies":"2 Thieves","floor":18,"turns":5},{"damage":1,"enemies":"Chosen","floor":20,"turns":9},{"damage":21,"enemies":"Snake Plant","floor":21,"turns":2}],"relics_obtained":[{"floor":9,"key":"Blue Candle"}],"event_choices":[{"event_name":"Purifier","player_choice":"One Purge","floor":5,"damage_taken":0},{"event_name":"Golden Wing","player_choice":"Card Removal","floor":13,"damage_taken":0},{"event_name":"Golden Idol","player_choice":"Lose Max HP","floor":14,"damage_taken":0}],"boss_relics":[{"not_picked":["Fusion Hammer","White Beast Statue"],"picked":"Runic Pyramid"}],"items_purged_floors":[3],"is_endless":false,"potions_floor_spawned":[7,8],"seed_played":"7919283588467352830","killed_by":"Snake Plant","ascension_level":5,"potions_obtained":[],"is_trial":false}