{"gold_per_floor":[119,137,17,28,28,28,48,75,98,132,145,45,45,45,45,148,148,148,148,148,148,148,148,71,71,71,29,29,29,29,29,29,29,29,29,29,29,29],"floor_reached":38,"playtime":1012,"items_purged":["Pain","Writhe"],"score":422,"play_id":"61534260-f507-4561-ba1a-d4821045d6fc","local_time":"20180724011623","is_ascension_mode":false,"campfire_choices":[{"data":"Riddle With Holes","floor":6,"key":"SMITH"},{"floor":13,"key":"REST"},{"floor":15,"key":"REST"},{"data":"J.A.X.","floor":25,"key":"SMITH"},{"floor":32,"key":"REST"}],"neow_cost":"NONE","seed_source_timestamp":372624583922149,"circlet_count":0,"master_deck":["Defend_G","Defend_G","Defend_G","Defend_G","Defend_G","Strike_G","Strike_G+1","Strike_G","Strike_G","Strike_G","Survivor","Neutralize","Injury","Riddle With Holes+1","Finisher","Dagger Throw","Bane+1","Deflect","Riddle With Holes","Blade Dance","Dash","Bullet Time","Flechettes+1","Writhe","Poisoned Stab+1","Blade Dance","Venomology","J.A.X.+1","Slice","Terror+1","Outmaneuver","Phantasmal Killer","Outmaneuver+1","Dramatic Entrance"],"relics":["Calling Bell","Centennial Puzzle","Shuriken","Bird Faced Urn","Happy Flower","Vajra","Bag of Preparation","Ectoplasm","Strawberry","The Courier","Pantograph","Pen Nib","Unceasing Top","WristBlade"],"potions_floor_usage":[8,8,23,28,28,28,31,33,33,33,36,36],"damage_taken":[{"damage":10,"enemies":"Cultist","floor":1,"turns":3},{"damage":9,"enemies":"Small Slimes","floor":2,"turns":3},{"damage":3,"enemies":"2 Louse","floor":4,"turns":2},{"damage":5,"enemies":"Large Slime","floor":7,"turns":5},{"damage":18,"enemies":"Lagavulin","floor":8,"turns":5},{"damage":21,"enemies":"Gremlin Nob","floor":10,"turns":4},{"damage":13,"enemies":"Exordium Thugs","floor":11,"turns":3},{"damage":12,"enemies":"Slime Boss","floor":16,"turns":8},{"damage":7,"enemies":"Shell Parasite","floor":18,"turns":3},{"damage":5,"enemies":"Chosen","floor":20,"turns":2},{"damage":3,"enemies":"Book of Stabbing","floor":23,"turns":2},{"damage":8,"enemies":"Gremlin Leader","floor":28,"turns":3},{"damage":29,"enemies":"Centurion and Healer","floor":30,"turns":3},{"damage":7,"enemies":"3 Cultists","floor":31,"turns":4},{"damage":26,"enemies":"Automaton","floor":33,"turns":6},{"damage":60,"enemies":"3 Darklings","floor":35,"turns":4},{"damage":3,"enemies":"Flame Bruiser 1 Orb","floor":36,"turns":2},{"damage":16,"enemies":"Maw","floor":38,"turns":4}],"seed_played":"1874381259546200345","potions_obtained":[{"floor":1,"key":"Fire Potion"},{"floor":4,"key":"Regen Potion"},{"floor":11,"key":"Ancient Potion"},{"floor":16,"key":"Strength Potion"},{"floor":23,"key":"EssenceOfSteel"},{"floor":30,"key":"GhostInAJar"},{"floor":33,"key":"Energy Potion"},{"floor":35,"key":"GamblersBrew"}],"is_trial":false,"path_per_floor":["M","M","$","M","$","R","M","E","T","E","M","$","R","?","R","B",null,"M","?","M","?","?","E","?","R","T","$","E","T","M","M","R","B",null,"M","M","?"],"character_chosen":"THE_SILENT","items_purchased":["Dagger Throw","Slice"],"campfire_rested":3,"item_purchase_floors":[3,27],"current_hp_per_floor":[60,51,51,48,48,48,43,37,37,16,3,3,24,10,31,19,70,63,70,65,51,51,48,48,48,48,48,40,40,11,4,27,42,77,17,14,14,0],"gold":29,"neow_bonus":"BOSS_RELIC","is_prod":false,"is_daily":false,"chose_seed":false,"campfire_upgraded":2,"win_rate":0,"timestamp":1532360783,"path_taken":["M","?","$","M","$","R","M","E","T","E","M","$","R","?","R","BOSS","M","?","M","?","?","E","?","R","T","$","E","?","?","M","R","BOSS","M","?","?","M"],"build_version":"2018-07-19v2","purchased_purges":2,"victory":false,"max_hp_per_floor":[70,70,70,70,70,70,70,70,70,70,70,70,70,70,70,70,70,70,77,77,77,77,77,77,77,77,77,77,77,77,77,77,77,77,77,77,77,77],"card_choices":[{"not_picked":["Endless Agony","Quick Slash"],"picked":"Riddle With Holes","floor":1},{"not_picked":["Slice","Masterful Stab"],"picked":"Finisher","floor":2},{"not_picked":["Calculated Gamble","PiercingWail"],"picked":"Bane","floor":4},{"not_picked":["Dodge and Roll","Heel Hook"],"picked":"Deflect","floor":7},{"not_picked":["Finisher","Escape Plan"],"picked":"Riddle With Holes","floor":8},{"not_picked":["Cloak And Dagger","All Out Attack"],"picked":"Blade Dance","floor":10},{"not_picked":["Footwork","Leg Sweep"],"picked":"Dash","floor":11},{"not_picked":["Grand Finale","Doppelganger"],"picked":"Bullet Time","floor":16},{"not_picked":["Prepared","Sucker Punch"],"picked":"Flechettes+1","floor":18},{"not_picked":["Underhanded Strike","Flying Knee"],"picked":"Poisoned Stab+1","floor":20},{"not_picked":["Deflect","Quick Slash"],"picked":"Venomology","floor":23},{"not_picked":["Acrobatics","Endless Agony"],"picked":"Terror+1","floor":28},{"not_picked":["Footwork","Sucker Punch"],"picked":"Outmaneuver","floor":30},{"not_picked":["Blur","Flying Knee","Acrobatics"],"picked":"SKIP","floor":31},{"not_picked":["After Image","Malaise"],"picked":"Phantasmal Killer","floor":33},{"not_picked":["Prepared","Acrobatics+1","Flying Knee"],"picked":"SKIP","floor":35},{"not_picked":["Well Laid Plans+1","Eviscerate+1"],"picked":"Outmaneuver+1","floor":36},{"not_picked":["Enlightenment","Deep Breath"],"picked":"Dramatic Entrance","floor":37}],"player_experience":248430,"relics_obtained":[{"floor":0,"key":"Centennial Puzzle"},{"floor":0,"key":"Shuriken"},{"floor":0,"key":"Bird Faced Urn"},{"floor":8,"key":"Happy Flower"},{"floor":9,"key":"Vajra"},{"floor":10,"key":"Bag of Preparation"},{"floor":23,"key":"The Courier"},{"floor":26,"key":"Pantograph"},{"floor":28,"key":"Pen Nib"},{"floor":29,"key":"Unceasing Top"}],"event_choices":[{"event_name":"Shining Light","player_choice":"Entered Light","floor":14,"damage_taken":0},{"event_name":"The Mausoleum","player_choice":"Yes","floor":19,"damage_taken":0},{"event_name":"Knowing Skull","player_choice":"POTION ","floor":21,"damage_taken":0},{"event_name":"The Library","player_choice":"Read","floor":22,"damage_taken":0},{"event_name":"Drug Dealer","player_choice":"Got JAXXED","floor":24,"damage_taken":0},{"event_name":"SensoryStone","player_choice":"Memory 1","floor":37,"damage_taken":0}],"is_beta":false,"boss_relics":[{"not_picked":["Philosopher\u0027s Stone","Snecko Eye"],"picked":"Ectoplasm"},{"not_picked":["Busted Crown","Sozu"],"picked":"WristBlade"}],"items_purged_floors":[3,12],"is_endless":false,"potions_floor_spawned":[1,4,11,16,23,30,33,35],"killed_by":"Maw","ascension_level":0}