{"gold_per_floor":[112,132,132,31,49,49,49,49,129,129,149,149,159,173,173,173],"floor_reached":16,"playtime":381,"items_purged":["Defend_B"],"score":106,"play_id":"042d7b33-5c13-435b-a802-10b9b8914a7a","local_time":"20190212221531","is_ascension_mode":true,"campfire_choices":[{"floor":6,"key":"RECALL"},{"data":"Zap","floor":8,"key":"SMITH"},{"data":"Dramatic Entrance","floor":10,"key":"SMITH"},{"data":"Dualcast","floor":15,"key":"SMITH"}],"neow_cost":"NONE","seed_source_timestamp":33288809547909,"circlet_count":0,"master_deck":["Strike_B","Strike_B","Strike_B","Defend_B","Defend_B","Defend_B","Zap+1","Dualcast+1","Dramatic Entrance+1","Conserve Battery","Stack","Genetic Algorithm","Regret","Go for the Eyes"],"relics":["Cracked Core","Potion Belt","Pantograph","Vajra"],"potions_floor_usage":[16],"damage_taken":[{"damage":0,"enemies":"2 Louse","floor":1,"turns":1},{"damage":0,"enemies":"Small Slimes","floor":2,"turns":2},{"damage":0,"enemies":"Cultist","floor":5,"turns":2},{"damage":8,"enemies":"Exordium Wildlife","floor":11,"turns":4},{"damage":29,"enemies":"Exordium Thugs","floor":13,"turns":5},{"damage":7,"enemies":"2 Fungi Beasts","floor":14,"turns":2},{"damage":51,"enemies":"Hexaghost","floor":16,"turns":11}],"seed_played":"-5077659437545983734","potions_obtained":[{"floor":1,"key":"FearPotion"},{"floor":2,"key":"AttackPotion"},{"floor":11,"key":"Fire Potion"}],"is_trial":false,"path_per_floor":["M","M","?","$","M","R","?","R","T","R","M","?","M","M","R","B"],"character_chosen":"DEFECT","items_purchased":["Stack"],"campfire_rested":0,"item_purchase_floors":[4],"current_hp_per_floor":[75,75,68,68,68,68,65,65,65,65,57,57,28,21,21,0],"gold":173,"neow_bonus":"RANDOM_COLORLESS","is_prod":false,"is_daily":false,"chose_seed":false,"campfire_upgraded":3,"win_rate":0,"timestamp":1550006131,"path_taken":["M","M","?","$","M","R","?","R","T","R","M","?","M","M","R","BOSS"],"build_version":"2019-01-23","purchased_purges":1,"victory":false,"max_hp_per_floor":[75,75,75,75,75,75,75,75,75,75,75,75,75,75,75,75],"card_choices":[{"not_picked":["Coolheaded","Gash"],"picked":"Conserve Battery","floor":1},{"not_picked":["Doom and Gloom","Beam Cell","Streamline"],"picked":"SKIP","floor":2},{"not_picked":["Double Energy","Beam Cell","Streamline"],"picked":"SKIP","floor":5},{"not_picked":["Leap","Heatsinks"],"picked":"Genetic Algorithm","floor":11},{"not_picked":["Turbo","Beam Cell","Rebound"],"picked":"SKIP","floor":13},{"not_picked":["Thunder Strike","Stack"],"picked":"Go for the Eyes","floor":14}],"player_experience":79596,"relics_obtained":[{"floor":9,"key":"Pantograph"}],"event_choices":[{"cards_removed":["Strike_B"],"damage_healed":0,"gold_gain":0,"player_choice":"Card Removal","damage_taken":7,"max_hp_gain":0,"max_hp_loss":0,"event_name":"Golden Wing","floor":3,"gold_loss":0},{"damage_healed":0,"gold_gain":0,"player_choice":"Success","damage_taken":3,"relics_obtained":["Potion Belt"],"max_hp_gain":0,"max_hp_loss":0,"event_name":"Scrap Ooze","floor":7,"gold_loss":0},{"damage_healed":0,"gold_gain":0,"player_choice":"Box","damage_taken":0,"relics_obtained":["Vajra"],"max_hp_gain":0,"max_hp_loss":0,"event_name":"Big Fish","floor":12,"gold_loss":0,"cards_obtained":["Regret"]}],"is_beta":false,"boss_relics":[],"items_purged_floors":[4],"is_endless":false,"potions_floor_spawned":[1,2,11],"killed_by":"Hexaghost","ascension_level":3}