{"gold_per_floor":[116,131,131,148,148,175,195,222,222,222,248,73,86,117,117,218,218,228,35,45,64,64,64,79,114,114,114,141,160,189,33,33,128,128,146,157,9,9,0,0,0,0,0,0,0,19,19,29,29,29],"floor_reached":50,"playtime":3834,"items_purged":["Strike_R","Strike_R"],"score":685,"play_id":"d8062eba-d087-499c-9812-06e31a6a80b3","local_time":"20180706170026","is_ascension_mode":true,"campfire_choices":[{"data":"Armaments","floor":10.0,"key":"SMITH"},{"floor":15.0,"key":"REST"},{"floor":23.0,"key":"REST"},{"floor":27.0,"key":"REST"},{"floor":32.0,"key":"REST"},{"floor":40,"key":"REST"},{"floor":42,"key":"REST"},{"floor":44,"key":"REST"},{"floor":47,"key":"REST"},{"floor":49,"key":"REST"}],"neow_cost":"","seed_source_timestamp":0,"circlet_count":0,"master_deck":["Strike_R","Strike_R","Defend_R","Defend_R","Defend_R","Defend_R","Bash+1","Anger","Clothesline+1","Feel No Pain","Armaments+1","Offering","Ghostly Armor","True Grit","Demon Form","Cleave+1","Reckless Charge+1","True Grit","Flame Barrier+1","Sword Boomerang+1","Whirlwind+1","Metallicize","Feel No Pain","Disarm","Offering","Writhe","Bash+1","Shockwave+1"],"special_seed":0,"relics":["Burning Blood","Bottled Flame","Meat on the Bone","Gremlin Horn","Happy Flower","Molten Egg 2","Fusion Hammer","Mummified Hand","Singing Bowl","Juzu Bracelet","Orichalcum","Runic Dome","Pen Nib","Red Mask","Blue Candle"],"potions_floor_usage":[48,50],"damage_taken":[{"damage":5.0,"enemies":"Small Slimes","floor":1.0,"turns":3.0},{"damage":6.0,"enemies":"Cultist","floor":2.0,"turns":3.0},{"damage":7.0,"enemies":"Jaw Worm","floor":4.0,"turns":2.0},{"damage":24.0,"enemies":"Gremlin Nob","floor":6.0,"turns":4.0},{"damage":22.0,"enemies":"3 Louse","floor":7.0,"turns":3.0},{"damage":30.0,"enemies":"3 Sentries","floor":8.0,"turns":9.0},{"damage":32.0,"enemies":"Lagavulin","floor":11.0,"turns":8.0},{"damage":5.0,"enemies":"Looter","floor":13.0,"turns":3.0},{"damage":8.0,"enemies":"Gremlin Nob","floor":14.0,"turns":3.0},{"damage":39.0,"enemies":"The Guardian","floor":16.0,"turns":10.0},{"damage":20.0,"enemies":"3 Byrds","floor":18.0,"turns":6.0},{"damage":17.0,"enemies":"2 Thieves","floor":20.0,"turns":5.0},{"damage":20.0,"enemies":"Chosen and Byrds","floor":21.0,"turns":6.0},{"damage":39.0,"enemies":"Sentry and Sphere","floor":24.0,"turns":5.0},{"damage":49.0,"enemies":"Gremlin Leader","floor":25.0,"turns":8.0},{"damage":43.0,"enemies":"Book of Stabbing","floor":28.0,"turns":6.0},{"damage":7.0,"enemies":"Snecko","floor":29.0,"turns":4.0},{"damage":20.0,"enemies":"Gremlin Leader","floor":30.0,"turns":5.0},{"damage":34.0,"enemies":"Champ","floor":33.0,"turns":10.0},{"damage":8,"enemies":"Flame Bruiser 1 Orb","floor":35,"turns":4},{"damage":33,"enemies":"3 Shapes","floor":36,"turns":3},{"damage":57,"enemies":"Sphere and 2 Shapes","floor":46,"turns":4},{"damage":62,"enemies":"4 Shapes","floor":48,"turns":6},{"damage":74,"enemies":"Time Eater","floor":50,"turns":8}],"seed_played":"5679489911369744161","potions_obtained":[{"floor":4.0,"key":"BloodPotion"},{"floor":7.0,"key":"SkillPotion"},{"floor":11.0,"key":"Dexterity Potion"},{"floor":14.0,"key":"Energy Potion"},{"floor":21.0,"key":"Fruit Juice"},{"floor":25.0,"key":"Block Potion"},{"floor":28.0,"key":"AttackPotion"},{"floor":30.0,"key":"Dexterity Potion"},{"floor":36,"key":"Weak Potion"},{"floor":46,"key":"Block Potion"}],"is_trial":false,"path_per_floor":["M","M","?","M","?","E","M","E","T","R","E","$","M","E","R","B",null,"M","$","M","M","?","R","M","E","T","R","E","M","E","$","R","B",null,"M","M","$","?","?","R","?","R","T","R","?","M","R","M","R"],"character_chosen":"IRONCLAD","items_purchased":["Energy Potion","Block Potion","Reckless Charge+1","True Grit","Feel No Pain","Disarm","Pen Nib"],"campfire_rested":9,"item_purchase_floors":[],"current_hp_per_floor":[80,80,80,79,84,66,50,34,34,34,20,20,33,43,68,47,76,62,62,51,49,49,74,58,27,27,54,29,42,40,40,67,51,82,82,57,57,81,81,96,96,96,96,96,96,59,88,44,73,0],"gold":29,"neow_bonus":"","is_prod":false,"is_daily":false,"chose_seed":false,"campfire_upgraded":1,"win_rate":0,"timestamp":1530914426,"path_taken":["M","M","?","M","?","E","M","E","T","R","E","$","M","E","R","BOSS","M","$","M","M","?","R","M","E","T","R","E","M","E","$","R","BOSS","M","M","$","?","?","R","?","R","T","R","?","M","R","M","R","BOSS"],"build_version":"2018-07-05","purchased_purges":2,"victory":false,"max_hp_per_floor":[80,80,80,80,85,85,85,85,85,85,85,85,85,85,85,85,85,85,85,85,85,85,85,90,90,90,90,90,92,92,92,92,92,92,94,96,96,96,96,96,96,96,96,96,96,98,98,98,98,98],"card_choices":[{"not_picked":["Perfected Strike","Dual Wield","Warcry"],"picked":"SKIP","floor":1.0},{"not_picked":["Second Wind","Iron Wave"],"picked":"Anger","floor":2.0},{"not_picked":["Dual Wield","Second Wind"],"picked":"Clothesline","floor":4.0},{"not_picked":["Thunderclap","Perfected Strike","Double Tap"],"picked":"SKIP","floor":6.0},{"not_picked":["Flex","Anger"],"picked":"Feel No Pain","floor":7.0},{"not_picked":["Twin Strike","Thunderclap"],"picked":"Armaments","floor":8.0},{"not_picked":["Dropkick","Whirlwind"],"picked":"Offering","floor":11.0},{"not_picked":["Flex","Sword Boomerang"],"picked":"Ghostly Armor","floor":13.0},{"not_picked":["Whirlwind","Twin Strike"],"picked":"True Grit","floor":14.0},{"not_picked":["Fiend Fire+1","Limit Break"],"picked":"Demon Form","floor":16.0},{"not_picked":["Clothesline+1","Wild Strike+1"],"picked":"Cleave+1","floor":18.0},{"not_picked":["Blood for Blood+1","Thunderclap+1"],"picked":"Flame Barrier+1","floor":20.0},{"not_picked":["Infernal Blade+1","Twin Strike+1"],"picked":"Sword Boomerang+1","floor":21.0},{"not_picked":["Armaments","Wild Strike+1","Anger+1"],"picked":"SKIP","floor":24.0},{"not_picked":["Rupture","Clash+1","Pommel Strike+1"],"picked":"SKIP","floor":25.0},{"not_picked":["Anger+1","Thunderclap+1"],"picked":"Whirlwind+1","floor":28.0},{"not_picked":["Entrench","Perfected Strike+1","Infernal Blade"],"picked":"Singing Bowl","floor":29.0},{"not_picked":["Barricade","Bloodletting+1"],"picked":"Metallicize","floor":30.0},{"not_picked":["Limit Break","Impervious"],"picked":"Offering","floor":33.0},{"not_picked":["Infernal Blade+1","Spot Weakness+1","Twin Strike+1"],"picked":"Singing Bowl","floor":35},{"not_picked":["Warcry+1","Heavy Blade+1","Clash+1"],"picked":"Singing Bowl","floor":36},{"not_picked":["Battle Trance+1","Twin Strike+1","Flex"],"picked":"Singing Bowl","floor":46},{"not_picked":["Twin Strike+1","Combust+1"],"picked":"Shockwave+1","floor":48}],"player_experience":266436,"relics_obtained":[{"floor":6.0,"key":"Bottled Flame"},{"floor":8.0,"key":"Meat on the Bone"},{"floor":9.0,"key":"Gremlin Horn"},{"floor":11.0,"key":"Happy Flower"},{"floor":14.0,"key":"Molten Egg 2"},{"floor":25.0,"key":"Mummified Hand"},{"floor":26.0,"key":"Singing Bowl"},{"floor":28.0,"key":"Juzu Bracelet"},{"floor":30.0,"key":"Orichalcum"},{"floor":43,"key":"Blue Candle"}],"event_choices":[{"event_name":"Bonfire Elementals","player_choice":"BASIC","floor":3.0,"damage_taken":0.0},{"event_name":"Big Fish","player_choice":"Donut","floor":5.0,"damage_taken":0.0},{"event_name":"Drug Dealer","player_choice":"Ignored","floor":22.0,"damage_taken":0.0},{"event_name":"Winding Halls","player_choice":"Writhe","floor":38,"damage_taken":0},{"event_name":"Tomb of Lord Red Mask","player_choice":"Paid","floor":39,"damage_taken":0},{"event_name":"Match and Keep!","player_choice":"1 cards matched","floor":41,"damage_taken":0},{"event_name":"Upgrade Shrine","player_choice":"Upgraded","floor":45,"damage_taken":0}],"boss_relics":[{"not_picked":["Orrery","White Beast Statue"],"picked":"Fusion Hammer"},{"not_picked":["Sozu","Astrolabe"],"picked":"Runic Dome"}],"items_purged_floors":[],"is_endless":false,"potions_floor_spawned":[4,7,11,14,21,25,28,30,36,46],"killed_by":"Time Eater","ascension_level":5}