{"gold_per_floor":[119,137,137,117,137,137,151,76,145,172,172,172,182,202,202,298,298,308,223,239,239,239,269,115,115,115,126,146,146,159,159,159,159],"floor_reached":33,"playtime":646,"items_purged":["Defend_R"],"score":292,"play_id":"5e0c28d1-6595-410c-8260-88ab14f7ed75","local_time":"20180704210817","is_ascension_mode":false,"campfire_choices":[{"data":"Carnage","floor":6,"key":"SMITH"},{"floor":15,"key":"REST"},{"floor":25,"key":"REST"},{"floor":29,"key":"REST"},{"floor":32,"key":"REST"}],"neow_cost":"NONE","seed_source_timestamp":175969210211144,"circlet_count":0,"master_deck":["Bash","Thunderclap","Carnage+1","Flex","Cleave","Bludgeon","True Grit","Anger","Armaments","Armaments","Warcry","Heavy Blade","Heavy Blade","Pommel Strike"],"relics":["Burning Blood","Pen Nib","CultistMask","Pear","Ancient Tea Set","Pandora\u0027s Box","Bag of Marbles","Lantern","Juzu Bracelet","Orichalcum"],"potions_floor_usage":[7,10,16,16,20,33,33],"damage_taken":[{"damage":17,"enemies":"Small Slimes","floor":1,"turns":4},{"damage":1,"enemies":"Cultist","floor":2,"turns":3},{"damage":5,"enemies":"2 Louse","floor":5,"turns":2},{"damage":8,"enemies":"Red Slaver","floor":7,"turns":2},{"damage":18,"enemies":"Lagavulin","floor":10,"turns":3},{"damage":16,"enemies":"3 Louse","floor":13,"turns":3},{"damage":21,"enemies":"Lots of Slimes","floor":14,"turns":4},{"damage":56,"enemies":"Hexaghost","floor":16,"turns":9},{"damage":5,"enemies":"Chosen","floor":18,"turns":3},{"damage":30,"enemies":"Shell Parasite","floor":20,"turns":3},{"damage":58,"enemies":"Slavers","floor":23,"turns":7},{"damage":2,"enemies":"Centurion and Healer","floor":27,"turns":3},{"damage":31,"enemies":"Cultist and Chosen","floor":28,"turns":5},{"damage":0,"enemies":"Snake Plant","floor":30,"turns":1},{"damage":68,"enemies":"Champ","floor":33,"turns":7}],"seed_played":"-8057333343484092531","potions_obtained":[{"floor":2,"key":"AttackPotion"},{"floor":4,"key":"Fire Potion"},{"floor":5,"key":"Weak Potion"},{"floor":7,"key":"EssenceOfSteel"},{"floor":14,"key":"Poison Potion"},{"floor":18,"key":"SkillPotion"},{"floor":23,"key":"Strength Potion"},{"floor":28,"key":"Weak Potion"}],"is_trial":false,"path_per_floor":["M","M","?","?","M","R","M","$","T","E","?","$","M","M","R","B",null,"M","?","M","?","?","E","$","R","T","M","M","R","M","?","R"],"character_chosen":"IRONCLAD","items_purchased":["Juzu Bracelet"],"campfire_rested":4,"item_purchase_floors":[24],"current_hp_per_floor":[69,74,74,74,75,75,73,73,83,71,76,76,66,51,79,29,95,95,95,71,71,62,10,10,38,38,42,17,45,51,32,62,0],"gold":159,"neow_bonus":"RANDOM_COMMON_RELIC","is_prod":false,"is_daily":false,"chose_seed":false,"campfire_upgraded":1,"win_rate":0,"timestamp":1530756497,"path_taken":["M","M","?","?","?","R","M","?","T","E","?","$","M","M","R","BOSS","M","?","M","?","?","E","$","R","T","M","M","R","M","?","R","BOSS"],"build_version":"2018-07-03","purchased_purges":1,"victory":false,"max_hp_per_floor":[80,80,80,80,80,80,80,80,90,90,95,95,95,95,95,95,95,95,95,95,95,95,95,95,95,95,95,95,95,95,100,100,100],"card_choices":[{"not_picked":["True Grit","Spot Weakness"],"picked":"Thunderclap","floor":1},{"not_picked":["Ghostly Armor","Clothesline"],"picked":"Carnage","floor":2},{"not_picked":["Sever Soul","Sword Boomerang"],"picked":"Flex","floor":5},{"not_picked":["Sentinel","Second Wind","Entrench"],"picked":"SKIP","floor":7},{"not_picked":["Metallicize","Shrug It Off","Twin Strike"],"picked":"SKIP","floor":10},{"not_picked":["Perfected Strike","Wild Strike","Sword Boomerang"],"picked":"SKIP","floor":13},{"not_picked":["Perfected Strike","Fire Breathing"],"picked":"Cleave","floor":14},{"not_picked":["Demon Form","Dark Embrace"],"picked":"Bludgeon","floor":16},{"not_picked":["Armaments","Sever Soul+1","Pommel Strike"],"picked":"SKIP","floor":18},{"not_picked":["Headbutt","Clothesline","Thunderclap"],"picked":"SKIP","floor":20},{"not_picked":["Wild Strike","Clothesline+1","Armaments"],"picked":"SKIP","floor":23},{"not_picked":["Sword Boomerang+1","Armaments","Heavy Blade"],"picked":"SKIP","floor":27},{"not_picked":["Hemokinesis","Headbutt+1","Sentinel+1"],"picked":"SKIP","floor":28},{"not_picked":["Uppercut","Flame Barrier","Anger"],"picked":"SKIP","floor":30}],"player_experience":319050,"relics_obtained":[{"floor":9,"key":"Pear"},{"floor":10,"key":"Ancient Tea Set"},{"floor":23,"key":"Lantern"},{"floor":26,"key":"Orichalcum"}],"event_choices":[{"event_name":"FaceTrader","player_choice":"Trade","floor":3,"damage_taken":0},{"event_name":"The Woman in Blue","player_choice":"Bought 1 Potion","floor":4,"damage_taken":0},{"event_name":"Big Fish","player_choice":"Donut","floor":11,"damage_taken":0},{"event_name":"Addict","player_choice":"Obtained Relic","floor":19,"damage_taken":0},{"event_name":"Vampires","player_choice":"Ignored","floor":21,"damage_taken":0},{"event_name":"Wheel of Change","player_choice":"Damage","floor":22,"damage_taken":0},{"event_name":"Forgotten Altar","player_choice":"Shed Blood","floor":31,"damage_taken":0}],"boss_relics":[{"not_picked":["Runic Pyramid","Fusion Hammer"],"picked":"Pandora\u0027s Box"}],"items_purged_floors":[8],"is_endless":false,"potions_floor_spawned":[2,5,7,14,18,23,28,30],"killed_by":"Champ","ascension_level":0}