{"gold_per_floor":[119,130,150,163,181,181,191,191,191,191,208,133,153,178,178,273,273,283,21,41,58,58,58,73,73,127,144,144,159,3,17,17,115,115,126,146,146,246,31,31,48,48,48,48,48],"floor_reached":45,"playtime":5311,"items_purged":["Clumsy"],"score":461,"play_id":"d5ed3aaa-f581-4c20-a679-94f70db6d3d5","local_time":"20190107005513","is_ascension_mode":false,"campfire_choices":[{"data":"Backflip","floor":6.0,"key":"SMITH"},{"data":"Backflip","floor":8.0,"key":"SMITH"},{"floor":15.0,"key":"REST"},{"data":"A Thousand Cuts","floor":23,"key":"SMITH"},{"floor":32,"key":"REST"},{"data":"Enlightenment","floor":40,"key":"SMITH"}],"neow_cost":"NONE","seed_source_timestamp":0,"circlet_count":0,"master_deck":["Defend_G","Defend_G","Defend_G","Defend_G","Defend_G","Strike_G","Strike_G","Strike_G","Strike_G","Strike_G","Survivor","Neutralize","Well Laid Plans","Calculated Gamble","Backflip+1","Backflip+1","Caltrops+1","Deflect","Choke","Outmaneuver","Backflip","A Thousand Cuts+1","Backflip+1","Prepared","Leg Sweep","Prepared","Shame","Decay","Cloak And Dagger","Underhanded Strike","Adrenaline","Cloak And Dagger+1","Blur+1","Acrobatics+1","Calculated Gamble","Enlightenment+1","Caltrops","Calculated Gamble+1","Regret","Sucker Punch"],"special_seed":0,"relics":["Cursed Key","Pantograph","Odd Mushroom","Lizard Tail","Mercury Hourglass","Bag of Marbles","Tiny Chest","Velvet Choker","Tingsha","Ninja Scroll"],"potions_floor_usage":[18,20,21,29,45],"damage_taken":[{"damage":0.0,"enemies":"Jaw Worm","floor":1.0,"turns":4.0},{"damage":0.0,"enemies":"Cultist","floor":2.0,"turns":4.0},{"damage":2.0,"enemies":"Small Slimes","floor":3.0,"turns":4.0},{"damage":2.0,"enemies":"Blue Slaver","floor":4.0,"turns":5.0},{"damage":5.0,"enemies":"3 Louse","floor":5.0,"turns":2.0},{"damage":2.0,"enemies":"Looter","floor":7.0,"turns":4.0},{"damage":11.0,"enemies":"Gremlin Gang","floor":11.0,"turns":4.0},{"damage":4.0,"enemies":"Blue Slaver","floor":13.0,"turns":3.0},{"damage":12.0,"enemies":"The Mushroom Lair","floor":14.0,"turns":3.0},{"damage":13.0,"enemies":"The Guardian","floor":16.0,"turns":17.0},{"damage":6,"enemies":"Shell Parasite","floor":18,"turns":6},{"damage":5,"enemies":"2 Thieves","floor":20,"turns":4},{"damage":1,"enemies":"Shelled Parasite and Fungi","floor":21,"turns":5},{"damage":6,"enemies":"Snake Plant","floor":24,"turns":4},{"damage":14,"enemies":"Centurion and Healer","floor":27,"turns":9},{"damage":13,"enemies":"Sentry and Sphere","floor":29,"turns":7},{"damage":19,"enemies":"Chosen and Byrds","floor":31,"turns":6},{"damage":96,"enemies":"Automaton","floor":33,"turns":16},{"damage":7,"enemies":"3 Shapes","floor":35,"turns":5},{"damage":10,"enemies":"Orb Walker","floor":36,"turns":5},{"damage":1,"enemies":"Mind Bloom Boss Battle","floor":38,"turns":11},{"damage":36,"enemies":"Maw","floor":41,"turns":10},{"damage":38,"enemies":"Transient","floor":45,"turns":5}],"seed_played":"5343685684362199765","potions_obtained":[{"floor":3.0,"key":"SpeedPotion"},{"floor":4.0,"key":"Explosive Potion"},{"floor":5.0,"key":"Energy Potion"},{"floor":7.0,"key":"SpeedPotion"},{"floor":11.0,"key":"Poison Potion"},{"floor":14.0,"key":"EssenceOfSteel"},{"floor":16.0,"key":"PowerPotion"},{"floor":18,"key":"Explosive Potion"},{"floor":20,"key":"Swift Potion"},{"floor":27,"key":"PowerPotion"},{"floor":41,"key":"SpeedPotion"}],"is_trial":false,"path_per_floor":["M","M","M","M","M","R","M","R","T","?","M","$","M","?","R","B",null,"M","$","M","M","$","R","M","?","T","M","?","M","$","M","R","B",null,"M","M","?","?","$","R","M","$","T","?","M"],"character_chosen":"THE_SILENT","items_purchased":["Mercury Hourglass","Adrenaline","Calculated Gamble","Enlightenment","Caltrops"],"campfire_rested":2,"item_purchase_floors":[19,30,39,39,39],"current_hp_per_floor":[70,70,68,66,61,61,59,59,59,59,48,48,44,32,53,57,70,64,64,59,58,58,58,52,52,52,38,38,25,25,6,27,26,70,63,53,53,69,69,69,33,33,33,33,0],"gold":48,"neow_bonus":"BOSS_RELIC","is_prod":false,"is_daily":false,"chose_seed":false,"campfire_upgraded":4,"win_rate":0.0,"timestamp":1546851313,"path_taken":["M","M","M","M","M","R","M","R","T","?","M","$","?","?","R","BOSS","M","$","M","M","$","R","M","?","T","M","?","M","$","M","R","BOSS","M","M","?","?","$","R","M","$","T","?","M"],"build_version":"2019-01-03v4","purchased_purges":1,"victory":false,"max_hp_per_floor":[70,70,70,70,70,70,70,70,70,70,70,70,70,70,70,70,70,70,70,70,70,70,70,70,70,70,70,70,70,70,70,70,70,70,70,70,70,70,70,70,70,70,70,70,70],"card_choices":[{"not_picked":["Acrobatics","Deflect"],"picked":"Well Laid Plans","floor":1.0},{"not_picked":["Dagger Throw","Blade Dance"],"picked":"Calculated Gamble","floor":2.0},{"not_picked":["Distraction","Dodge and Roll"],"picked":"Backflip","floor":3.0},{"not_picked":["Sucker Punch","Underhanded Strike"],"picked":"Backflip","floor":4.0},{"not_picked":["Terror","Dodge and Roll"],"picked":"Caltrops","floor":5.0},{"not_picked":["Accuracy","Cloak And Dagger"],"picked":"Deflect","floor":7.0},{"not_picked":["Crippling Poison","Leg Sweep"],"picked":"Choke","floor":11.0},{"not_picked":["Heel Hook","Slice"],"picked":"Outmaneuver","floor":13.0},{"not_picked":["Predator","Bane"],"picked":"Backflip","floor":14.0},{"not_picked":["Envenom","Storm of Steel"],"picked":"A Thousand Cuts","floor":16.0},{"not_picked":["Well Laid Plans+1","Endless Agony"],"picked":"Backflip+1","floor":18},{"not_picked":["Distraction","Poisoned Stab"],"picked":"Prepared","floor":20},{"not_picked":["Riddle With Holes","Deadly Poison"],"picked":"Leg Sweep","floor":21},{"not_picked":["Backflip","Slice+1"],"picked":"Prepared","floor":24},{"not_picked":["Predator","Backflip+1"],"picked":"Cloak And Dagger","floor":27},{"not_picked":["Slice","Bane"],"picked":"Underhanded Strike","floor":29},{"not_picked":["Outmaneuver","Tools of the Trade"],"picked":"Cloak And Dagger+1","floor":31},{"not_picked":["Night Terror","Storm of Steel"],"picked":"Wraith Form v2","floor":33},{"not_picked":["Dagger Throw","Blade Dance","Endless Agony"],"picked":"SKIP","floor":35},{"not_picked":["Finisher","Outmaneuver"],"picked":"Blur+1","floor":36},{"not_picked":["Quick Slash","Flying Knee"],"picked":"Acrobatics+1","floor":38},{"not_picked":["Backflip+1","Cloak And Dagger+1"],"picked":"Calculated Gamble+1","floor":41}],"player_experience":85644,"relics_obtained":[{"floor":9.0,"key":"Pantograph"},{"floor":14.0,"key":"Odd Mushroom"},{"floor":26,"key":"Tiny Chest"},{"floor":38,"key":"Tingsha"},{"floor":43,"key":"Ninja Scroll"}],"event_choices":[{"damage_healed":0.0,"max_hp_gain":0.0,"max_hp_loss":0.0,"gold_gain":0.0,"event_name":"Upgrade Shrine","player_choice":"Upgraded","floor":10.0,"gold_loss":0.0,"damage_taken":0.0,"cards_upgraded":["Caltrops"]},{"damage_healed":0.0,"max_hp_gain":0.0,"max_hp_loss":0.0,"gold_gain":0.0,"event_name":"Mushrooms","player_choice":"Fought Mushrooms","floor":14.0,"gold_loss":0.0,"damage_taken":0.0},{"damage_healed":0,"gold_gain":0,"player_choice":"Stole Relic","damage_taken":0,"relics_obtained":["Bag of Marbles"],"max_hp_gain":0,"max_hp_loss":0,"event_name":"Addict","floor":25,"gold_loss":0,"cards_obtained":["Shame"]},{"damage_healed":0,"gold_gain":0,"player_choice":"Ignored","damage_taken":0,"max_hp_gain":0,"max_hp_loss":0,"event_name":"Vampires","floor":28,"gold_loss":0},{"damage_healed":0,"gold_gain":0,"player_choice":"Ignored","damage_taken":0,"max_hp_gain":0,"max_hp_loss":0,"event_name":"Mysterious Sphere","floor":37,"gold_loss":0},{"damage_healed":0,"gold_gain":0,"player_choice":"Fight","damage_taken":0,"max_hp_gain":0,"max_hp_loss":0,"event_name":"MindBloom","floor":38,"gold_loss":0},{"damage_healed":0,"gold_gain":0,"cards_transformed":["Wraith Form v2"],"player_choice":"Transformed","damage_taken":0,"max_hp_gain":0,"max_hp_loss":0,"event_name":"Transmorgrifier","floor":44,"gold_loss":0,"cards_obtained":["Sucker Punch"]}],"is_beta":false,"boss_relics":[{"not_picked":["Ectoplasm","WristBlade"],"picked":"Lizard Tail"},{"not_picked":["Busted Crown","Black Star"],"picked":"Velvet Choker"}],"items_purged_floors":[12],"is_endless":false,"potions_floor_spawned":[3,4,5,7,11,14,16,18,20,27,41],"killed_by":"Transient","ascension_level":0}