{"gold_per_floor":[116,126,126,6,26,26,126,146,201,201,212,231,243,263,263,365,365,379,30,45,45,45,45,60,12,36,36,49,49,49,80,80,80],"floor_reached":33,"playtime":1742,"items_purged":["Strike_R","Strike_R"],"score":376,"play_id":"f11452e5-80fc-4e05-a8e5-2ddc2eed78a3","local_time":"20180730163109","is_ascension_mode":true,"campfire_choices":[{"data":"Spot Weakness","floor":6,"key":"SMITH"},{"data":"Heavy Blade","floor":10,"key":"SMITH"},{"floor":15,"key":"REST"},{"data":"Limit Break","floor":23,"key":"SMITH"},{"floor":27,"key":"REST"},{"data":"Immolate","floor":29,"key":"SMITH"},{"floor":32,"key":"REST"}],"neow_cost":"NONE","seed_source_timestamp":427166007195062,"circlet_count":0,"master_deck":["Strike_R","Strike_R","Strike_R","Defend_R","Defend_R+1","Defend_R+1","Defend_R","Bash","Flame Barrier","Carnage","Spot Weakness+1","Anger","Heavy Blade+1","Pommel Strike","Cleave","Heavy Blade","Infernal Blade","Clash","Immolate+1","Thunderclap+1","Limit Break+1","Battle Trance","Evolve","Pummel","Decay","Thunderclap+1","Flex","Power Through+1","True Grit"],"relics":["Burning Blood","Blood Vial","War Paint","Velvet Choker","Art of War","Potion Belt"],"potions_floor_usage":[13,16,16,16,16,16,24,33],"damage_taken":[{"damage":2,"enemies":"Cultist","floor":1,"turns":5},{"damage":1,"enemies":"2 Louse","floor":2,"turns":2},{"damage":7,"enemies":"Jaw Worm","floor":5,"turns":3},{"damage":11,"enemies":"Red Slaver","floor":8,"turns":3},{"damage":8,"enemies":"3 Louse","floor":11,"turns":2},{"damage":28,"enemies":"Exordium Thugs","floor":12,"turns":5},{"damage":4,"enemies":"2 Fungi Beasts","floor":13,"turns":3},{"damage":6,"enemies":"3 Louse","floor":14,"turns":2},{"damage":18,"enemies":"Slime Boss","floor":16,"turns":8},{"damage":38,"enemies":"Shell Parasite","floor":18,"turns":5},{"damage":16,"enemies":"Chosen","floor":20,"turns":4},{"damage":38,"enemies":"Slaver and Parasite","floor":24,"turns":5},{"damage":2,"enemies":"Sentry and Sphere","floor":28,"turns":3},{"damage":37,"enemies":"Slavers","floor":31,"turns":3},{"damage":103,"enemies":"Collector","floor":33,"turns":7}],"seed_played":"4813220906515848230","potions_obtained":[{"floor":1,"key":"EssenceOfSteel"},{"floor":5,"key":"SkillPotion"},{"floor":8,"key":"FearPotion"},{"floor":13,"key":"EntropicBrew"},{"floor":20,"key":"GamblersBrew"},{"floor":28,"key":"FearPotion"}],"is_trial":false,"path_per_floor":["M","M","?","$","M","R","?","M","T","R","M","M","M","M","R","B",null,"M","$","M","?","?","R","M","$","T","R","M","R","?","E","R"],"character_chosen":"IRONCLAD","items_purchased":["Anger","Limit Break","Battle Trance","Evolve","Flex"],"campfire_rested":3,"item_purchase_floors":[4,19,19,19,25],"current_hp_per_floor":[76,80,68,68,69,69,69,66,66,66,66,46,50,52,76,66,77,47,47,39,65,65,65,35,35,35,59,65,65,65,36,60,0],"gold":80,"neow_bonus":"THREE_CARDS","is_prod":false,"is_daily":false,"chose_seed":false,"campfire_upgraded":4,"win_rate":0,"timestamp":1532982669,"path_taken":["M","?","?","$","M","R","?","M","T","R","M","M","M","M","R","BOSS","M","$","M","?","?","R","M","$","T","R","M","R","?","E","R","BOSS"],"build_version":"2018-07-26","purchased_purges":2,"victory":false,"max_hp_per_floor":[80,80,80,80,80,80,80,80,80,80,80,80,80,80,80,80,80,80,80,80,80,80,80,80,80,80,80,80,80,80,80,80,80],"card_choices":[{"not_picked":["Sword Boomerang","Combust"],"picked":"Flame Barrier","floor":0},{"not_picked":["Wild Strike","Pommel Strike"],"picked":"Carnage","floor":1},{"not_picked":["Heavy Blade","Entrench"],"picked":"Spot Weakness","floor":2},{"not_picked":["Body Slam","Sword Boomerang"],"picked":"Heavy Blade","floor":5},{"not_picked":["True Grit","Fire Breathing"],"picked":"Pommel Strike","floor":8},{"not_picked":["Fiend Fire","Armaments"],"picked":"Cleave","floor":11},{"not_picked":["Iron Wave","Seeing Red"],"picked":"Heavy Blade","floor":12},{"not_picked":["Body Slam","Uppercut"],"picked":"Infernal Blade","floor":13},{"not_picked":["Havoc","Rupture"],"picked":"Clash","floor":14},{"not_picked":["Offering","Dark Embrace"],"picked":"Immolate","floor":16},{"not_picked":["Body Slam+1","Clothesline"],"picked":"Thunderclap+1","floor":18},{"not_picked":["Intimidate","Flex+1"],"picked":"Pummel","floor":20},{"not_picked":["Havoc","Cleave"],"picked":"Thunderclap+1","floor":24},{"not_picked":["Sword Boomerang+1","Bloodletting+1"],"picked":"Power Through+1","floor":28},{"not_picked":["Pummel+1","Pommel Strike"],"picked":"True Grit","floor":31}],"player_experience":1373387,"relics_obtained":[{"floor":9,"key":"War Paint"},{"floor":26,"key":"Art of War"},{"floor":31,"key":"Potion Belt"}],"event_choices":[{"event_name":"Scrap Ooze","player_choice":"success","floor":3,"damage_taken":12},{"event_name":"Golden Shrine","player_choice":"Pray","floor":7,"damage_taken":0},{"event_name":"The Library","player_choice":"Heal","floor":21,"damage_taken":0},{"event_name":"Forgotten Altar","player_choice":"Smashed Altar","floor":22,"damage_taken":0},{"event_name":"Drug Dealer","player_choice":"Ignored","floor":30,"damage_taken":0}],"is_beta":false,"boss_relics":[{"not_picked":["Tiny House","White Beast Statue"],"picked":"Velvet Choker"}],"items_purged_floors":[4,19],"is_endless":false,"potions_floor_spawned":[1,5,8,13,20,28],"killed_by":"Collector","ascension_level":9}