{"gold_per_floor":[111,111,111,123,143,143,176,176,176,176,187,362,362,374,374,374],"floor_reached":16,"playtime":721,"items_purged":[],"score":150,"play_id":"5d296710-c451-4b62-9ee6-9cd821b73a4e","local_time":"20180812215413","is_ascension_mode":true,"campfire_choices":[{"data":"Rage","floor":6,"key":"SMITH"},{"data":"Spot Weakness","floor":8,"key":"SMITH"},{"data":"Power Through","floor":13,"key":"SMITH"},{"floor":15,"key":"REST"}],"neow_cost":"NONE","seed_source_timestamp":7944371998344,"circlet_count":0,"master_deck":["Strike_R","Strike_R","Strike_R","Strike_R","Defend_R","Defend_R","Defend_R","Defend_R","Bash+1","AscendersBane","Flex","Rage+1","Power Through+1","Spot Weakness+1","Headbutt","Doubt","Clothesline"],"relics":["Burning Blood","Dodecahedron","Toxic Egg 2","Matryoshka"],"potions_floor_usage":[5,5,5,7,16,16],"damage_taken":[{"damage":6,"enemies":"2 Louse","floor":1,"turns":3},{"damage":6,"enemies":"Cultist","floor":4,"turns":3},{"damage":7,"enemies":"Jaw Worm","floor":5,"turns":2},{"damage":45,"enemies":"Lagavulin","floor":7,"turns":10},{"damage":16,"enemies":"Blue Slaver","floor":11,"turns":5},{"damage":10,"enemies":"Large Slime","floor":14,"turns":6},{"damage":67,"enemies":"Hexaghost","floor":16,"turns":14}],"seed_played":"-2303614646427295847","potions_obtained":[{"floor":4,"key":"EntropicBrew"},{"floor":11,"key":"SkillPotion"},{"floor":14,"key":"SteroidPotion"}],"is_trial":false,"path_per_floor":["M","?","?","M","M","R","E","R","T","T","M","?","R","M","R"],"character_chosen":"IRONCLAD","items_purchased":[],"campfire_rested":1,"item_purchase_floors":[],"current_hp_per_floor":[72,72,77,77,76,76,52,52,52,52,42,42,42,38,63,0],"gold":374,"neow_bonus":"REMOVE_CARD","is_prod":false,"is_daily":false,"chose_seed":false,"campfire_upgraded":3,"win_rate":0,"timestamp":1534125253,"path_taken":["M","?","?","M","M","R","E","R","T","?","M","?","R","M","R","BOSS"],"build_version":"2018-08-09","purchased_purges":0,"victory":false,"max_hp_per_floor":[80,80,85,85,85,85,85,85,85,85,85,85,85,85,85,85],"card_choices":[{"not_picked":["Warcry","Anger"],"picked":"Flex","floor":1},{"not_picked":["Iron Wave","Shrug It Off"],"picked":"Rage","floor":4},{"not_picked":["Seeing Red","Sword Boomerang"],"picked":"Power Through","floor":5},{"not_picked":["Thunderclap","Pummel"],"picked":"Spot Weakness","floor":7},{"not_picked":["Berserk","Wild Strike"],"picked":"Headbutt","floor":11},{"not_picked":["Rupture","Clash"],"picked":"Clothesline","floor":14}],"player_experience":1494587,"relics_obtained":[{"floor":7,"key":"Dodecahedron"},{"floor":9,"key":"Toxic Egg 2"},{"floor":10,"key":"Matryoshka"}],"event_choices":[{"event_name":"Upgrade Shrine","player_choice":"Upgraded","floor":2,"damage_taken":0},{"event_name":"Big Fish","player_choice":"Donut","floor":3,"damage_taken":0},{"event_name":"Liars Game","player_choice":"agreed","floor":12,"damage_taken":0}],"is_beta":false,"boss_relics":[],"items_purged_floors":[],"is_endless":false,"potions_floor_spawned":[4,11,14],"killed_by":"Hexaghost","ascension_level":10}