{"gold_per_floor":[110,125,88,98,110,167,179,179,179,197,227,238,265,284,284,386,386,403,304,319,99,115,140,140,40,40,40,58,68,68,93,93,195,195,211,122,122,134,153,187,187,201,201,201,201,201,218,218,218,218],"floor_reached":51,"playtime":2105,"items_purged":["Strike_R","Strike_R"],"score":864,"play_id":"116287d2-731c-428a-848a-533daa5c1632","local_time":"20181030140132","is_ascension_mode":true,"campfire_choices":[{"data":"Flame Barrier","floor":15,"key":"SMITH"},{"floor":24,"key":"REST"},{"data":"Limit Break","floor":30,"key":"SMITH"},{"data":"Demon Form","floor":32,"key":"SMITH"},{"floor":41,"key":"REST"},{"floor":46,"key":"REST"},{"floor":49,"key":"REST"}],"neow_cost":"NONE","seed_source_timestamp":858263383674313,"circlet_count":0,"master_deck":["Strike_R+1","Strike_R+1","Strike_R+1","Defend_R+1","Defend_R+1","Defend_R+1","Defend_R+1","Bash+1","Flame Barrier+1","Shockwave+1","Blood for Blood+1","Metallicize+1","Uppercut+1","Iron Wave+1","Ghostly Armor+1","Hemokinesis+1","Clothesline+1","Feed+1","Shrug It Off+1","Warcry+1","Limit Break+1","Shrug It Off+1","Pommel Strike+1","Demon Form+1","Bludgeon+1","Impervious+1","True Grit+1","Blind+1","Dropkick+1","Pain"],"relics":["Burning Blood","Centennial Puzzle","Mercury Hourglass","Bag of Preparation","Bottled Tornado","Mark of Pain","Vajra","PreservedInsect","Bird Faced Urn","Mummified Hand","Cursed Key","Regal Pillow","Boot","Mark of the Bloom"],"potions_floor_usage":[5,11,16,16,18,22,29,44,50,50],"damage_taken":[{"damage":2,"enemies":"2 Louse","floor":1,"turns":4},{"damage":7,"enemies":"Jaw Worm","floor":2,"turns":5},{"damage":0,"enemies":"Small Slimes","floor":4,"turns":4},{"damage":2,"enemies":"3 Louse","floor":5,"turns":3},{"damage":0,"enemies":"Large Slime","floor":7,"turns":5},{"damage":6,"enemies":"Exordium Thugs","floor":10,"turns":5},{"damage":17,"enemies":"Lagavulin","floor":11,"turns":5},{"damage":4,"enemies":"Blue Slaver","floor":12,"turns":3},{"damage":22,"enemies":"Gremlin Nob","floor":13,"turns":4},{"damage":3,"enemies":"Looter","floor":14,"turns":3},{"damage":54,"enemies":"Slime Boss","floor":16,"turns":11},{"damage":11,"enemies":"2 Thieves","floor":18,"turns":4},{"damage":3,"enemies":"Shell Parasite","floor":20,"turns":7},{"damage":8,"enemies":"Centurion and Healer","floor":22,"turns":7},{"damage":47,"enemies":"Gremlin Leader","floor":23,"turns":9},{"damage":12,"enemies":"Shelled Parasite and Fungi","floor":28,"turns":6},{"damage":7,"enemies":"Snake Plant","floor":29,"turns":4},{"damage":28,"enemies":"Slavers","floor":31,"turns":4},{"damage":44,"enemies":"Collector","floor":33,"turns":9},{"damage":7,"enemies":"Orb Walker","floor":35,"turns":2},{"damage":14,"enemies":"3 Darklings","floor":38,"turns":5},{"damage":10,"enemies":"Spire Growth","floor":39,"turns":4},{"damage":48,"enemies":"Giant Head","floor":40,"turns":7},{"damage":10,"enemies":"Writhing Mass","floor":42,"turns":5},{"damage":3,"enemies":"Maw","floor":44,"turns":2},{"damage":5,"enemies":"Transient","floor":47,"turns":5},{"damage":51,"enemies":"Donu and Deca","floor":50,"turns":9}],"seed_played":"3767636985528496870","potions_obtained":[{"floor":1,"key":"AttackPotion"},{"floor":10,"key":"Fire Potion"},{"floor":11,"key":"Dexterity Potion"},{"floor":13,"key":"Explosive Potion"},{"floor":16,"key":"Energy Potion"},{"floor":18,"key":"Explosive Potion"},{"floor":28,"key":"Energy Potion"},{"floor":29,"key":"SmokeBomb"},{"floor":40,"key":"Poison Potion"},{"floor":42,"key":"GamblersBrew"},{"floor":47,"key":"Explosive Potion"}],"is_trial":false,"path_per_floor":["M","M","$","M","M","?","M","?","T","M","E","M","E","M","R","B",null,"M","$","M","$","M","E","R","$","T","?","M","M","R","E","R","B",null,"M","$","?","M","M","E","R","M","T","M","?","R","M","?","R","B"],"character_chosen":"IRONCLAD","items_purchased":["Blood for Blood","Shrug It Off","Vajra","Limit Break","Blind"],"campfire_rested":4,"item_purchase_floors":[3,19,21,21,36],"current_hp_per_floor":[80,79,79,80,80,80,80,80,80,80,69,71,55,58,58,10,80,75,75,78,78,76,35,59,59,59,80,77,78,78,56,56,22,83,85,85,85,78,81,46,88,88,88,92,92,92,87,87,87,36],"gold":218,"neow_bonus":"RANDOM_COMMON_RELIC","is_prod":false,"is_daily":false,"chose_seed":false,"campfire_upgraded":3,"win_rate":0,"timestamp":1540926092,"path_taken":["M","M","$","M","M","?","M","?","T","M","E","M","E","M","R","BOSS","M","?","M","$","M","E","R","$","T","?","M","M","R","E","R","BOSS","M","$","?","M","M","E","R","M","T","M","?","R","M","?","R","BOSS"],"build_version":"2018-10-29v2","purchased_purges":2,"victory":true,"max_hp_per_floor":[80,80,80,80,80,80,80,80,80,80,80,80,80,80,80,80,80,80,80,80,80,80,80,80,80,80,80,83,83,83,83,83,83,83,86,86,86,86,89,92,92,92,92,92,92,92,92,92,92,92],"card_choices":[{"not_picked":["Body Slam","Infernal Blade"],"picked":"Flame Barrier","floor":1},{"not_picked":["Pummel","Battle Trance"],"picked":"Shockwave","floor":2},{"not_picked":["Perfected Strike","Flex"],"picked":"Metallicize","floor":4},{"not_picked":["Wild Strike","Seeing Red"],"picked":"Uppercut","floor":5},{"not_picked":["Anger","Wild Strike"],"picked":"Iron Wave","floor":7},{"not_picked":["Heavy Blade","Rupture"],"picked":"Ghostly Armor","floor":10},{"not_picked":["Second Wind","Cleave"],"picked":"Hemokinesis","floor":11},{"not_picked":["Burning Pact","Anger","Sword Boomerang"],"picked":"SKIP","floor":12},{"not_picked":["Burning Pact","Hemokinesis","Body Slam"],"picked":"SKIP","floor":13},{"not_picked":["Iron Wave","Evolve"],"picked":"Clothesline","floor":14},{"not_picked":["Offering","Juggernaut"],"picked":"Feed","floor":16},{"not_picked":["Thunderclap","Dropkick","Body Slam"],"picked":"SKIP","floor":18},{"not_picked":["Corruption","Perfected Strike"],"picked":"Warcry+1","floor":20},{"not_picked":["Feel No Pain","Headbutt","Sword Boomerang"],"picked":"SKIP","floor":22},{"not_picked":["Sword Boomerang","Clothesline"],"picked":"Shrug It Off+1","floor":23},{"not_picked":["Ghostly Armor","Shockwave"],"picked":"Pommel Strike+1","floor":28},{"not_picked":["Pommel Strike","Thunderclap"],"picked":"Demon Form","floor":29},{"not_picked":["Havoc","Clothesline+1"],"picked":"Bludgeon","floor":31},{"not_picked":["Juggernaut","Feed"],"picked":"Impervious","floor":33},{"not_picked":["Anger","Headbutt"],"picked":"True Grit","floor":35},{"not_picked":["Flex+1","Rage"],"picked":"Dropkick+1","floor":38},{"not_picked":["Exhume","Clothesline+1","Body Slam"],"picked":"SKIP","floor":39},{"not_picked":["Clothesline","Dropkick+1","Feel No Pain+1"],"picked":"SKIP","floor":40},{"not_picked":["Perfected Strike","Headbutt+1","Wild Strike"],"picked":"SKIP","floor":42},{"not_picked":["Berserk","Dual Wield+1"],"picked":"Metallicize","floor":47}],"player_experience":495974,"relics_obtained":[{"floor":9,"key":"Mercury Hourglass"},{"floor":11,"key":"Bag of Preparation"},{"floor":13,"key":"Bottled Tornado"},{"floor":23,"key":"PreservedInsect"},{"floor":26,"key":"Bird Faced Urn"},{"floor":31,"key":"Mummified Hand"},{"floor":40,"key":"Regal Pillow"},{"floor":43,"key":"Boot"}],"event_choices":[{"damage_healed":0,"gold_gain":57,"player_choice":"Gained Gold","damage_taken":0,"max_hp_gain":0,"max_hp_loss":0,"event_name":"Golden Wing","floor":6,"gold_loss":0},{"damage_healed":0,"gold_gain":0,"player_choice":"Grow","damage_taken":0,"max_hp_gain":0,"max_hp_loss":0,"event_name":"Living Wall","floor":8,"gold_loss":0,"cards_upgraded":["Uppercut"]},{"damage_healed":26,"gold_gain":0,"player_choice":"Heal","damage_taken":0,"max_hp_gain":0,"max_hp_loss":0,"event_name":"The Library","floor":27,"gold_loss":0},{"damage_healed":0,"gold_gain":0,"player_choice":"Ignored","damage_taken":0,"max_hp_gain":0,"max_hp_loss":0,"event_name":"Mysterious Sphere","floor":37,"gold_loss":0},{"damage_healed":0,"gold_gain":0,"player_choice":"Upgrade","damage_taken":0,"relics_obtained":["Mark of the Bloom"],"max_hp_gain":0,"max_hp_loss":0,"event_name":"MindBloom","floor":45,"gold_loss":0,"cards_upgraded":["Strike_R","Strike_R","Strike_R","Defend_R","Defend_R","Defend_R","Defend_R","Bash","Shockwave","Blood for Blood","Metallicize","Iron Wave","Ghostly Armor","Hemokinesis","Clothesline","Feed","Shrug It Off","Bludgeon","Impervious","True Grit","Blind"]},{"cards_removed":["Metallicize"],"damage_healed":0,"gold_gain":0,"player_choice":"Removed Power","damage_taken":0,"max_hp_gain":0,"max_hp_loss":0,"event_name":"Falling","floor":48,"gold_loss":0}],"is_beta":true,"boss_relics":[{"not_picked":["Fusion Hammer","Lizard Tail"],"picked":"Mark of Pain"},{"not_picked":["Coffee Dripper","Busted Crown"],"picked":"Cursed Key"}],"items_purged_floors":[19,25],"is_endless":false,"potions_floor_spawned":[1,10,11,13,16,18,28,29,40,42,47],"ascension_level":3}