{"gold_per_floor":[119,119,119,119,133,133,173,98,98,116,16,57,82,98,98,229,229,249,249,108,383,402,402,484,484,537,537,571,7,7,7,7,138,138,154,174,174,174,24,24,39,104,104,104,148,171,171,187,187,187,187,187,12,48,48],"floor_reached":56,"playtime":5669,"items_purged":["Defend_B","Strike_B","Regret","Dualcast","Strike_B"],"score":1244,"play_id":"d6e872c3-3da9-4d3e-8ead-e1a4a192129d","local_time":"20190206055253","is_ascension_mode":true,"campfire_choices":[{"floor":6,"key":"REST"},{"data":"Zap","floor":15,"key":"SMITH"},{"data":"Echo Form","floor":23,"key":"SMITH"},{"data":"Reboot","floor":25,"key":"SMITH"},{"data":"Self Repair","floor":27,"key":"SMITH"},{"data":"Conserve Battery","floor":32,"key":"SMITH"},{"floor":40,"key":"RECALL"},{"data":"Injury","floor":47,"key":"PURGE"},{"floor":49,"key":"REST"},{"data":"Strike_B","floor":52,"key":"PURGE"}],"neow_cost":"NONE","seed_source_timestamp":2433724056127067,"circlet_count":0,"master_deck":["Defend_B","Defend_B","Zap+1","Conserve Battery+1","Cold Snap","Self Repair+1","Hologram","Ball Lightning","Reboot+1","Gash+1","Gash","Echo Form+1","Coolheaded+1","Machine Learning","Hologram","Madness","Madness","Secret Technique","Skim","Defragment+1","Skim+1"],"relics":["Cracked Core","Sundial","Golden Idol","Kunai","Ornamental Fan","Centennial Puzzle","Sozu","Gremlin Horn","Potion Belt","PreservedInsect","Medical Kit","Pear","Cursed Key","Peace Pipe","Ice Cream","Letter Opener"],"potions_floor_usage":[7,16,22],"damage_taken":[{"damage":5,"enemies":"Small Slimes","floor":1,"turns":3},{"damage":0,"enemies":"2 Louse","floor":5,"turns":3},{"damage":9,"enemies":"Gremlin Nob","floor":7,"turns":3},{"damage":0,"enemies":"Cultist","floor":10,"turns":3},{"damage":9,"enemies":"Lagavulin","floor":12,"turns":7},{"damage":6,"enemies":"Exordium Wildlife","floor":13,"turns":4},{"damage":0,"enemies":"Blue Slaver","floor":14,"turns":5},{"damage":4,"enemies":"Slime Boss","floor":16,"turns":6},{"damage":6,"enemies":"2 Thieves","floor":18,"turns":4},{"damage":12,"enemies":"3 Byrds","floor":22,"turns":4},{"damage":25,"enemies":"Gremlin Leader","floor":28,"turns":7},{"damage":12,"enemies":"Automaton","floor":33,"turns":9},{"damage":0,"enemies":"3 Shapes","floor":35,"turns":6},{"damage":6,"enemies":"Orb Walker","floor":36,"turns":3},{"damage":3,"enemies":"Spire Growth","floor":41,"turns":5},{"damage":30,"enemies":"2 Orb Walkers","floor":42,"turns":5},{"damage":31,"enemies":"Reptomancer","floor":45,"turns":6},{"damage":13,"enemies":"Maw","floor":46,"turns":5},{"damage":5,"enemies":"Jaw Worm Horde","floor":48,"turns":5},{"damage":27,"enemies":"Donu and Deca","floor":50,"turns":9},{"damage":27,"enemies":"Shield and Spear","floor":54,"turns":6},{"damage":68,"enemies":"The Heart","floor":55,"turns":6}],"seed_played":"2796465306803456755","potions_obtained":[{"floor":5,"key":"Strength Potion"},{"floor":13,"key":"Fire Potion"},{"floor":16,"key":"PowerPotion"}],"is_trial":false,"path_per_floor":["M","?","?","?","M","R","E","$","T","M","$","E","M","M","R","B",null,"M","?","$","?","M","R","T","R","T","R","E","$","?","$","R","B",null,"M","M","?","?","$","R","M","?","T","?","E","M","R","M","R","B",null,"R","$","E","B",null],"character_chosen":"DEFECT","items_purchased":["Echo Form","Medical Kit","Pear"],"campfire_rested":2,"item_purchase_floors":[20,29,29],"current_hp_per_floor":[77,70,50,50,50,74,65,65,65,65,65,56,57,64,64,60,82,82,82,82,82,77,77,77,77,77,77,62,72,72,72,72,70,92,92,92,80,80,80,80,87,67,67,67,46,43,43,48,75,68,92,92,92,75,17],"gold":48,"neow_bonus":"TEN_PERCENT_HP_BONUS","is_prod":false,"is_daily":false,"chose_seed":false,"campfire_upgraded":5,"win_rate":0,"timestamp":1549453973,"path_taken":["M","?","?","?","M","R","E","$","T","?","$","E","M","M","R","BOSS","M","?","$","?","?","R","?","R","T","R","E","$","?","?","R","BOSS","M","M","?","?","$","R","M","?","T","?","E","M","R","M","R","BOSS","R","$","E","BOSS"],"build_version":"2019-01-23","purchased_purges":5,"victory":true,"max_hp_per_floor":[82,82,82,82,82,82,82,82,82,82,82,82,82,82,82,82,82,82,82,82,82,82,82,82,82,82,82,82,92,92,92,92,92,92,92,92,92,92,92,92,92,92,92,92,92,92,92,92,92,92,92,92,92,92,92],"card_choices":[{"not_picked":["Barrage","Auto Shields"],"picked":"Conserve Battery","floor":1},{"not_picked":["Steam","Beam Cell"],"picked":"Cold Snap","floor":5},{"not_picked":["Rebound","Redo","Turbo"],"picked":"SKIP","floor":7},{"not_picked":["Rebound","Streamline","Hello World"],"picked":"SKIP","floor":10},{"not_picked":["Storm","Hello World"],"picked":"Self Repair","floor":12},{"not_picked":["Barrage","Turbo"],"picked":"Hologram","floor":13},{"not_picked":["Force Field","Sweeping Beam"],"picked":"Ball Lightning","floor":14},{"not_picked":["Buffer","Multi-Cast"],"picked":"Reboot","floor":16},{"not_picked":["Reprogram","Cold Snap"],"picked":"Gash+1","floor":18},{"not_picked":["Undo","Compile Driver","Go for the Eyes"],"picked":"SKIP","floor":22},{"not_picked":["Double Energy","Compile Driver+1"],"picked":"Coolheaded+1","floor":28},{"not_picked":["Echo Form","Rainbow"],"picked":"Machine Learning","floor":33},{"not_picked":["Streamline+1","Steam","Reinforced Body"],"picked":"SKIP","floor":35},{"not_picked":["Recycle+1","Ball Lightning"],"picked":"Hologram","floor":36},{"not_picked":["Bandage Up","Forethought"],"picked":"Secret Technique","floor":38},{"not_picked":["Reinforced Body+1","Glacier"],"picked":"Skim","floor":41},{"not_picked":["Loop+1","Cold Snap+1"],"picked":"Defragment+1","floor":42},{"not_picked":["Rebound","Chill+1"],"picked":"Skim+1","floor":45},{"not_picked":["Streamline+1","Steam+1","Undo"],"picked":"SKIP","floor":46},{"not_picked":["Sweeping Beam","Stack","Cold Snap+1"],"picked":"SKIP","floor":48},{"not_picked":["Stack","Barrage","Amplify"],"picked":"SKIP","floor":54}],"player_experience":30507,"relics_obtained":[{"floor":7,"key":"Kunai"},{"floor":9,"key":"Ornamental Fan"},{"floor":12,"key":"Centennial Puzzle"},{"floor":24,"key":"Gremlin Horn"},{"floor":26,"key":"Potion Belt"},{"floor":28,"key":"PreservedInsect"},{"floor":42,"key":"Peace Pipe"},{"floor":45,"key":"Ice Cream"},{"floor":54,"key":"Letter Opener"}],"event_choices":[{"damage_healed":0,"gold_gain":0,"player_choice":"Success","damage_taken":7,"relics_obtained":["Sundial"],"max_hp_gain":0,"max_hp_loss":0,"event_name":"Scrap Ooze","floor":2,"gold_loss":0},{"damage_healed":0,"gold_gain":0,"player_choice":"Take Damage","damage_taken":20,"relics_obtained":["Golden Idol"],"max_hp_gain":0,"max_hp_loss":0,"event_name":"Golden Idol","floor":3,"gold_loss":0},{"cards_removed":["Strike_B"],"damage_healed":0,"gold_gain":0,"player_choice":"Offered Basic","damage_taken":0,"max_hp_gain":0,"max_hp_loss":0,"event_name":"Bonfire Elementals","floor":4,"gold_loss":0},{"damage_healed":0,"gold_gain":0,"player_choice":"Read","damage_taken":0,"max_hp_gain":0,"max_hp_loss":0,"event_name":"The Library","floor":19,"gold_loss":0,"cards_obtained":["Gash"]},{"damage_healed":0,"gold_gain":275,"player_choice":"Desecrate","damage_taken":0,"max_hp_gain":0,"max_hp_loss":0,"event_name":"Golden Shrine","floor":21,"gold_loss":0,"cards_obtained":["Regret"]},{"damage_healed":0,"gold_gain":0,"player_choice":"Ignored","damage_taken":0,"max_hp_gain":0,"max_hp_loss":0,"event_name":"Vampires","floor":30,"gold_loss":0},{"damage_healed":0,"gold_gain":0,"player_choice":"Embrace Madness","damage_taken":12,"max_hp_gain":0,"max_hp_loss":0,"event_name":"Winding Halls","floor":37,"gold_loss":0,"cards_obtained":["Madness","Madness"]},{"damage_healed":0,"gold_gain":0,"player_choice":"Memory 1","damage_taken":0,"max_hp_gain":0,"max_hp_loss":0,"event_name":"SensoryStone","floor":38,"gold_loss":0},{"damage_healed":0,"gold_gain":0,"player_choice":"Fight","damage_taken":0,"max_hp_gain":0,"max_hp_loss":0,"event_name":"Mysterious Sphere","floor":42,"gold_loss":0},{"cards_removed":["Defend_B"],"damage_healed":0,"gold_gain":0,"player_choice":"Removed Skill","damage_taken":0,"max_hp_gain":0,"max_hp_loss":0,"event_name":"Falling","floor":44,"gold_loss":0}],"is_beta":true,"boss_relics":[{"not_picked":["Orrery","Empty Cage"],"picked":"Sozu"},{"not_picked":["Eternal Feather","Tiny House"],"picked":"Cursed Key"}],"items_purged_floors":[8,11,29,39,53],"is_endless":false,"potions_floor_spawned":[5,13,16,28,35,42,45],"ascension_level":1}