{"gold_per_floor":[147,163,175,175,175,175,100,100,182,182,212,212,2,13,13,88,88,108,123,123,23,293,293,32,45,71,89,89,89,108,128,128,205,205,215,51,51,62,62,62],"floor_reached":40,"playtime":1436,"items_purged":["Strike_B","Strike_B","Strike_B"],"score":774,"play_id":"7541923f-0cb1-4e6c-a648-e442223c8842","local_time":"20190210183023","is_ascension_mode":true,"campfire_choices":[{"data":"Zap","floor":6,"key":"SMITH"},{"data":"Streamline","floor":8,"key":"SMITH"},{"floor":10,"key":"REST"},{"data":"Go for the Eyes","floor":15,"key":"SMITH"},{"floor":23,"key":"REST"},{"floor":29,"key":"REST"},{"floor":32,"key":"REST"}],"neow_cost":"NONE","seed_source_timestamp":1605619556612998,"circlet_count":0,"master_deck":["AscendersBane","Defend_B","Defend_B","Zap+1","Dualcast","Streamline+1","Gash","Gash","Melter","Go for the Eyes+1","Hyperbeam","Gash","Self Repair","Echo Form","Leap","Gash","Auto Shields","Scrape","Double Energy"],"relics":["Cracked Core","Tiny Chest","Darkstone Periapt","Cables","Bag of Preparation","ClockworkSouvenir","Velvet Choker","Mango","Bronze Scales","Sozu"],"potions_floor_usage":[16,27,27,33,38],"damage_taken":[{"damage":2,"enemies":"Cultist","floor":1,"turns":4},{"damage":0,"enemies":"2 Louse","floor":2,"turns":2},{"damage":8,"enemies":"Small Slimes","floor":3,"turns":3},{"damage":15,"enemies":"3 Sentries","floor":11,"turns":7},{"damage":7,"enemies":"Exordium Thugs","floor":14,"turns":3},{"damage":33,"enemies":"Hexaghost","floor":16,"turns":8},{"damage":12,"enemies":"2 Thieves","floor":18,"turns":3},{"damage":2,"enemies":"Chosen","floor":19,"turns":3},{"damage":23,"enemies":"Shelled Parasite and Fungi","floor":25,"turns":4},{"damage":8,"enemies":"Cultist and Chosen","floor":27,"turns":4},{"damage":8,"enemies":"Chosen and Byrds","floor":30,"turns":4},{"damage":8,"enemies":"Snecko","floor":31,"turns":4},{"damage":67,"enemies":"Champ","floor":33,"turns":12},{"damage":18,"enemies":"3 Darklings","floor":35,"turns":4},{"damage":7,"enemies":"Orb Walker","floor":38,"turns":2},{"damage":53,"enemies":"Maw","floor":40,"turns":4}],"seed_played":"9053841578597169471","potions_obtained":[{"floor":1,"key":"Ancient Potion"},{"floor":11,"key":"Energy Potion"},{"floor":19,"key":"PowerPotion"},{"floor":31,"key":"GamblersBrew"},{"floor":33,"key":"Block Potion"}],"is_trial":false,"path_per_floor":["M","M","M","?","?","R","$","R","T","R","E","T","$","M","R","B",null,"M","M","T","$","?","R","$","M","T","M","?","R","M","M","R","B",null,"M","$","?","M","?","M"],"character_chosen":"DEFECT","items_purchased":["ClockworkSouvenir","Gash","Self Repair","Auto Shields","Scrape"],"campfire_rested":4,"item_purchase_floors":[13,24,24,36,36],"current_hp_per_floor":[62,62,54,54,47,47,47,47,47,68,53,53,53,46,46,13,57,45,43,57,57,25,50,50,27,27,19,19,44,43,49,74,14,67,49,49,49,42,42,0],"gold":62,"neow_bonus":"RANDOM_COMMON_RELIC","is_prod":false,"is_daily":false,"chose_seed":false,"campfire_upgraded":3,"win_rate":0,"timestamp":1549845023,"path_taken":["M","M","?","?","?","R","$","R","T","R","E","?","$","M","R","BOSS","M","M","?","$","?","R","$","M","T","?","?","R","M","M","R","BOSS","M","$","?","?","?","M"],"build_version":"2019-02-06","purchased_purges":3,"victory":false,"max_hp_per_floor":[71,71,71,71,71,71,71,71,71,71,71,71,71,71,71,71,71,71,71,85,85,85,85,85,85,85,85,85,85,85,85,85,85,85,85,85,85,85,85,85],"card_choices":[{"not_picked":["Leap","Barrage"],"picked":"Streamline","floor":1},{"not_picked":["Compile Driver","Streamline"],"picked":"Gash","floor":2},{"not_picked":["Stack","Streamline"],"picked":"Gash","floor":3},{"not_picked":["Barrage","Hologram"],"picked":"Melter","floor":11},{"not_picked":["Beam Cell","Sunder"],"picked":"Go for the Eyes","floor":14},{"not_picked":["Amplify","Thunder Strike"],"picked":"Hyperbeam","floor":16},{"not_picked":["Compile Driver","Turbo","Cold Snap"],"picked":"SKIP","floor":18},{"not_picked":["Doom and Gloom","Conserve Battery","Undo"],"picked":"SKIP","floor":19},{"not_picked":["Doom and Gloom","Conserve Battery","Undo"],"picked":"SKIP","floor":19},{"not_picked":["Fusion","Defragment","Coolheaded"],"picked":"SKIP","floor":25},{"not_picked":["Coolheaded","Barrage"],"picked":"Echo Form","floor":27},{"not_picked":["Ball Lightning","Doom and Gloom"],"picked":"Leap","floor":30},{"not_picked":["Compile Driver","Hologram","White Noise"],"picked":"SKIP","floor":31},{"not_picked":["Cold Snap+1","Steam"],"picked":"Gash","floor":35},{"not_picked":["FTL+1","Ball Lightning","Barrage"],"picked":"SKIP","floor":38}],"player_experience":795700,"relics_obtained":[{"floor":9,"key":"Darkstone Periapt"},{"floor":11,"key":"Cables"},{"floor":12,"key":"Bag of Preparation"},{"floor":20,"key":"Mango"},{"floor":26,"key":"Bronze Scales"}],"event_choices":[{"damage_healed":0,"gold_gain":0,"player_choice":"Ignored","damage_taken":0,"max_hp_gain":0,"max_hp_loss":0,"event_name":"Liars Game","floor":4,"gold_loss":0},{"cards_removed":["Strike_B"],"damage_healed":0,"gold_gain":0,"player_choice":"Card Removal","damage_taken":7,"max_hp_gain":0,"max_hp_loss":0,"event_name":"Golden Wing","floor":5,"gold_loss":0},{"damage_healed":0,"gold_gain":270,"player_choice":"GOLD GOLD GOLD ","damage_taken":32,"max_hp_gain":0,"max_hp_loss":0,"event_name":"Knowing Skull","floor":22,"potions_obtained":[],"gold_loss":0,"cards_obtained":[]},{"damage_healed":0,"gold_gain":0,"player_choice":"Ignored","damage_taken":0,"max_hp_gain":0,"max_hp_loss":0,"event_name":"Cursed Tome","floor":28,"gold_loss":0},{"cards_removed":["Defend_B"],"damage_healed":0,"gold_gain":0,"player_choice":"Purged","damage_taken":0,"max_hp_gain":0,"max_hp_loss":0,"event_name":"Purifier","floor":37,"gold_loss":0},{"damage_healed":0,"gold_gain":0,"cards_transformed":["Defend_B"],"player_choice":"Transformed","damage_taken":0,"max_hp_gain":0,"max_hp_loss":0,"event_name":"Transmorgrifier","floor":39,"gold_loss":0,"cards_obtained":["Double Energy"]}],"is_beta":true,"boss_relics":[{"not_picked":["White Beast Statue","Astrolabe"],"picked":"Velvet Choker"},{"not_picked":["Cursed Key","FrozenCore"],"picked":"Sozu"}],"items_purged_floors":[7,21,24],"is_endless":false,"potions_floor_spawned":[1,11,14,19,25,31,33,35],"killed_by":"Maw","ascension_level":19}