{"path_per_floor":["M","?","$","?","M","R","M","M","T","$","M","?","M","M","R","B",null,"M","?","?","$","M","R","?","R","T","M","M","R","M","$","R","B",null,"M"],"character_chosen":"DEFECT","items_purchased":["Storm","Coolheaded","Doom and Gloom","Whetstone"],"gold_per_floor":[113,113,38,38,57,57,71,84,153,73,89,89,105,125,125,229,229,249,249,348,248,262,262,262,262,262,272,290,290,308,22,22,125,125,137,137],"floor_reached":36,"campfire_rested":4,"playtime":1862,"item_purchase_floors":[10,31,31,31],"current_hp_per_floor":[73,66,66,71,71,71,70,69,69,69,44,44,26,10,34,27,80,43,43,43,43,40,64,64,64,64,64,65,80,20,20,44,40,80,53,0],"items_purged":["Strike_B","Strike_B","Reboot"],"gold":137,"score":427,"play_id":"c93a76af-9de9-41db-8dd8-0864c4b03ed5","local_time":"20180615104614","is_prod":false,"is_daily":false,"chose_seed":false,"is_ascension_mode":true,"campfire_upgraded":2,"win_rate":0,"timestamp":1529073974,"campfire_choices":[{"data":"Consume","floor":6,"key":"SMITH"},{"floor":15,"key":"REST"},{"floor":23,"key":"REST"},{"data":"Buffer","floor":25,"key":"SMITH"},{"floor":29,"key":"REST"},{"floor":32,"key":"REST"}],"path_taken":["M","?","$","?","M","R","M","M","T","$","M","?","?","M","R","BOSS","M","?","?","$","M","R","?","R","T","?","M","R","M","$","R","BOSS","M","?"],"build_version":"2018-06-14v2","seed_source_timestamp":111460883942548,"purchased_purges":3,"victory":false,"master_deck":["Defend_B","Defend_B","Defend_B","Defend_B","Zap","Dualcast","Cold Snap+1","Consume+1","Coolheaded","Defragment","Storm","Defragment","Redo","Self Repair","Buffer+1","Streamline+1","Static Discharge","Self Repair","Coolheaded","Doom and Gloom+1","Electrodynamics","Blizzard"],"max_hp_per_floor":[75,75,75,80,80,80,80,80,80,80,80,80,80,80,80,80,80,80,80,80,80,80,80,80,80,80,80,80,80,80,80,80,80,80,80,80],"relics":["Cracked Core","Shuriken","Inserter","Smiling Mask","Whetstone","Nuclear Battery"],"card_choices":[{"not_picked":["Stack","Hologram"],"picked":"Cold Snap","floor":1},{"not_picked":["Rip and Tear","Beam Cell"],"picked":"Consume","floor":5},{"not_picked":["Steam","Cold Snap"],"picked":"Coolheaded","floor":7},{"not_picked":["Sunder","Streamline"],"picked":"Defragment","floor":8},{"not_picked":["Leap","Creative AI"],"picked":"Defragment","floor":11},{"not_picked":["Sweeping Beam","Rebound"],"picked":"Redo","floor":13},{"not_picked":["Hologram","Defragment"],"picked":"Self Repair","floor":14},{"not_picked":["Meteor Strike","Amplify"],"picked":"Buffer","floor":16},{"not_picked":["Sweeping Beam","Recycle"],"picked":"Streamline+1","floor":18},{"not_picked":["Stack+1","Reprogram","Streamline"],"picked":"SKIP","floor":22},{"not_picked":["Rebound","Recycle","Conserve Battery"],"picked":"SKIP","floor":27},{"not_picked":["Gash","Chaos"],"picked":"Self Repair","floor":28},{"not_picked":["Sweeping Beam","Compile Driver","Streamline"],"picked":"SKIP","floor":30},{"not_picked":["Reboot","Creative AI"],"picked":"Electrodynamics","floor":33},{"not_picked":["Rip and Tear+1","Stack+1"],"picked":"Blizzard","floor":35}],"player_experience":571635,"potions_floor_usage":[16,16,16,16,16,16,33],"damage_taken":[{"damage":2,"enemies":"Jaw Worm","floor":1,"turns":3},{"damage":0,"enemies":"Small Slimes","floor":5,"turns":2},{"damage":1,"enemies":"2 Louse","floor":7,"turns":2},{"damage":1,"enemies":"Exordium Wildlife","floor":8,"turns":4},{"damage":25,"enemies":"Lots of Slimes","floor":11,"turns":6},{"damage":18,"enemies":"Looter","floor":13,"turns":3},{"damage":16,"enemies":"Blue Slaver","floor":14,"turns":3},{"damage":7,"enemies":"Hexaghost","floor":16,"turns":6},{"damage":44,"enemies":"Shell Parasite","floor":18,"turns":6},{"damage":10,"enemies":"Spheric Guardian","floor":22,"turns":5},{"damage":7,"enemies":"Centurion and Healer","floor":27,"turns":11},{"damage":6,"enemies":"Chosen and Byrds","floor":28,"turns":6},{"damage":74,"enemies":"3 Cultists","floor":30,"turns":5},{"damage":11,"enemies":"Automaton","floor":33,"turns":14},{"damage":41,"enemies":"3 Darklings","floor":35,"turns":4},{"damage":53,"floor":36,"turns":4}],"relics_obtained":[{"floor":9,"key":"Shuriken"},{"floor":26,"key":"Smiling Mask"}],"event_choices":[{"event_name":"Golden Wing","player_choice":"Card Removal","floor":2,"damage_taken":0},{"event_name":"Big Fish","player_choice":"Donut","floor":4,"damage_taken":0},{"event_name":"Living Wall","player_choice":"Forget","floor":12,"damage_taken":0},{"event_name":"Vampires","player_choice":"Ignored","floor":19,"damage_taken":0},{"event_name":"Nest","player_choice":"Stole From Cult","floor":20,"damage_taken":0},{"event_name":"The Library","player_choice":"Read","floor":24,"damage_taken":0},{"event_name":"Mysterious Sphere","player_choice":"Fight","floor":36,"damage_taken":0}],"boss_relics":[{"not_picked":["Calling Bell","Runic Pyramid"],"picked":"Inserter"},{"not_picked":["Orrery","Eternal Feather"],"picked":"Nuclear Battery"}],"items_purged_floors":[3,21,31],"is_endless":false,"potions_floor_spawned":[5,7,8,11,16,22,27,35],"seed_played":"16476575112737702","ascension_level":4,"potions_obtained":[{"floor":5,"key":"FocusPotion"},{"floor":7,"key":"EntropicBrew"},{"floor":8,"key":"Poison Potion"},{"floor":16,"key":"EssenceOfSteel"},{"floor":22,"key":"Swift Potion"},{"floor":27,"key":"FearPotion"},{"floor":35,"key":"EssenceOfSteel"}],"is_trial":false}