{"gold_per_floor":[112,73,73,73,73,73,89,117,117,128,128,146,17,17,17,146,146,167,42,65,80,96,96,109,109,109,125,125,70,70,95,95,223,223,242,342,363,34,0,0,43,99,99,99,122,137,137,150,150,150],"floor_reached":51,"playtime":3349,"items_purged":["Strike_G"],"score":832,"play_id":"48948f7d-80ae-4728-a5eb-0d118c36bb81","local_time":"20180626161207","is_ascension_mode":true,"campfire_choices":[{"data":"Neutralize","floor":6,"key":"SMITH"},{"floor":15,"key":"REST"},{"floor":23,"key":"REST"},{"floor":32,"key":"REST"},{"floor":40,"key":"REST"},{"floor":44,"key":"REST"},{"floor":49,"key":"REST"}],"neow_cost":"NONE","seed_source_timestamp":157642721862179,"circlet_count":0,"master_deck":["Defend_G","Defend_G","Defend_G","Defend_G","Defend_G","Strike_G","Strike_G","Survivor","Neutralize+1","Dodge and Roll+1","Accuracy","Quick Slash","Footwork","Infinite Blades","Backstab","After Image","Poisoned Stab","After Image","Riddle With Holes","Backflip","Accuracy+1","Terror","Storm of Steel","Blade Dance","Leg Sweep","Escape Plan","Accuracy","Infinite Blades","Terror","Blade Dance+1","Doubt"],"relics":["Ring of the Snake","NeowsBlessing","Kunai","Shuriken","The Courier","Golden Idol","Cursed Key","Pen Nib","Tiny Chest","Lizard Tail","Lantern","Red Mask","Bottled Tornado","Ginger","Blood Vial"],"potions_floor_usage":[16,16,16,21,33,50,50,50],"damage_taken":[{"damage":0,"enemies":"Small Slimes","floor":1,"turns":1},{"damage":0,"enemies":"Cultist","floor":7,"turns":1},{"damage":0,"enemies":"Lagavulin","floor":8,"turns":1},{"damage":4,"enemies":"2 Louse","floor":10,"turns":3},{"damage":7,"enemies":"Exordium Wildlife","floor":12,"turns":5},{"damage":9,"enemies":"Hexaghost","floor":16,"turns":9},{"damage":3,"enemies":"Chosen","floor":18,"turns":8},{"damage":6,"enemies":"2 Thieves","floor":20,"turns":4},{"damage":22,"enemies":"Snecko","floor":21,"turns":7},{"damage":23,"enemies":"Snake Plant","floor":22,"turns":6},{"damage":4,"enemies":"Cultist and Chosen","floor":24,"turns":6},{"damage":0,"enemies":"Chosen and Byrds","floor":27,"turns":7},{"damage":15,"enemies":"Snake Plant","floor":31,"turns":6},{"damage":38,"enemies":"Collector","floor":33,"turns":10},{"damage":7,"enemies":"3 Shapes","floor":35,"turns":4},{"damage":13,"enemies":"Orb Walker","floor":37,"turns":3},{"damage":18,"enemies":"Nemesis","floor":41,"turns":5},{"damage":20,"floor":42,"turns":5},{"damage":0,"enemies":"Maw","floor":45,"turns":6},{"damage":5,"enemies":"Sphere and 2 Shapes","floor":46,"turns":5},{"damage":32,"enemies":"3 Darklings","floor":48,"turns":6},{"damage":69,"enemies":"Donu and Deca","floor":50,"turns":10}],"seed_played":"-1782172729038803694","potions_obtained":[{"floor":8,"key":"FearPotion"},{"floor":10,"key":"Regen Potion"},{"floor":11,"key":"EssenceOfSteel"},{"floor":12,"key":"LiquidBronze"},{"floor":18,"key":"Regen Potion"},{"floor":21,"key":"GhostInAJar"},{"floor":31,"key":"FearPotion"},{"floor":35,"key":"Block Potion"},{"floor":41,"key":"Energy Potion"},{"floor":48,"key":"EssenceOfSteel"}],"is_trial":false,"path_per_floor":["M","$","?","?","?","R","M","E","T","M","?","M","$","?","R","B",null,"M","$","M","M","M","R","M","?","T","M","?","?","?","M","R","B",null,"M","?","M","$","?","R","E","?","T","R","M","M","T","M","R","B"],"character_chosen":"THE_SILENT","items_purchased":["Accuracy","After Image","Poisoned Stab","Pen Nib","Lantern","Escape Plan","Accuracy","Infinite Blades"],"campfire_rested":6,"item_purchase_floors":[2,13,13,19,38,38,38,38],"current_hp_per_floor":[70,70,70,63,63,63,63,63,63,59,59,52,52,35,56,62,70,67,67,61,44,21,42,38,38,38,38,38,38,38,23,44,6,70,63,63,50,50,50,70,52,32,32,53,53,48,48,18,39,17],"gold":150,"neow_bonus":"THREE_ENEMY_KILL","is_prod":false,"is_daily":false,"chose_seed":false,"campfire_upgraded":1,"win_rate":0,"timestamp":1530043927,"path_taken":["M","$","?","?","?","R","M","E","T","M","?","?","$","?","R","BOSS","M","$","M","M","M","R","M","?","T","?","?","?","?","M","R","BOSS","M","?","M","$","?","R","E","?","T","R","M","M","?","M","R","BOSS"],"build_version":"2018-06-21v2","purchased_purges":1,"victory":true,"max_hp_per_floor":[70,70,70,70,70,70,70,70,70,70,70,70,70,70,70,70,70,70,70,70,70,70,70,70,70,70,70,70,70,70,70,70,70,70,70,70,70,70,70,70,70,70,70,70,70,70,70,70,70,70],"card_choices":[{"not_picked":["Outmaneuver","Slice"],"picked":"Dodge and Roll","floor":1},{"not_picked":["Bane","Endless Agony"],"picked":"Quick Slash","floor":7},{"not_picked":["Acrobatics","Setup"],"picked":"Footwork","floor":8},{"not_picked":["Skewer","Sucker Punch"],"picked":"Infinite Blades","floor":10},{"not_picked":["Acrobatics","Underhanded Strike"],"picked":"Backstab","floor":12},{"not_picked":["A Thousand Cuts","Grand Finale"],"picked":"After Image","floor":16},{"not_picked":["Concentrate","Sucker Punch+1"],"picked":"Riddle With Holes","floor":18},{"not_picked":["PiercingWail","Flying Knee+1"],"picked":"Backflip","floor":20},{"not_picked":["Finisher+1","Phantasmal Killer","Sucker Punch+1"],"picked":"SKIP","floor":21},{"not_picked":["PiercingWail","Skewer"],"picked":"Accuracy+1","floor":22},{"not_picked":["Bane","Underhanded Strike","Quick Slash+1"],"picked":"SKIP","floor":24},{"not_picked":["Calculated Gamble","Flechettes+1","Outmaneuver"],"picked":"SKIP","floor":27},{"not_picked":["Acrobatics","Flying Knee"],"picked":"Terror","floor":31},{"not_picked":["Night Terror","Corpse Explosion"],"picked":"Storm of Steel","floor":33},{"not_picked":["Deadly Poison","Backflip+1"],"picked":"Blade Dance","floor":35},{"not_picked":["Underhanded Strike+1","Setup"],"picked":"Leg Sweep","floor":37},{"not_picked":["Endless Agony+1","Prepared+1","Phantasmal Killer"],"picked":"SKIP","floor":41},{"not_picked":["Prepared","PiercingWail"],"picked":"Terror","floor":45},{"not_picked":["Slice","Dagger Throw"],"picked":"Blade Dance+1","floor":46},{"not_picked":["Dagger Spray","Acrobatics","Dodge and Roll"],"picked":"SKIP","floor":48}],"player_experience":798244,"relics_obtained":[{"floor":8,"key":"Shuriken"},{"floor":9,"key":"The Courier"},{"floor":41,"key":"Bottled Tornado"},{"floor":42,"key":"Ginger"},{"floor":47,"key":"Blood Vial"}],"event_choices":[{"event_name":"Bonfire Elementals","player_choice":"BASIC","floor":3,"damage_taken":0},{"event_name":"Scrap Ooze","player_choice":"success","floor":4,"damage_taken":7},{"event_name":"Upgrade Shrine","player_choice":"Upgraded","floor":5,"damage_taken":0},{"event_name":"The Lab","player_choice":"Got Potions","floor":11,"damage_taken":0},{"event_name":"Golden Idol","player_choice":"Take Damage","floor":14,"damage_taken":0},{"event_name":"Ghosts","player_choice":"Ignored","floor":25,"damage_taken":0},{"event_name":"Purifier","player_choice":"One Purge","floor":28,"damage_taken":0},{"event_name":"Addict","player_choice":"Obtained Relic","floor":29,"damage_taken":0},{"event_name":"Beggar","player_choice":"Ignored","floor":30,"damage_taken":0},{"event_name":"Golden Shrine","player_choice":"Pray","floor":36,"damage_taken":0},{"event_name":"Tomb of Lord Red Mask","player_choice":"Paid","floor":39,"damage_taken":0},{"event_name":"Mysterious Sphere","player_choice":"Fight","floor":42,"damage_taken":0}],"boss_relics":[{"not_picked":["Coffee Dripper","Orrery"],"picked":"Cursed Key"},{"not_picked":["Busted Crown","Velvet Choker"],"picked":"Lizard Tail"}],"items_purged_floors":[38],"is_endless":false,"potions_floor_spawned":[8,10,12,18,21,31,35,41,42,48],"ascension_level":4}