{"path_per_floor":["M","M","?","?","M","R","$","?","T","R","M","E","$","M","R","B",null,"M","?","M","M","$","R","E"],"character_chosen":"DEFECT","items_purchased":["Chill","BootSequence","Static Discharge","War Paint","Cold Snap"],"gold_per_floor":[109,121,121,196,211,211,65,15,67,67,78,111,34,48,48,146,146,158,257,268,285,8,8,36,36],"floor_reached":25,"campfire_rested":2,"playtime":1609,"item_purchase_floors":[7,7,13,22,22],"current_hp_per_floor":[80,75,80,69,72,72,72,72,72,72,81,31,31,37,63,56,87,80,80,78,55,55,81,62,0],"items_purged":["Strike_B"],"gold":36,"score":265,"play_id":"7b3e96d4-5ab7-4b4b-ba66-8386f589e209","local_time":"20180615115033","is_prod":false,"is_daily":false,"chose_seed":false,"is_ascension_mode":true,"campfire_upgraded":2,"win_rate":0,"timestamp":1529077833,"campfire_choices":[{"data":"Zap","floor":6,"key":"SMITH"},{"data":"Chill","floor":10,"key":"SMITH"},{"floor":15,"key":"REST"},{"floor":23,"key":"REST"}],"path_taken":["M","M","?","?","?","R","$","?","T","R","M","E","?","M","R","BOSS","M","?","?","M","$","R","E","M"],"build_version":"2018-06-14v2","seed_source_timestamp":115553411848536,"purchased_purges":1,"victory":false,"master_deck":["Defend_B","Defend_B","Defend_B","Defend_B","Zap+1","Dualcast","Self Repair","Cold Snap","Capacitor","Chill+1","BootSequence","Redo+1","Consume","Static Discharge","Thunder Strike","Cold Snap","Glacier+1","Coolheaded+1","Cold Snap","Heatsinks+1"],"max_hp_per_floor":[82,82,87,87,87,87,87,87,87,87,87,87,87,87,87,87,87,87,87,87,87,87,87,87,87],"relics":["Cracked Core","Blood Vial","Darkstone Periapt","Empty Cage","War Paint","Kunai"],"card_choices":[{"not_picked":["Steam Power","Hello World"],"picked":"Self Repair","floor":1},{"not_picked":["Steam Power","Stack"],"picked":"Cold Snap","floor":2},{"not_picked":["Barrage","Stack"],"picked":"Capacitor","floor":5},{"not_picked":["Stack","Streamline"],"picked":"Redo","floor":11},{"not_picked":["Storm","Genetic Algorithm"],"picked":"Consume","floor":12},{"not_picked":["Hologram","Fusion","Skim"],"picked":"SKIP","floor":14},{"not_picked":["Hyperbeam","Biased Cognition"],"picked":"Thunder Strike","floor":16},{"not_picked":["Steam","Rebound"],"picked":"Cold Snap","floor":18},{"not_picked":["Beam Cell","Sweeping Beam+1"],"picked":"Glacier","floor":20},{"not_picked":["Rebound","Redo"],"picked":"Coolheaded+1","floor":21},{"not_picked":["FTL","Capacitor"],"picked":"Heatsinks+1","floor":24}],"player_experience":574964,"potions_floor_usage":[11,16,20,21,24],"damage_taken":[{"damage":2,"enemies":"2 Louse","floor":1,"turns":2},{"damage":12,"enemies":"Jaw Worm","floor":2,"turns":3},{"damage":4,"enemies":"Cultist","floor":5,"turns":3},{"damage":0,"enemies":"Large Slime","floor":11,"turns":7},{"damage":59,"enemies":"Gremlin Nob","floor":12,"turns":6},{"damage":3,"enemies":"3 Louse","floor":14,"turns":4},{"damage":31,"enemies":"The Guardian","floor":16,"turns":11},{"damage":14,"enemies":"3 Byrds","floor":18,"turns":5},{"damage":11,"enemies":"Spheric Guardian","floor":20,"turns":5},{"damage":32,"enemies":"Snecko","floor":21,"turns":7},{"damage":28,"enemies":"Book of Stabbing","floor":24,"turns":7},{"damage":69,"enemies":"Cultist and Chosen","floor":25,"turns":7}],"relics_obtained":[{"floor":9,"key":"Blood Vial"},{"floor":12,"key":"Darkstone Periapt"},{"floor":24,"key":"Kunai"}],"event_choices":[{"event_name":"Big Fish","player_choice":"Donut","floor":3,"damage_taken":0},{"event_name":"World of Goop","player_choice":"Gather Gold","floor":4,"damage_taken":0},{"event_name":"The Cleric","player_choice":"Card Removal","floor":8,"damage_taken":0},{"event_name":"Nest","player_choice":"Stole From Cult","floor":19,"damage_taken":0}],"boss_relics":[{"not_picked":["Astrolabe","Runic Dome"],"picked":"Empty Cage"}],"items_purged_floors":[22],"is_endless":false,"potions_floor_spawned":[1,12,16,18,20],"seed_played":"-5804440644770239818","killed_by":"Cultist and Chosen","ascension_level":4,"potions_obtained":[{"floor":1,"key":"EssenceOfSteel"},{"floor":12,"key":"Regen Potion"},{"floor":16,"key":"FocusPotion"},{"floor":18,"key":"Dexterity Potion"},{"floor":20,"key":"Explosive Potion"}],"is_trial":false}