{"gold_per_floor":[109,125,100,111,111,111,130,147,147,163,45,45,77,88,88,184,184,203,221,235,16,16,16,43,57,82,82,94,108,108,126,126,225,225,241,9,22,33,33,61,61,81,81,96,116,126,126,138,138,138],"floor_reached":50,"playtime":8749,"items_purged":["Writhe"],"score":554,"play_id":"92d5e675-0687-4a2b-9b3a-a33d071d1955","local_time":"20190103150554","is_ascension_mode":false,"campfire_choices":[{"data":"Skewer","floor":6,"key":"SMITH"},{"floor":12,"key":"REST"},{"floor":15,"key":"REST"},{"data":"Caltrops","floor":23,"key":"SMITH"},{"data":"PiercingWail","floor":27,"key":"SMITH"},{"floor":30,"key":"REST"},{"floor":32,"key":"REST"},{"data":"Night Terror","floor":41,"key":"SMITH"},{"floor":47,"key":"REST"},{"floor":49,"key":"REST"}],"neow_cost":"CURSE","seed_source_timestamp":1129253888254622,"circlet_count":0,"master_deck":["Defend_G","Defend_G","Defend_G","Strike_G","Strike_G","Strike_G","Strike_G","Strike_G","Envenom","Predator","Footwork","Poisoned Stab","Skewer+1","Dodge and Roll","Leg Sweep","Caltrops+1","Dash","Dagger Spray","Infinite Blades","Dash","Outmaneuver","Bullet Time","Crippling Poison+1","Quick Slash+1","Choke","Choke","Leg Sweep","Flying Knee","PiercingWail+1","Dash+1","Choke","Distraction+1","After Image","Backflip+1","Night Terror+1","Caltrops","PiercingWail+1","Parasite","Calculated Gamble","PiercingWail+1","Noxious Fumes+1","Noxious Fumes+1","Terror+1"],"relics":["Ring of the Snake","Mercury Hourglass","Bronze Scales","Snecko Eye","Tingsha","Centennial Puzzle","Lizard Tail","Dream Catcher","Paper Crane"],"potions_floor_usage":[16,16,28,33,33,33,35,50,50],"damage_taken":[{"damage":11,"enemies":"Jaw Worm","floor":1,"turns":4},{"damage":0,"enemies":"2 Louse","floor":2,"turns":3},{"damage":0,"enemies":"Cultist","floor":4,"turns":5},{"damage":6,"enemies":"Red Slaver","floor":7,"turns":4},{"damage":14,"enemies":"Gremlin Gang","floor":8,"turns":5},{"damage":9,"enemies":"2 Fungi Beasts","floor":10,"turns":3},{"damage":5,"enemies":"Lagavulin","floor":13,"turns":7},{"damage":0,"enemies":"Large Slime","floor":14,"turns":5},{"damage":50,"enemies":"The Guardian","floor":16,"turns":9},{"damage":0,"enemies":"3 Byrds","floor":18,"turns":3},{"damage":0,"enemies":"Spheric Guardian","floor":19,"turns":3},{"damage":8,"enemies":"Snake Plant","floor":20,"turns":3},{"damage":21,"enemies":"Gremlin Leader","floor":24,"turns":5},{"damage":0,"enemies":"3 Cultists","floor":25,"turns":3},{"damage":12,"enemies":"Sentry and Sphere","floor":28,"turns":4},{"damage":20,"enemies":"Centurion and Healer","floor":29,"turns":4},{"damage":18,"enemies":"Snake Plant","floor":31,"turns":3},{"damage":30,"enemies":"Champ","floor":33,"turns":6},{"damage":6,"enemies":"3 Darklings","floor":35,"turns":3},{"damage":4,"enemies":"3 Shapes","floor":37,"turns":3},{"damage":0,"enemies":"3 Darklings","floor":38,"turns":3},{"damage":0,"enemies":"Nemesis","floor":40,"turns":5},{"damage":0,"enemies":"Writhing Mass","floor":42,"turns":5},{"damage":22,"enemies":"Jaw Worm Horde","floor":44,"turns":4},{"damage":49,"enemies":"4 Shapes","floor":45,"turns":5},{"damage":15,"enemies":"Maw","floor":46,"turns":6},{"damage":1,"enemies":"Transient","floor":48,"turns":5},{"damage":68,"enemies":"Awakened One","floor":50,"turns":4}],"seed_played":"-8705323349602490713","potions_obtained":[{"floor":7,"key":"LiquidBronze"},{"floor":8,"key":"PowerPotion"},{"floor":13,"key":"GhostInAJar"},{"floor":16,"key":"GamblersBrew"},{"floor":24,"key":"Energy Potion"},{"floor":29,"key":"LiquidBronze"},{"floor":31,"key":"PowerPotion"},{"floor":33,"key":"Poison Potion"},{"floor":40,"key":"Strength Potion"},{"floor":42,"key":"Poison Potion"},{"floor":46,"key":"Energy Potion"}],"is_trial":false,"path_per_floor":["M","M","?","M","?","R","M","M","T","M","$","R","E","M","R","B",null,"M","M","M","$","?","R","E","M","T","R","M","M","R","M","R","B",null,"M","$","M","M","?","E","R","M","T","M","M","M","R","M","R","B"],"character_chosen":"THE_SILENT","items_purchased":["Dagger Spray","Infinite Blades","Choke","Leg Sweep","Night Terror","Caltrops"],"campfire_rested":6,"item_purchase_floors":[11,11,21,21,36,36],"current_hp_per_floor":[59,59,59,59,59,59,53,39,39,30,30,51,46,46,67,17,70,70,70,62,62,62,62,41,41,41,41,29,9,30,12,33,3,70,64,64,60,60,60,60,60,60,60,38,24,9,30,29,50,0],"gold":138,"neow_bonus":"TRANSFORM_TWO_CARDS","is_prod":false,"is_daily":false,"chose_seed":false,"campfire_upgraded":4,"win_rate":0.0,"timestamp":1546556754,"path_taken":["M","M","?","M","?","R","M","?","T","M","?","R","E","M","R","BOSS","M","?","M","$","?","R","E","M","T","R","M","M","R","M","R","BOSS","M","$","M","M","?","E","R","M","T","M","M","M","R","M","R","BOSS"],"build_version":"2018-12-20","purchased_purges":1,"victory":false,"max_hp_per_floor":[70,70,70,70,70,70,70,70,70,70,70,70,70,70,70,70,70,70,70,70,70,70,70,70,70,70,70,70,70,70,70,70,70,70,70,70,70,70,70,70,70,70,70,70,70,70,70,70,70,70],"card_choices":[{"not_picked":["Quick Slash","Finisher"],"picked":"Footwork","floor":1},{"not_picked":["Endless Agony","Eviscerate"],"picked":"Poisoned Stab","floor":2},{"not_picked":["Distraction","Quick Slash"],"picked":"Skewer","floor":4},{"not_picked":["Sucker Punch","Blur"],"picked":"Leg Sweep","floor":7},{"not_picked":["All Out Attack","Dodge and Roll"],"picked":"Caltrops","floor":8},{"not_picked":["Finisher","Prepared"],"picked":"Dash","floor":10},{"not_picked":["Quick Slash","Deadly Poison"],"picked":"Dash","floor":13},{"not_picked":["Terror","Well Laid Plans"],"picked":"Outmaneuver","floor":14},{"not_picked":["Venomology","A Thousand Cuts"],"picked":"Bullet Time","floor":16},{"not_picked":["Acrobatics","Blade Dance+1"],"picked":"Crippling Poison+1","floor":18},{"not_picked":["Underhanded Strike","Slice"],"picked":"Quick Slash+1","floor":19},{"not_picked":["Dagger Throw","Deadly Poison"],"picked":"Choke","floor":20},{"not_picked":["Poisoned Stab","Deflect"],"picked":"Flying Knee","floor":24},{"not_picked":["Poisoned Stab","Blade Dance"],"picked":"PiercingWail","floor":25},{"not_picked":["Slice","Endless Agony"],"picked":"Dash+1","floor":28},{"not_picked":["Backstab","Riddle With Holes"],"picked":"Choke","floor":29},{"not_picked":["Glass Knife","Dagger Spray"],"picked":"Distraction+1","floor":31},{"not_picked":["Adrenaline","Glass Knife"],"picked":"After Image","floor":33},{"not_picked":["Deadly Poison+1","Underhanded Strike+1"],"picked":"Backflip+1","floor":35},{"not_picked":["Dagger Spray","Underhanded Strike+1","Escape Plan+1"],"picked":"SKIP","floor":37},{"not_picked":["Sucker Punch","Deadly Poison+1","Endless Agony+1"],"picked":"SKIP","floor":38},{"not_picked":["Night Terror","Acrobatics"],"picked":"PiercingWail+1","floor":40},{"not_picked":["Expertise","Slice+1"],"picked":"Calculated Gamble","floor":42},{"not_picked":["Poisoned Stab+1","Dodge and Roll+1"],"picked":"PiercingWail+1","floor":44},{"not_picked":["Acrobatics","Flechettes+1"],"picked":"Noxious Fumes+1","floor":45},{"not_picked":["Flying Knee","Backstab+1","Dodge and Roll"],"picked":"SKIP","floor":46},{"not_picked":["Blade Dance","Quick Slash+1"],"picked":"Noxious Fumes+1","floor":47},{"not_picked":["Endless Agony","Dodge and Roll"],"picked":"Terror+1","floor":48}],"player_experience":12075,"relics_obtained":[{"floor":9,"key":"Mercury Hourglass"},{"floor":13,"key":"Bronze Scales"},{"floor":24,"key":"Tingsha"},{"floor":26,"key":"Centennial Puzzle"},{"floor":40,"key":"Dream Catcher"},{"floor":43,"key":"Paper Crane"}],"event_choices":[{"damage_healed":0,"gold_gain":0,"player_choice":"Left Gold","damage_taken":0,"max_hp_gain":0,"max_hp_loss":0,"event_name":"World of Goop","floor":3,"gold_loss":25},{"damage_healed":0,"gold_gain":0,"cards_transformed":["Defend_G"],"player_choice":"Transformed","damage_taken":0,"max_hp_gain":0,"max_hp_loss":0,"event_name":"Transmorgrifier","floor":5,"gold_loss":0,"cards_obtained":["Dodge and Roll"]},{"damage_healed":0,"gold_gain":0,"player_choice":"Ignored","damage_taken":0,"max_hp_gain":0,"max_hp_loss":0,"event_name":"Beggar","floor":22,"gold_loss":0},{"cards_removed":["Survivor"],"damage_healed":0,"gold_gain":0,"player_choice":"Removed Skill","damage_taken":0,"max_hp_gain":0,"max_hp_loss":0,"event_name":"Falling","floor":39,"gold_loss":0}],"is_beta":false,"boss_relics":[{"not_picked":["HoveringKite","Philosopher\u0027s Stone"],"picked":"Snecko Eye"},{"not_picked":["Black Star","Eternal Feather"],"picked":"Lizard Tail"}],"items_purged_floors":[21],"is_endless":false,"potions_floor_spawned":[7,8,13,16,24,29,31,33,40,42,46],"killed_by":"Awakened One","ascension_level":0}