{"gold_per_floor":[116,40,52,52,52,86,107,141,165,205,205,241,241,254,254,347,347,368,467,467,467],"floor_reached":21,"playtime":868,"items_purged":[],"score":363,"play_id":"ffa42b86-e55e-478f-91c1-b710deebb72a","local_time":"20190115212238","is_ascension_mode":true,"campfire_choices":[{"data":"Rampage","floor":11,"key":"SMITH"},{"floor":13,"key":"REST"},{"floor":15,"key":"REST"}],"neow_cost":"NONE","seed_source_timestamp":582486363890152,"circlet_count":0,"master_deck":["AscendersBane","Strike_R","Strike_R","Strike_R","Strike_R","Defend_R","Defend_R","Defend_R","Defend_R","Bash","Thunderclap","Rampage+1","Spot Weakness","Seeing Red","Cleave","Impervious","Pommel Strike","Flame Barrier","Demon Form","Disarm","Shrug It Off","Disarm","Reaper","Armaments","Pommel Strike"],"relics":["Burning Blood","NeowsBlessing","Golden Idol","Vajra","Strawberry","Potion Belt","Question Card","Odd Mushroom","Orrery"],"potions_floor_usage":[8,12,16,16],"damage_taken":[{"damage":0,"enemies":"Small Slimes","floor":1,"turns":1},{"damage":0,"enemies":"2 Louse","floor":3,"turns":1},{"damage":0,"enemies":"Gremlin Nob","floor":6,"turns":1},{"damage":1,"enemies":"Cultist","floor":7,"turns":3},{"damage":20,"enemies":"3 Sentries","floor":8,"turns":6},{"damage":30,"enemies":"Lagavulin","floor":10,"turns":6},{"damage":13,"enemies":"The Mushroom Lair","floor":12,"turns":4},{"damage":13,"enemies":"Large Slime","floor":14,"turns":5},{"damage":35,"enemies":"The Guardian","floor":16,"turns":11},{"damage":14,"enemies":"Shell Parasite","floor":18,"turns":6},{"damage":71,"enemies":"Masked Bandits","floor":21,"turns":3}],"seed_played":"7229408072548889855","potions_obtained":[{"floor":6,"key":"Swift Potion"},{"floor":7,"key":"SkillPotion"},{"floor":10,"key":"Poison Potion"},{"floor":14,"key":"PowerPotion"}],"is_trial":false,"path_per_floor":["M","$","M","?","?","E","M","E","T","E","R","?","R","M","R","B",null,"M","?","?","?"],"character_chosen":"IRONCLAD","items_purchased":["Rampage"],"campfire_rested":2,"item_purchase_floors":[2],"current_hp_per_floor":[78,78,80,60,60,66,71,64,64,40,40,33,59,52,78,49,78,70,70,70,0],"gold":467,"neow_bonus":"THREE_ENEMY_KILL","is_prod":false,"is_daily":false,"chose_seed":false,"campfire_upgraded":1,"win_rate":0,"timestamp":1547605358,"path_taken":["M","$","M","?","?","E","?","E","T","E","R","?","R","M","R","BOSS","M","?","?","?"],"build_version":"2019-01-10","purchased_purges":0,"victory":false,"max_hp_per_floor":[80,80,80,80,80,80,80,87,87,87,87,87,87,87,87,87,87,87,87,87,87],"card_choices":[{"not_picked":["Shrug It Off","Havoc"],"picked":"Thunderclap","floor":1},{"not_picked":["Warcry","Armaments","Wild Strike"],"picked":"SKIP","floor":3},{"not_picked":["Intimidate","Power Through"],"picked":"Spot Weakness","floor":6},{"not_picked":["Heavy Blade","Clash"],"picked":"Seeing Red","floor":7},{"not_picked":["Infernal Blade","Second Wind"],"picked":"Cleave","floor":8},{"not_picked":["Infernal Blade","Power Through"],"picked":"Impervious","floor":10},{"not_picked":["Twin Strike","Heavy Blade","Burning Pact"],"picked":"Pommel Strike","floor":12},{"not_picked":["Twin Strike","Cleave","Thunderclap"],"picked":"Flame Barrier","floor":14},{"not_picked":["Immolate","Brutality","Impervious"],"picked":"Demon Form","floor":16},{"not_picked":["Heavy Blade","Pommel Strike","Wild Strike"],"picked":"Disarm","floor":17},{"not_picked":["Headbutt","Corruption","Thunderclap"],"picked":"Shrug It Off","floor":17},{"not_picked":["Spot Weakness","Entrench","Twin Strike"],"picked":"Disarm","floor":17},{"not_picked":["Armaments","Entrench","Spot Weakness"],"picked":"Reaper","floor":17},{"not_picked":["Entrench","Perfected Strike","Wild Strike"],"picked":"Armaments","floor":17},{"not_picked":["Clothesline","Body Slam","Rampage"],"picked":"Pommel Strike","floor":18}],"player_experience":2129435,"relics_obtained":[{"floor":6,"key":"Vajra"},{"floor":8,"key":"Strawberry"},{"floor":9,"key":"Potion Belt"},{"floor":10,"key":"Question Card"},{"floor":12,"key":"Odd Mushroom"}],"event_choices":[{"damage_healed":0,"gold_gain":0,"player_choice":"Take Damage","damage_taken":20,"relics_obtained":["Golden Idol"],"max_hp_gain":0,"max_hp_loss":0,"event_name":"Golden Idol","floor":4,"gold_loss":0},{"damage_healed":0,"gold_gain":0,"player_choice":"Bought 0 Potions","damage_taken":0,"max_hp_gain":0,"max_hp_loss":0,"event_name":"The Woman in Blue","floor":5,"gold_loss":0},{"damage_healed":0,"gold_gain":0,"player_choice":"Fought Mushrooms","damage_taken":0,"max_hp_gain":0,"max_hp_loss":0,"event_name":"Mushrooms","floor":12,"gold_loss":0},{"damage_healed":0,"gold_gain":99,"player_choice":"Stole From Cult","damage_taken":0,"max_hp_gain":0,"max_hp_loss":0,"event_name":"Nest","floor":19,"gold_loss":0},{"cards_removed":["Strike_R"],"damage_healed":0,"gold_gain":0,"player_choice":"Elegance","damage_taken":0,"max_hp_gain":0,"max_hp_loss":0,"event_name":"Back to Basics","floor":20,"gold_loss":0},{"damage_healed":0,"gold_gain":0,"player_choice":"Fought Bandits","damage_taken":0,"max_hp_gain":0,"max_hp_loss":0,"event_name":"Masked Bandits","floor":21,"gold_loss":0}],"is_beta":false,"boss_relics":[{"not_picked":["Runic Pyramid","Runic Dome"],"picked":"Orrery"}],"items_purged_floors":[],"is_endless":false,"potions_floor_spawned":[6,7,10,14],"killed_by":"Masked Bandits","ascension_level":13}