{"gold_per_floor":[113,133,149,149,166,166,166,190,237,237,254,19,39,51,51,156,156,170,190,190,208,228,228,228,228,228,228,228,242,242,262,262,357,357,368,378,66,66,82,82,82,99,99,116,136,136,156,156,156,156],"floor_reached":51,"playtime":3398,"items_purged":["Reinforced Body"],"score":995,"play_id":"befb4e7b-128a-4c85-acc3-8b877b90a18f","local_time":"20180712214828","is_ascension_mode":false,"campfire_choices":[{"data":"Zap","floor":6,"key":"SMITH"},{"floor":10,"key":"REST"},{"floor":15,"key":"REST"},{"data":"Double Energy","floor":23,"key":"SMITH"},{"data":"Redo","floor":25,"key":"SMITH"},{"data":"Zap","floor":27,"key":"SMITH"},{"data":"Dualcast","floor":30,"key":"SMITH"},{"data":"Panache","floor":32,"key":"SMITH"},{"floor":40,"key":"REST"},{"floor":49,"key":"REST"}],"neow_cost":"","seed_source_timestamp":0,"circlet_count":0,"master_deck":["Strike_B","Strike_B","Strike_B","Strike_B+1","Defend_B+1","Defend_B","Defend_B","Defend_B","Zap+1","Dualcast+1","Cold Snap","Self Repair","Go for the Eyes","Steam","Panache+1","Go for the Eyes","Go for the Eyes","Go for the Eyes","Core Surge","Double Energy+1","Redo+1","Bandage Up","Zap+1","Hologram","Double Energy+1","Streamline","Echo Form","Hologram+1","Apotheosis","Steam","Beam Cell","Go for the Eyes+1","Finesse","Gash+1","Beam Cell","Madness","Madness","Go for the Eyes+1"],"relics":["Unceasing Top","Centennial Puzzle","Boot","Lantern","Cursed Key","Fusion Hammer","Calipers"],"potions_floor_usage":[5,16,16,19,21,33,33,38,50,50,50],"damage_taken":[{"damage":6,"enemies":"Cultist","floor":1,"turns":4},{"damage":7,"enemies":"Jaw Worm","floor":2,"turns":4},{"damage":6,"enemies":"2 Louse","floor":3,"turns":4},{"damage":14,"enemies":"Exordium Wildlife","floor":5,"turns":5},{"damage":16,"enemies":"Exordium Thugs","floor":11,"turns":5},{"damage":2,"enemies":"Looter","floor":13,"turns":2},{"damage":0,"enemies":"Red Slaver","floor":14,"turns":2},{"damage":0,"enemies":"Slime Boss","floor":16,"turns":8},{"damage":0,"enemies":"Chosen","floor":18,"turns":3},{"damage":9,"enemies":"2 Thieves","floor":19,"turns":2},{"damage":9,"enemies":"Snecko","floor":21,"turns":5},{"damage":4,"enemies":"Cultist and Chosen","floor":22,"turns":5},{"damage":0,"enemies":"Centurion and Healer","floor":29,"turns":2},{"damage":0,"enemies":"Slaver and Parasite","floor":31,"turns":3},{"damage":42,"enemies":"Automaton","floor":33,"turns":8},{"damage":11,"enemies":"3 Darklings","floor":35,"turns":3},{"damage":0,"enemies":"Orb Walker","floor":36,"turns":3},{"damage":0,"floor":38,"turns":2},{"damage":0,"enemies":"Spire Growth","floor":39,"turns":2},{"damage":0,"enemies":"4 Shapes","floor":42,"turns":2},{"damage":0,"enemies":"Maw","floor":44,"turns":1},{"damage":0,"enemies":"3 Darklings","floor":45,"turns":2},{"damage":0,"enemies":"Transient","floor":47,"turns":5},{"damage":18,"enemies":"Donu and Deca","floor":50,"turns":6}],"seed_played":"-9088735293295678040","potions_obtained":[{"floor":2,"key":"AttackPotion"},{"floor":5,"key":"Poison Potion"},{"floor":11,"key":"FearPotion"},{"floor":14,"key":"Dexterity Potion"},{"floor":16,"key":"Strength Potion"},{"floor":18,"key":"Explosive Potion"},{"floor":29,"key":"PowerPotion"},{"floor":31,"key":"GamblersBrew"},{"floor":36,"key":"Poison Potion"},{"floor":38,"key":"SteroidPotion"},{"floor":42,"key":"Block Potion"}],"is_trial":true,"path_per_floor":["M","M","M","?","M","R","?","T","T","R","M","$","M","M","R","B",null,"M","M","?","M","M","R","?","R","T","R","?","M","R","M","R","B",null,"M","M","$","?","M","R","?","M","T","M","M","?","M","?","R","B"],"character_chosen":"DEFECT","items_purchased":["Panache","Go for the Eyes","Apotheosis","Steam"],"campfire_rested":4,"item_purchase_floors":[12,12,37,37],"current_hp_per_floor":[69,62,63,51,44,44,29,29,29,51,49,49,47,54,75,75,75,75,66,66,75,75,75,75,75,75,75,75,75,75,75,75,47,75,75,75,75,75,75,75,75,75,75,75,75,66,75,75,75,64],"gold":156,"neow_bonus":"","is_prod":false,"is_daily":false,"chose_seed":false,"campfire_upgraded":6,"win_rate":0,"timestamp":1531446508,"path_taken":["M","M","?","?","M","R","?","?","T","R","M","$","M","M","R","BOSS","M","M","?","M","M","R","?","R","T","R","?","M","R","?","R","BOSS","M","M","$","?","M","R","?","M","T","M","?","?","M","?","R","BOSS"],"build_version":"2018-07-12","purchased_purges":1,"victory":true,"max_hp_per_floor":[75,75,75,75,75,75,75,75,75,75,75,75,75,75,75,75,75,75,75,75,75,75,75,75,75,75,75,75,75,75,75,75,75,75,75,75,75,75,75,75,75,75,75,75,75,75,75,75,75,75],"card_choices":[{"not_picked":["Stack","Redo"],"picked":"Cold Snap","floor":1},{"not_picked":["Chaos","Redo"],"picked":"Self Repair","floor":2},{"not_picked":["Redo","Auto Shields"],"picked":"Go for the Eyes","floor":3},{"not_picked":["Meteor Strike","Turbo"],"picked":"Self Repair","floor":5},{"not_picked":["Self Repair","Hologram"],"picked":"Steam","floor":11},{"not_picked":["Rebound","Reprogram"],"picked":"Go for the Eyes","floor":13},{"not_picked":["Compile Driver","Rebound"],"picked":"Go for the Eyes","floor":14},{"not_picked":["Multi-Cast","Meteor Strike"],"picked":"Core Surge","floor":16},{"not_picked":["Rebound","Leap"],"picked":"Double Energy+1","floor":18},{"not_picked":["Steam","Heatsinks"],"picked":"Redo","floor":19},{"not_picked":["Darkness","Ball Lightning"],"picked":"Hologram","floor":21},{"not_picked":["Steam+1","Static Discharge"],"picked":"Double Energy","floor":22},{"not_picked":["Doom and Gloom","BootSequence"],"picked":"Reinforced Body","floor":29},{"not_picked":["Auto Shields","Force Field"],"picked":"Streamline","floor":31},{"not_picked":["Reboot","Fission"],"picked":"Echo Form","floor":33},{"not_picked":["Leap","Conserve Battery"],"picked":"Hologram+1","floor":35},{"not_picked":["Hologram","Conserve Battery+1","White Noise"],"picked":"SKIP","floor":36},{"not_picked":["Redo+1","Streamline"],"picked":"Beam Cell","floor":38},{"not_picked":["Ball Lightning+1","Coolheaded+1"],"picked":"Go for the Eyes+1","floor":39},{"not_picked":["Master of Strategy","Madness"],"picked":"Finesse","floor":41},{"not_picked":["Compile Driver","Turbo+1"],"picked":"Gash+1","floor":42},{"not_picked":["Barrage","Go for the Eyes+1"],"picked":"Beam Cell","floor":44},{"not_picked":["Coolheaded","Rebound","White Noise"],"picked":"SKIP","floor":45},{"not_picked":["Stack+1","Storm+1"],"picked":"Go for the Eyes+1","floor":47}],"player_experience":1049541,"relics_obtained":[{"floor":8,"key":"Boot"},{"floor":9,"key":"Lantern"},{"floor":38,"key":"Calipers"}],"event_choices":[{"event_name":"Scrap Ooze","player_choice":"success","floor":4,"damage_taken":12},{"event_name":"Shining Light","player_choice":"Entered Light","floor":7,"damage_taken":0},{"event_name":"Match and Keep!","player_choice":"2 cards matched","floor":20,"damage_taken":0},{"event_name":"Addict","player_choice":"Ignored","floor":24,"damage_taken":0},{"event_name":"Vampires","player_choice":"Ignored","floor":28,"damage_taken":0},{"event_name":"MindBloom","player_choice":"Fight","floor":38,"damage_taken":0},{"event_name":"SensoryStone","player_choice":"Memory 1","floor":41,"damage_taken":0},{"event_name":"Winding Halls","player_choice":"Embrace Madness","floor":46,"damage_taken":0},{"event_name":"Falling","player_choice":"Removed Power","floor":48,"damage_taken":0}],"boss_relics":[{"not_picked":["Coffee Dripper","Runic Dome"],"picked":"Cursed Key"},{"not_picked":["Black Star","Lizard Tail"],"picked":"Fusion Hammer"}],"items_purged_floors":[37],"is_endless":false,"potions_floor_spawned":[2,5,11,14,16,18,29,31,36,38,42],"ascension_level":0}