{"gold_per_floor":[115,115,133,208,133,133,144,157,157,182,182,197,197,96,96,96],"floor_reached":16,"playtime":563,"items_purged":[],"score":185,"play_id":"42a3e162-9710-432c-a830-27015f1e4283","local_time":"20190211204335","is_ascension_mode":true,"campfire_choices":[{"data":"Searing Blow","floor":6,"key":"SMITH"},{"floor":11,"key":"REST"},{"floor":15,"key":"REST"}],"neow_cost":"NONE","seed_source_timestamp":714601277070251,"circlet_count":0,"master_deck":["AscendersBane","Strike_R","Strike_R","Strike_R","Strike_R","Strike_R","Defend_R","Defend_R","Defend_R","Defend_R","Bash","Searing Blow+1","Spot Weakness","Inflame","Shrug It Off","Feed","Uppercut","Panacea"],"relics":["Burning Blood","NeowsBlessing","Letter Opener","Bird Faced Urn"],"potions_floor_usage":[8,10],"damage_taken":[{"damage":0,"enemies":"Small Slimes","floor":1,"turns":2},{"damage":0,"enemies":"Cultist","floor":3,"turns":1},{"damage":0,"enemies":"2 Louse","floor":7,"turns":1},{"damage":27,"enemies":"Exordium Thugs","floor":8,"turns":5},{"damage":39,"enemies":"3 Sentries","floor":10,"turns":8},{"damage":21,"enemies":"3 Louse","floor":12,"turns":4},{"damage":74,"enemies":"Slime Boss","floor":16,"turns":9}],"seed_played":"1181626959943245776","potions_obtained":[{"floor":1,"key":"PowerPotion"},{"floor":3,"key":"SkillPotion"},{"floor":10,"key":"SpeedPotion"}],"is_trial":false,"path_per_floor":["M","?","M","?","?","R","M","M","T","E","R","M","?","$","R","B"],"character_chosen":"IRONCLAD","items_purchased":["Panacea"],"campfire_rested":2,"item_purchase_floors":[14],"current_hp_per_floor":[74,74,75,64,64,64,70,49,49,16,38,25,50,50,72,0],"gold":96,"neow_bonus":"THREE_ENEMY_KILL","is_prod":false,"is_daily":false,"chose_seed":false,"campfire_upgraded":1,"win_rate":0,"timestamp":1549935815,"path_taken":["M","?","?","?","?","R","M","M","T","E","R","M","?","$","R","BOSS"],"build_version":"2019-01-23","purchased_purges":0,"victory":false,"max_hp_per_floor":[75,75,75,75,75,75,75,75,75,75,75,75,75,75,75,75],"card_choices":[{"not_picked":["Sentinel","Heavy Blade"],"picked":"Searing Blow","floor":1},{"not_picked":["Shockwave","Perfected Strike"],"picked":"Spot Weakness","floor":3},{"not_picked":["Reckless Charge","Infernal Blade"],"picked":"Inflame","floor":7},{"not_picked":["Body Slam","Searing Blow"],"picked":"Shrug It Off","floor":8},{"not_picked":["Cleave","Corruption"],"picked":"Feed","floor":10},{"not_picked":["Clothesline","Warcry"],"picked":"Uppercut","floor":12}],"player_experience":2410453,"relics_obtained":[{"floor":9,"key":"Letter Opener"},{"floor":10,"key":"Bird Faced Urn"}],"event_choices":[{"damage_healed":0,"gold_gain":0,"player_choice":"Cursed","damage_taken":0,"max_hp_gain":0,"max_hp_loss":0,"event_name":"Wheel of Change","floor":2,"gold_loss":0,"cards_obtained":["Decay"]},{"damage_healed":0,"gold_gain":75,"player_choice":"Gather Gold","damage_taken":11,"max_hp_gain":0,"max_hp_loss":0,"event_name":"World of Goop","floor":4,"gold_loss":0},{"cards_removed":["Decay"],"damage_healed":0,"gold_gain":0,"player_choice":"Card Removal","damage_taken":0,"max_hp_gain":0,"max_hp_loss":0,"event_name":"The Cleric","floor":5,"gold_loss":75},{"damage_healed":25,"gold_gain":0,"player_choice":"Banana","damage_taken":0,"max_hp_gain":0,"max_hp_loss":0,"event_name":"Big Fish","floor":13,"gold_loss":0}],"is_beta":false,"boss_relics":[],"items_purged_floors":[],"is_endless":false,"potions_floor_spawned":[1,3,10],"killed_by":"Slime Boss","ascension_level":17}