{"gold_per_floor":[144,189,26,26,71,71,161,161,161,206,275,320,410,455,455,755,755,800,778,823,868,943,1033,1033,1078,1078,1168,1213,1258,1258,1258,1258,1558,1558,1603,1648,1693,1738,2038,2128,2128,2173,2173,2263,2263,2308,22,67,67,67],"floor_reached":51,"playtime":1216,"items_purged":[],"score":1363,"play_id":"c923c5c0-40c8-413b-87d3-e6235be506ff","local_time":"20181125154242","daily_mods":["Cursed Run","Hoarder","Midas"],"is_ascension_mode":false,"campfire_choices":[{"floor":6,"key":"REST"},{"floor":8,"key":"REST"},{"floor":15,"key":"REST"},{"floor":24,"key":"REST"},{"floor":30,"key":"REST"},{"floor":32,"key":"REST"},{"floor":45,"key":"REST"},{"floor":49,"key":"REST"}],"neow_cost":"","seed_source_timestamp":0,"circlet_count":0,"master_deck":["Bash","Perfected Strike","Perfected Strike","Perfected Strike","Feed","Feed","Feed","Pummel","Pummel","Pummel","Parasite","Parasite","Parasite","Twin Strike+1","Twin Strike+1","Twin Strike+1","Disarm","Disarm","Disarm","Burning Pact","Burning Pact","Burning Pact","Twin Strike+1","Twin Strike+1","Twin Strike+1","Shrug It Off","Shrug It Off","Shrug It Off","Doubt","Doubt","Doubt","Fiend Fire+1","Fiend Fire+1","Fiend Fire+1","Perfected Strike+1","Perfected Strike+1","Perfected Strike+1","Clothesline+1","Clothesline+1","Clothesline+1","Pommel Strike+1","Pommel Strike+1","Pommel Strike+1","Pommel Strike+1","Pommel Strike+1","Pommel Strike+1","Pommel Strike+1","Pommel Strike+1","Pommel Strike+1","Twin Strike+1","Twin Strike+1","Twin Strike+1","Heavy Blade+1","Heavy Blade+1","Heavy Blade+1","Pain","Pain","Pain","Reaper+1","Reaper+1","Reaper+1","Twin Strike+1","Twin Strike+1","Twin Strike+1","Body Slam+1","Body Slam+1","Body Slam+1","Parasite","Parasite","Parasite","Normality","Normality","Normality","Dark Embrace","Dark Embrace","Dark Embrace","Headbutt+1","Headbutt+1","Headbutt+1","Iron Wave+1","Iron Wave+1","Iron Wave+1","Headbutt+1","Headbutt+1","Headbutt+1","Inflame","Inflame","Inflame","Whirlwind+1","Whirlwind+1","Whirlwind+1","Flex","Flex","Flex","Iron Wave+1","Iron Wave+1","Iron Wave+1","Flame Barrier","Flame Barrier","Flame Barrier","Wild Strike+1","Wild Strike+1","Wild Strike+1","Second Wind+1","Second Wind+1","Second Wind+1","Headbutt+1","Headbutt+1","Headbutt+1","Twin Strike+1","Twin Strike+1","Twin Strike+1","Disarm","Disarm","Disarm","Secret Weapon","Secret Weapon","Secret Weapon","Bandage Up","Bandage Up","Bandage Up","Writhe","Writhe","Writhe","Wild Strike+1","Wild Strike+1","Wild Strike+1","Combust","Combust","Combust","Iron Wave+1","Iron Wave+1","Iron Wave+1","Blood for Blood+1","Blood for Blood+1","Blood for Blood+1","Headbutt+1","Headbutt+1","Headbutt+1","Injury","Injury","Injury"],"special_seed":17860,"relics":["Cursed Key","Darkstone Periapt","Du-Vu Doll","Molten Egg 2","Incense Burner","Odd Mushroom","Mercury Hourglass","Orrery","Red Mask","Bag of Marbles","Red Skull","Paper Frog","Pear","Pandora\u0027s Box","Thread and Needle","Blood Vial","The Courier","Pen Nib","Medical Kit","Juzu Bracelet","Bird Faced Urn","Lantern","Happy Flower","Magic Flower","Boot","Vajra","Self Forming Clay","PreservedInsect","Potion Belt","Ginger","Bag of Preparation","Orichalcum"],"potions_floor_usage":[16,49,50],"damage_taken":[{"damage":3.0,"enemies":"Small Slimes","floor":1.0,"turns":4.0},{"damage":0.0,"enemies":"Cultist","floor":2.0,"turns":2.0},{"damage":1,"enemies":"Jaw Worm","floor":5,"turns":2},{"damage":18,"enemies":"Lagavulin","floor":7,"turns":5},{"damage":0,"enemies":"2 Fungi Beasts","floor":10,"turns":2},{"damage":9,"enemies":"The Mushroom Lair","floor":11,"turns":2},{"damage":5,"enemies":"Blue Slaver","floor":12,"turns":2},{"damage":0,"enemies":"Gremlin Nob","floor":13,"turns":2},{"damage":0,"enemies":"Large Slime","floor":14,"turns":1},{"damage":13,"enemies":"Hexaghost","floor":16,"turns":6},{"damage":0,"enemies":"Shell Parasite","floor":18,"turns":1},{"damage":0,"enemies":"3 Byrds","floor":20,"turns":4},{"damage":0,"enemies":"Snecko","floor":21,"turns":3},{"damage":4,"enemies":"Masked Bandits","floor":22,"turns":3},{"damage":11,"enemies":"Slavers","floor":23,"turns":5},{"damage":4,"enemies":"3 Cultists","floor":25,"turns":3},{"damage":0,"enemies":"Gremlin Leader","floor":27,"turns":1},{"damage":0,"enemies":"Centurion and Healer","floor":28,"turns":1},{"damage":0,"enemies":"Snake Plant","floor":29,"turns":1},{"damage":23,"enemies":"Automaton","floor":33,"turns":3},{"damage":0,"enemies":"Orb Walker","floor":35,"turns":1},{"damage":3,"enemies":"3 Darklings","floor":36,"turns":2},{"damage":0,"enemies":"Maw","floor":37,"turns":1},{"damage":0,"enemies":"Spire Growth","floor":38,"turns":1},{"damage":3,"enemies":"Mind Bloom Boss Battle","floor":39,"turns":2},{"damage":0,"enemies":"Nemesis","floor":40,"turns":1},{"damage":2,"enemies":"Transient","floor":42,"turns":5},{"damage":50,"enemies":"Reptomancer","floor":44,"turns":4},{"damage":0,"enemies":"3 Darklings","floor":46,"turns":2},{"damage":0,"enemies":"Sphere and 2 Shapes","floor":48,"turns":3},{"damage":32,"enemies":"Awakened One","floor":50,"turns":3}],"seed_played":"-1394780119887161805","potions_obtained":[{"floor":5,"key":"Regen Potion"},{"floor":7,"key":"Dexterity Potion"},{"floor":11,"key":"Block Potion"},{"floor":16,"key":"Block Potion"},{"floor":48,"key":"Fruit Juice"}],"is_trial":false,"path_per_floor":["M","M","$","?","M","R","E","R","T","M","?","M","E","M","R","B",null,"M","$","M","M","?","E","R","M","T","E","M","M","R","T","R","B",null,"M","M","M","M","?","E","?","M","T","E","R","M","$","M","R","B",null],"character_chosen":"IRONCLAD","items_purchased":["Feed","Pommel Strike+1","Medical Kit","Juzu Bracelet","Bird Faced Urn","Lantern","Happy Flower","Magic Flower","Boot","Vajra","Self Forming Clay","PreservedInsect","Potion Belt","Ginger","Bag of Preparation","Orichalcum","Combust","Iron Wave+1","Blood for Blood+1"],"campfire_rested":8,"item_purchase_floors":[3,19,47,47,47,47,47,47,47,47,47,47,47,47,47,47,47,47,47],"current_hp_per_floor":[77,77,77,77,79,83,65,83,89,92,89,87,87,90,104,100,113,116,116,116,116,112,101,116,118,124,127,130,130,134,150,150,133,156,156,156,156,156,153,153,143,143,149,109,157,162,162,165,170,149],"gold":67,"neow_bonus":"","is_prod":false,"is_daily":true,"chose_seed":false,"campfire_upgraded":0,"win_rate":0,"timestamp":1543156962,"path_taken":["M","M","$","?","M","R","E","R","T","?","?","M","E","M","R","BOSS","M","$","M","M","?","E","R","M","T","E","M","M","R","?","R","BOSS","M","M","M","M","?","E","?","M","T","E","R","M","$","M","R","BOSS"],"build_version":"2018-11-15","purchased_purges":0,"victory":true,"max_hp_per_floor":[80,80,80,80,83,83,83,83,89,92,98,101,101,104,104,113,113,116,116,116,116,116,116,116,122,128,131,134,134,134,150,150,156,156,156,156,156,156,156,156,156,156,162,162,162,162,162,165,170,179],"card_choices":[{"not_picked":["Headbutt","Dropkick"],"picked":"Perfected Strike","floor":1.0},{"not_picked":["Rage","Reckless Charge","Havoc"],"picked":"SKIP","floor":2.0},{"not_picked":["Rage","Spot Weakness"],"picked":"Pummel","floor":5},{"not_picked":["Heavy Blade","Rupture","Headbutt"],"picked":"SKIP","floor":7},{"not_picked":["Armaments","Sword Boomerang+1"],"picked":"Twin Strike+1","floor":10},{"not_picked":["Clash+1","Headbutt+1"],"picked":"Disarm","floor":11},{"not_picked":["Clash+1","Flex"],"picked":"Burning Pact","floor":12},{"not_picked":["Second Wind","Rage"],"picked":"Twin Strike+1","floor":13},{"not_picked":["Carnage+1","Rage"],"picked":"Shrug It Off","floor":14},{"not_picked":["Bludgeon+1","Feed+1"],"picked":"Fiend Fire+1","floor":16},{"not_picked":["Clash+1","Combust"],"picked":"Perfected Strike+1","floor":17},{"not_picked":["Fire Breathing","Warcry"],"picked":"Clothesline+1","floor":17},{"not_picked":["Demon Form","Cleave+1"],"picked":"Pommel Strike+1","floor":17},{"not_picked":["Heavy Blade+1","Evolve"],"picked":"Pommel Strike+1","floor":18},{"not_picked":["Armaments","Havoc","Combust"],"picked":"SKIP","floor":20},{"not_picked":["Thunderclap+1","Flex"],"picked":"Twin Strike+1","floor":21},{"not_picked":["Bludgeon+1","Sentinel","Bloodletting"],"picked":"SKIP","floor":23},{"not_picked":["Warcry","Armaments"],"picked":"Heavy Blade+1","floor":25},{"not_picked":["Clash+1","Heavy Blade+1"],"picked":"Reaper+1","floor":27},{"not_picked":["Pommel Strike+1","Clothesline+1"],"picked":"Twin Strike+1","floor":28},{"not_picked":["Heavy Blade+1","Headbutt+1"],"picked":"Body Slam+1","floor":29},{"not_picked":["Reaper+1","Brutality"],"picked":"Dark Embrace","floor":33},{"not_picked":["Thunderclap+1","Shrug It Off","Intimidate"],"picked":"SKIP","floor":35},{"not_picked":["Headbutt+1","Evolve+1"],"picked":"Wild Strike+1","floor":36},{"not_picked":["Body Slam+1","Dual Wield+1"],"picked":"Second Wind+1","floor":37},{"not_picked":["Anger+1","Blood for Blood+1"],"picked":"Headbutt+1","floor":38},{"not_picked":["Flex","Burning Pact+1"],"picked":"Twin Strike+1","floor":39},{"not_picked":["Combust+1","Flex"],"picked":"Disarm","floor":40},{"not_picked":["Madness","Bandage Up"],"picked":"Secret Weapon","floor":41},{"not_picked":["Blind","Jack Of All Trades"],"picked":"Bandage Up","floor":41},{"not_picked":["Cleave+1","Flex+1","Clash+1"],"picked":"SKIP","floor":42},{"not_picked":["Metallicize+1","Ghostly Armor","Headbutt+1"],"picked":"SKIP","floor":44},{"not_picked":["Combust","Metallicize+1"],"picked":"Wild Strike+1","floor":46},{"not_picked":["Dropkick+1","Body Slam+1"],"picked":"Headbutt+1","floor":48}],"player_experience":1741882,"relics_obtained":[{"floor":7,"key":"Molten Egg 2"},{"floor":9,"key":"Incense Burner"},{"floor":11,"key":"Odd Mushroom"},{"floor":13,"key":"Mercury Hourglass"},{"floor":22,"key":"Red Mask"},{"floor":23,"key":"Bag of Marbles"},{"floor":26,"key":"Red Skull"},{"floor":27,"key":"Paper Frog"},{"floor":31,"key":"Pear"},{"floor":39,"key":"Thread and Needle"},{"floor":40,"key":"Blood Vial"},{"floor":43,"key":"The Courier"},{"floor":44,"key":"Pen Nib"}],"event_choices":[{"cards_removed":["Defend_R"],"damage_healed":0,"gold_gain":0,"player_choice":"Purged","damage_taken":0,"max_hp_gain":0,"max_hp_loss":0,"event_name":"Purifier","floor":4,"gold_loss":0},{"damage_healed":0,"gold_gain":0,"player_choice":"Fought Mushrooms","damage_taken":0,"max_hp_gain":0,"max_hp_loss":0,"event_name":"Mushrooms","floor":11,"gold_loss":0},{"damage_healed":0,"gold_gain":0,"player_choice":"Fought Bandits","damage_taken":0,"max_hp_gain":0,"max_hp_loss":0,"event_name":"Masked Bandits","floor":22,"gold_loss":0},{"damage_healed":0,"gold_gain":0,"player_choice":"Fight","damage_taken":0,"max_hp_gain":0,"max_hp_loss":0,"event_name":"MindBloom","floor":39,"gold_loss":0},{"damage_healed":0,"gold_gain":0,"player_choice":"Memory 3","damage_taken":10,"max_hp_gain":0,"max_hp_loss":0,"event_name":"SensoryStone","floor":41,"gold_loss":0}],"is_beta":false,"boss_relics":[{"not_picked":["Sozu","Mark of Pain"],"picked":"Orrery"},{"not_picked":["Black Star","Snecko Eye"],"picked":"Pandora\u0027s Box"}],"items_purged_floors":[],"is_endless":false,"potions_floor_spawned":[5,7,11,13,16,20,22,27,35,38,39,44,48],"ascension_level":0}