{"gold_per_floor":[116,129,129,129,142,142,171,171,171,205,205,216,12,31,31,109,109,126,51,51,64,75,75,75,75,75,36,236,236,267,267],"floor_reached":31,"playtime":1548,"items_purged":["Strike_B"],"score":472,"play_id":"9f990e3d-e812-48ff-bf38-884543910c1b","local_time":"20180721000306","is_ascension_mode":true,"campfire_choices":[{"data":"Zap","floor":6,"key":"SMITH"},{"data":"Zap","floor":8,"key":"SMITH"},{"floor":11,"key":"REST"},{"data":"Defragment","floor":15,"key":"SMITH"},{"data":"Multi-Cast","floor":23,"key":"SMITH"},{"floor":25,"key":"REST"},{"floor":29,"key":"REST"}],"neow_cost":"NONE","seed_source_timestamp":857612219802978,"circlet_count":0,"master_deck":["Strike_B","Strike_B","Strike_B","Defend_B","Defend_B","Defend_B+1","Defend_B","Zap+1","Dualcast+1","AscendersBane","Zap+1","Echo Form","Hologram","Rebound","Defragment+1","Multi-Cast+1","Writhe","White Noise"],"special_seed":0,"relics":["Busted Crown","Pantograph","Cables","Ginger","Runic Capacitor","Cursed Key","Dodecahedron","The Courier"],"potions_floor_usage":[5,16,18,30,30],"damage_taken":[{"damage":0.0,"enemies":"Cultist","floor":1.0,"turns":4.0},{"damage":3.0,"enemies":"Jaw Worm","floor":2.0,"turns":4.0},{"damage":10,"enemies":"Small Slimes","floor":5,"turns":3},{"damage":0,"enemies":"Lagavulin","floor":7,"turns":6},{"damage":29,"enemies":"Gremlin Nob","floor":10,"turns":4},{"damage":11,"enemies":"Looter","floor":12,"turns":3},{"damage":0,"enemies":"Large Slime","floor":14,"turns":4},{"damage":16,"enemies":"Slime Boss","floor":16,"turns":5},{"damage":18,"enemies":"3 Byrds","floor":18,"turns":3},{"damage":2,"enemies":"Chosen","floor":21,"turns":3},{"damage":19,"enemies":"Centurion and Healer","floor":22,"turns":6},{"damage":51,"enemies":"Slavers","floor":30,"turns":4},{"damage":27,"enemies":"Cultist and Chosen","floor":31,"turns":4}],"seed_played":"-6775343470942743162","potions_obtained":[{"floor":2.0,"key":"PowerPotion"},{"floor":14,"key":"Block Potion"},{"floor":16,"key":"GamblersBrew"},{"floor":21,"key":"SpeedPotion"},{"floor":22,"key":"PowerPotion"}],"is_trial":false,"path_per_floor":["M","M","?","?","M","R","E","R","T","E","R","M","$","M","R","B",null,"M","$","?","M","M","R","?","R","T","$","?","R","E"],"character_chosen":"DEFECT","items_purchased":["Runic Capacitor","White Noise"],"campfire_rested":3,"item_purchase_floors":[13,27],"current_hp_per_floor":[68,65,50,50,54,54,54,54,54,25,47,36,36,36,36,45,68,50,50,50,48,29,29,29,51,51,51,51,73,22,0],"gold":267,"neow_bonus":"BOSS_RELIC","is_prod":false,"is_daily":false,"chose_seed":false,"campfire_upgraded":4,"win_rate":0,"timestamp":1532124186,"path_taken":["M","?","?","?","M","R","E","R","T","E","R","M","$","M","R","BOSS","M","$","?","M","M","R","?","R","T","$","?","R","E","M"],"build_version":"2018-07-19","purchased_purges":1,"victory":false,"max_hp_per_floor":[75,75,75,75,75,75,75,75,75,75,75,75,75,75,75,75,75,75,75,75,75,75,75,75,75,75,75,75,75,75,75],"card_choices":[{"not_picked":["Turbo"],"picked":"SKIP","floor":1.0},{"not_picked":["Redo"],"picked":"SKIP","floor":2.0},{"not_picked":["Steam Power"],"picked":"SKIP","floor":5},{"not_picked":["Lockon"],"picked":"SKIP","floor":7},{"not_picked":[],"picked":"Rebound","floor":10},{"not_picked":["Streamline"],"picked":"SKIP","floor":12},{"not_picked":[],"picked":"Defragment","floor":14},{"not_picked":[],"picked":"Multi-Cast","floor":16},{"not_picked":["Gash"],"picked":"SKIP","floor":18},{"not_picked":["Beam Cell"],"picked":"SKIP","floor":21},{"not_picked":["Melter"],"picked":"SKIP","floor":22},{"not_picked":["Compile Driver"],"picked":"SKIP","floor":30}],"player_experience":344801,"relics_obtained":[{"floor":7,"key":"Pantograph"},{"floor":9,"key":"Cables"},{"floor":10,"key":"Ginger"},{"floor":26,"key":"Dodecahedron"},{"floor":30,"key":"The Courier"}],"event_choices":[{"event_name":"Shining Light","player_choice":"Entered Light","floor":3.0,"damage_taken":0.0},{"event_name":"Match and Keep!","player_choice":"3 cards matched","floor":4,"damage_taken":0},{"event_name":"Beggar","player_choice":"Ignored","floor":20,"damage_taken":0},{"event_name":"NoteForYourself","player_choice":"Ignored","floor":24,"damage_taken":0},{"event_name":"Wheel of Change","player_choice":"Gold","floor":28,"damage_taken":0}],"is_beta":true,"boss_relics":[{"not_picked":["White Beast Statue","Velvet Choker"],"picked":"Cursed Key"}],"items_purged_floors":[19],"is_endless":false,"potions_floor_spawned":[2,14,16,21,22],"killed_by":"Cultist and Chosen","ascension_level":13}