{"gold_per_floor":[109,109,124,124,138,138,169,169,169,188,37,37],"floor_reached":12,"playtime":303,"items_purged":["Strike_B"],"score":148,"play_id":"4b84f891-4334-4491-9fb6-16fbebdb082d","local_time":"20190129205543","is_ascension_mode":true,"campfire_choices":[{"data":"Zap","floor":6,"key":"SMITH"},{"floor":8,"key":"REST"}],"neow_cost":"NONE","seed_source_timestamp":462928145403131,"circlet_count":0,"master_deck":["AscendersBane","Strike_B","Strike_B","Defend_B","Defend_B","Defend_B","Defend_B","Zap+1","Dualcast","Biased Cognition","Rip and Tear","Conserve Battery","Beam Cell","White Noise","Coolheaded","Self Repair"],"relics":["Cracked Core","Sundial","Juzu Bracelet"],"potions_floor_usage":[3,7],"damage_taken":[{"damage":7,"enemies":"Jaw Worm","floor":1,"turns":3},{"damage":0,"enemies":"2 Louse","floor":3,"turns":1},{"damage":1,"enemies":"Cultist","floor":5,"turns":4},{"damage":36,"enemies":"Gremlin Nob","floor":7,"turns":4},{"damage":15,"enemies":"3 Louse","floor":10,"turns":3},{"damage":33,"enemies":"Gremlin Gang","floor":12,"turns":2}],"seed_played":"3589673978378239731","potions_obtained":[{"floor":1,"key":"Explosive Potion"},{"floor":5,"key":"LiquidBronze"}],"is_trial":false,"path_per_floor":["M","?","M","?","M","R","E","R","T","M","$","M"],"character_chosen":"DEFECT","items_purchased":["Self Repair"],"campfire_rested":1,"item_purchase_floors":[11],"current_hp_per_floor":[57,62,62,55,54,54,18,40,40,25,25,0],"gold":37,"neow_bonus":"ONE_RANDOM_RARE_CARD","is_prod":false,"is_daily":false,"chose_seed":false,"campfire_upgraded":1,"win_rate":0,"timestamp":1548813343,"path_taken":["M","?","M","?","M","R","E","R","T","M","$","M"],"build_version":"2019-01-23","purchased_purges":1,"victory":false,"max_hp_per_floor":[71,76,76,76,76,76,76,76,76,76,76,76],"card_choices":[{"not_picked":["Aggregate","Compile Driver"],"picked":"Rip and Tear","floor":1},{"not_picked":["Gash","Turbo"],"picked":"Conserve Battery","floor":3},{"not_picked":["Blizzard","Turbo"],"picked":"Beam Cell","floor":5},{"not_picked":["Barrage","Auto Shields"],"picked":"White Noise","floor":7},{"not_picked":["Stack","Beam Cell"],"picked":"Coolheaded","floor":10}],"player_experience":2216788,"relics_obtained":[{"floor":7,"key":"Sundial"},{"floor":9,"key":"Juzu Bracelet"}],"event_choices":[{"damage_healed":0,"gold_gain":0,"player_choice":"Donut","damage_taken":0,"max_hp_gain":5,"max_hp_loss":0,"event_name":"Big Fish","floor":2,"gold_loss":0},{"cards_removed":["Strike_B"],"damage_healed":0,"gold_gain":0,"player_choice":"Card Removal","damage_taken":7,"max_hp_gain":0,"max_hp_loss":0,"event_name":"Golden Wing","floor":4,"gold_loss":0}],"is_beta":false,"boss_relics":[],"items_purged_floors":[11],"is_endless":false,"potions_floor_spawned":[1,5],"killed_by":"Gremlin Gang","ascension_level":18}