{"gold_per_floor":[213,213,24,37,49,49,65,65,65,82,109,70,85,104,104,200,200,215,228,259,259,271,271,291,27,27,27,27,44,44,57,57,157,157,168,184,284,284,337,337,84,95,95,95,109,60,79,93,93,93],"floor_reached":51,"playtime":3004,"items_purged":["Strike_G","Strike_G","Strike_G"],"score":873,"play_id":"fa019ed1-dbf6-400f-8cc3-33afd8f22b02","local_time":"20190101163600","is_ascension_mode":true,"campfire_choices":[{"data":"Neutralize","floor":6,"key":"SMITH"},{"data":"Noxious Fumes","floor":8,"key":"SMITH"},{"data":"Predator","floor":15,"key":"SMITH"},{"data":"Envenom","floor":23,"key":"SMITH"},{"floor":28,"key":"REST"},{"data":"Apotheosis","floor":32,"key":"SMITH"},{"floor":40,"key":"REST"},{"floor":44,"key":"REST"},{"floor":49,"key":"REST"}],"neow_cost":"NONE","seed_source_timestamp":573120405446938,"circlet_count":0,"master_deck":["Defend_G","Defend_G","Defend_G","Defend_G","Defend_G","Strike_G","Strike_G","Survivor","Neutralize+1","Predator+1","Blur","Noxious Fumes+1","Dash","Well Laid Plans","PiercingWail","Prepared","Dagger Spray","Footwork","Infinite Blades","Escape Plan","Envenom+1","Deadly Poison","Noxious Fumes+1","Apotheosis+1","Accuracy","Catalyst","Bouncing Flask+1","Noxious Fumes"],"special_seed":0,"relics":["Ring of the Snake","Mummified Hand","FossilizedHelix","Busted Crown","Red Mask","Sundial","Fusion Hammer","The Specimen","Snake Skull","Calipers"],"potions_floor_usage":[7,11,19,20,22,31,33,33,33,50,50,50],"damage_taken":[{"damage":3.0,"enemies":"2 Louse","floor":1.0,"turns":4.0},{"damage":0,"enemies":"Cultist","floor":4,"turns":4},{"damage":1,"enemies":"Small Slimes","floor":5,"turns":3},{"damage":0,"enemies":"3 Louse","floor":7,"turns":2},{"damage":0,"enemies":"Large Slime","floor":10,"turns":7},{"damage":5,"enemies":"3 Sentries","floor":11,"turns":6},{"damage":0,"enemies":"Looter","floor":13,"turns":3},{"damage":0,"enemies":"3 Louse","floor":14,"turns":4},{"damage":3,"enemies":"Hexaghost","floor":16,"turns":11},{"damage":0,"enemies":"Spheric Guardian","floor":18,"turns":6},{"damage":0,"enemies":"2 Thieves","floor":19,"turns":4},{"damage":14,"enemies":"Masked Bandits","floor":20,"turns":6},{"damage":0,"enemies":"Colosseum Slavers","floor":21,"turns":5},{"damage":13,"enemies":"Chosen and Byrds","floor":22,"turns":7},{"damage":3,"enemies":"3 Cultists","floor":24,"turns":5},{"damage":4,"enemies":"Shelled Parasite and Fungi","floor":29,"turns":5},{"damage":0,"enemies":"Snake Plant","floor":31,"turns":3},{"damage":13,"enemies":"Collector","floor":33,"turns":7},{"damage":0,"enemies":"Orb Walker","floor":35,"turns":4},{"damage":0,"enemies":"3 Shapes","floor":36,"turns":6},{"damage":0,"enemies":"Mind Bloom Boss Battle","floor":37,"turns":6},{"damage":16,"enemies":"Writhing Mass","floor":42,"turns":6},{"damage":11,"enemies":"Sphere and 2 Shapes","floor":45,"turns":4},{"damage":0,"enemies":"4 Shapes","floor":47,"turns":6},{"damage":0,"enemies":"Jaw Worm Horde","floor":48,"turns":4},{"damage":17,"enemies":"Donu and Deca","floor":50,"turns":7}],"seed_played":"-2985353964548796919","potions_obtained":[{"floor":4,"key":"Fire Potion"},{"floor":10,"key":"Explosive Potion"},{"floor":11,"key":"Regen Potion"},{"floor":16,"key":"Fire Potion"},{"floor":19,"key":"GhostInAJar"},{"floor":22,"key":"FearPotion"},{"floor":24,"key":"SkillPotion"},{"floor":29,"key":"Strength Potion"},{"floor":31,"key":"SteroidPotion"},{"floor":33,"key":"GhostInAJar"},{"floor":35,"key":"AttackPotion"},{"floor":36,"key":"Fire Potion"}],"is_trial":false,"path_per_floor":["M","?","$","M","M","R","M","R","T","M","E","$","M","M","R","B",null,"M","M","?","?","M","R","M","$","T","?","R","M","$","M","R","B",null,"M","M","?","?","T","R","$","M","T","R","M","$","M","M","R","B",null],"character_chosen":"THE_SILENT","items_purchased":["Blur","Noxious Fumes","Footwork","Apotheosis","Catalyst","PowerPotion","Swift Potion"],"campfire_rested":4,"item_purchase_floors":[3,3,12,25,41,41,46],"current_hp_per_floor":[60,60,60,60,59,59,59,59,59,59,54,54,54,54,54,51,65,65,65,51,51,50,50,47,47,47,34,56,52,52,52,52,39,66,66,66,66,66,66,75,75,59,59,75,64,64,64,64,75,58],"gold":93,"neow_bonus":"HUNDRED_GOLD","is_prod":false,"is_daily":false,"chose_seed":false,"campfire_upgraded":5,"win_rate":0,"timestamp":1546328160,"path_taken":["M","?","$","?","M","R","M","R","T","?","E","?","M","M","R","BOSS","M","M","?","?","M","R","M","$","T","?","R","M","?","M","R","BOSS","M","M","?","?","?","R","$","M","T","R","?","$","M","M","R","BOSS"],"build_version":"2018-12-20","purchased_purges":3,"victory":true,"max_hp_per_floor":[70,70,70,70,70,70,70,70,70,70,70,70,70,70,70,70,70,70,70,70,70,70,70,70,70,70,75,75,75,75,75,75,75,75,75,75,75,75,75,75,75,75,75,75,75,75,75,75,75,75],"card_choices":[{"not_picked":["Dodge and Roll","Flying Knee"],"picked":"Predator","floor":1.0},{"not_picked":["Slice","Outmaneuver"],"picked":"Dash","floor":4},{"not_picked":["Quick Slash","Poisoned Stab"],"picked":"Well Laid Plans","floor":5},{"not_picked":["Underhanded Strike","Outmaneuver"],"picked":"PiercingWail","floor":7},{"not_picked":["Setup","Choke"],"picked":"Prepared","floor":10},{"not_picked":["Unload","Deadly Poison"],"picked":"Dagger Spray","floor":11},{"not_picked":["Choke","Skewer"],"picked":"Infinite Blades","floor":13},{"not_picked":["Finisher","Reflex"],"picked":"Escape Plan","floor":14},{"not_picked":["Die Die Die","Corpse Explosion"],"picked":"Envenom","floor":16},{"not_picked":[],"picked":"Deadly Poison","floor":18},{"not_picked":["Poisoned Stab"],"picked":"SKIP","floor":19},{"not_picked":["Skewer"],"picked":"SKIP","floor":22},{"not_picked":[],"picked":"Noxious Fumes+1","floor":24},{"not_picked":[],"picked":"Accuracy","floor":29},{"not_picked":["Flying Knee"],"picked":"SKIP","floor":31},{"not_picked":["Deadly Poison+1"],"picked":"SKIP","floor":35},{"not_picked":["Blade Dance"],"picked":"SKIP","floor":36},{"not_picked":[],"picked":"Bouncing Flask+1","floor":42},{"not_picked":["Blade Dance+1"],"picked":"SKIP","floor":45},{"not_picked":[],"picked":"Noxious Fumes","floor":47},{"not_picked":["Choke"],"picked":"SKIP","floor":48}],"player_experience":303069,"relics_obtained":[{"floor":9,"key":"Mummified Hand"},{"floor":11,"key":"FossilizedHelix"},{"floor":20,"key":"Red Mask"},{"floor":26,"key":"Sundial"},{"floor":37,"key":"The Specimen"},{"floor":39,"key":"Snake Skull"},{"floor":43,"key":"Calipers"}],"event_choices":[{"damage_healed":0,"gold_gain":0,"player_choice":"Leave","damage_taken":0,"max_hp_gain":0,"max_hp_loss":0,"event_name":"FaceTrader","floor":2,"gold_loss":0},{"damage_healed":0,"gold_gain":0,"player_choice":"Fought Bandits","damage_taken":0,"max_hp_gain":0,"max_hp_loss":0,"event_name":"Masked Bandits","floor":20,"gold_loss":0},{"damage_healed":0,"gold_gain":0,"player_choice":"Fight","damage_taken":0,"max_hp_gain":0,"max_hp_loss":0,"event_name":"Colosseum","floor":21,"gold_loss":0},{"damage_healed":0,"gold_gain":0,"player_choice":"Fled From Nobs","damage_taken":0,"max_hp_gain":0,"max_hp_loss":0,"event_name":"Colosseum","floor":21,"gold_loss":0},{"damage_healed":0,"gold_gain":0,"player_choice":"Shed Blood","damage_taken":18,"max_hp_gain":5,"max_hp_loss":0,"event_name":"Forgotten Altar","floor":27,"gold_loss":0},{"damage_healed":0,"gold_gain":0,"player_choice":"Fight","damage_taken":0,"max_hp_gain":0,"max_hp_loss":0,"event_name":"MindBloom","floor":37,"gold_loss":0},{"damage_healed":0,"gold_gain":0,"player_choice":"Ignored","damage_taken":0,"max_hp_gain":0,"max_hp_loss":0,"event_name":"Mysterious Sphere","floor":38,"gold_loss":0}],"is_beta":false,"boss_relics":[{"not_picked":["Lizard Tail","WristBlade"],"picked":"Busted Crown"},{"not_picked":["Tiny House","Philosopher\u0027s Stone"],"picked":"Fusion Hammer"}],"items_purged_floors":[3,25,41],"is_endless":false,"potions_floor_spawned":[4,10,11,16,19,22,24,29,31,33,35,36,45,47],"ascension_level":7}