{"path_per_floor":["M","M","M","?","T","E","M","M","T","?","$","M","M","M","R","B",null,"M","T","M","M","M","R","M","M","T","?","M","?","M","E","R","B",null,"M","?","M","?","?","R","$","$","T","R","$","M","R","$","R","B"],"character_chosen":"THE_SILENT","items_purchased":["Infinite Blades","Happy Flower","Torii","Panache","PowerPotion"],"gold_per_floor":[111,128,143,143,143,174,187,198,198,198,18,32,51,62,62,163,163,179,228,238,250,269,269,284,299,353,353,363,363,380,412,412,517,517,536,536,555,555,609,609,46,46,69,69,17,32,32,32,32,32],"floor_reached":51,"campfire_rested":3,"playtime":3994,"item_purchase_floors":[11,11,41,41,45],"current_hp_per_floor":[69,69,69,69,69,58,49,48,48,34,34,29,20,19,40,35,70,58,58,58,55,48,48,48,43,43,43,40,65,60,60,60,58,75,74,65,65,65,44,44,44,44,44,66,66,65,65,65,75,53],"items_purged":["Strike_G"],"gold":32,"score":698,"play_id":"8c5b2e36-a465-422d-a6bb-42cecbe37fb8","local_time":"20180605235540","is_prod":false,"is_daily":false,"chose_seed":false,"is_ascension_mode":false,"campfire_upgraded":4,"win_rate":0,"timestamp":1528257340,"campfire_choices":[{"floor":15,"key":"REST"},{"data":"After Image","floor":23,"key":"SMITH"},{"data":"Infinite Blades","floor":32,"key":"SMITH"},{"data":"Cloak And Dagger","floor":40,"key":"SMITH"},{"floor":44,"key":"REST"},{"data":"Wraith Form v2","floor":47,"key":"SMITH"},{"floor":49,"key":"REST"}],"path_taken":["M","M","?","?","?","E","M","M","T","?","$","M","M","?","R","BOSS","M","?","M","M","M","R","M","M","T","?","M","?","M","E","R","BOSS","M","?","M","?","?","R","?","$","T","R","?","M","R","$","R","BOSS"],"build_version":"2018-05-31","seed_source_timestamp":449388594324005,"purchased_purges":1,"victory":true,"master_deck":["Defend_G","Defend_G","Defend_G","Defend_G","Defend_G","Strike_G+1","Strike_G+1","Survivor","Neutralize","Skewer+1","Cloak And Dagger","Cloak And Dagger","Terror","Slice","Phantasmal Killer","Infinite Blades+1","Dodge and Roll","PiercingWail","Noxious Fumes","After Image+1","Choke","Backstab+1","PiercingWail","Dash+1","Terror","Cloak And Dagger+1","Cloak And Dagger","Escape Plan","Noxious Fumes","Wraith Form v2+1","PiercingWail+1","Madness","Madness","Escape Plan+1","Escape Plan","Panache","Clumsy","Slice"],"max_hp_per_floor":[70,70,70,70,70,70,70,70,70,70,70,70,70,70,70,70,70,70,70,70,70,70,70,70,75,75,75,75,75,75,75,75,75,75,75,75,75,75,75,75,75,75,75,75,75,75,75,75,75,75],"relics":["Ring of the Snake","Vajra","Mercury Hourglass","Ice Cream","Sundial","Happy Flower","White Beast Statue","Oddly Smooth Stone","Whetstone","Anchor","Cursed Key","Unceasing Top","Torii","Bag of Preparation"],"card_choices":[{"not_picked":["Backstab","Quick Slash"],"picked":"Skewer","floor":1.0},{"not_picked":["Poisoned Stab","Acrobatics"],"picked":"Cloak And Dagger","floor":2.0},{"not_picked":["Deadly Poison","Prepared"],"picked":"Cloak And Dagger","floor":3},{"not_picked":["Dagger Spray","Dagger Throw"],"picked":"Terror","floor":6},{"not_picked":["Outmaneuver","Quick Slash"],"picked":"Slice","floor":7},{"not_picked":["Riddle With Holes","Underhanded Strike"],"picked":"Phantasmal Killer","floor":8},{"not_picked":["Dagger Throw","Reflex"],"picked":"Dodge and Roll","floor":12},{"not_picked":["Underhanded Strike","Quick Slash"],"picked":"PiercingWail","floor":13},{"not_picked":["Poisoned Stab","All Out Attack"],"picked":"Noxious Fumes","floor":14},{"not_picked":["Storm of Steel","Corpse Explosion"],"picked":"After Image","floor":16},{"not_picked":["Deflect","PiercingWail"],"picked":"Choke","floor":18},{"not_picked":["Dagger Spray","Dagger Throw"],"picked":"Backstab","floor":20},{"not_picked":["Backflip","Prepared"],"picked":"PiercingWail","floor":21},{"not_picked":["Dodge and Roll","Flechettes+1"],"picked":"Dash+1","floor":22},{"not_picked":["Calculated Gamble+1","Poisoned Stab"],"picked":"Terror","floor":24},{"not_picked":["Quick Slash","Predator"],"picked":"Cloak And Dagger","floor":25},{"not_picked":["Choke","Underhanded Strike+1"],"picked":"Cloak And Dagger","floor":28},{"not_picked":["Bane","Reflex"],"picked":"Escape Plan","floor":30},{"not_picked":["Tools of the Trade","Dagger Spray+1"],"picked":"Noxious Fumes","floor":31},{"not_picked":["Corpse Explosion","Tactician"],"picked":"Wraith Form v2","floor":33},{"not_picked":["Heel Hook+1","Outmaneuver"],"picked":"PiercingWail+1","floor":35},{"not_picked":["Predator+1","Reflex"],"picked":"Escape Plan+1","floor":37},{"not_picked":["Dagger Throw+1","Sucker Punch"],"picked":"Escape Plan","floor":39},{"not_picked":["Quick Slash+1","Eviscerate"],"picked":"Slice","floor":46}],"player_experience":377126,"potions_floor_usage":[6,6,16,18,20,21,22,25,28,30,31,33,33,35,39,39,50,50,50],"damage_taken":[{"damage":1.0,"enemies":"Cultist","floor":1.0,"turns":4.0},{"damage":0.0,"enemies":"Small Slimes","floor":2.0,"turns":3.0},{"damage":0,"enemies":"Jaw Worm","floor":3,"turns":3},{"damage":11,"enemies":"Lagavulin","floor":6,"turns":5},{"damage":9,"enemies":"Exordium Thugs","floor":7,"turns":5},{"damage":1,"enemies":"Exordium Wildlife","floor":8,"turns":4},{"damage":5,"enemies":"2 Fungi Beasts","floor":12,"turns":2},{"damage":9,"enemies":"Blue Slaver","floor":13,"turns":2},{"damage":1,"enemies":"Looter","floor":14,"turns":2},{"damage":5,"enemies":"The Guardian","floor":16,"turns":9},{"damage":12,"enemies":"Shell Parasite","floor":18,"turns":5},{"damage":0,"enemies":"Spheric Guardian","floor":20,"turns":3},{"damage":3,"enemies":"Snake Plant","floor":21,"turns":4},{"damage":7,"enemies":"Centurion and Healer","floor":22,"turns":6},{"damage":0,"enemies":"Snecko","floor":24,"turns":4},{"damage":10,"enemies":"3 Cultists","floor":25,"turns":6},{"damage":3,"enemies":"Slaver and Parasite","floor":28,"turns":4},{"damage":5,"enemies":"Snake Plant","floor":30,"turns":3},{"damage":0,"enemies":"Book of Stabbing","floor":31,"turns":6},{"damage":2,"enemies":"Automaton","floor":33,"turns":8},{"damage":1,"enemies":"3 Darklings","floor":35,"turns":6},{"damage":0,"enemies":"3 Shapes","floor":37,"turns":5},{"damage":21,"enemies":"Mysterious Sphere","floor":39,"turns":6},{"damage":1,"enemies":"Maw","floor":46,"turns":6},{"damage":22,"enemies":"Donu and Deca","floor":50,"turns":9}],"relics_obtained":[{"floor":5,"key":"Mercury Hourglass"},{"floor":6,"key":"Ice Cream"},{"floor":9,"key":"Sundial"},{"floor":19,"key":"Oddly Smooth Stone"},{"floor":26,"key":"Whetstone"},{"floor":31,"key":"Anchor"},{"floor":39,"key":"Unceasing Top"},{"floor":43,"key":"Bag of Preparation"}],"event_choices":[{"event_name":"Living Wall","player_choice":"Change","floor":4,"damage_taken":0},{"event_name":"Shining Light","player_choice":"Entered Light","floor":10,"damage_taken":0},{"event_name":"Back to Basics","player_choice":"Elegance","floor":27,"damage_taken":0},{"event_name":"The Library","player_choice":"Heal","floor":29,"damage_taken":0},{"event_name":"Winding Halls","player_choice":"Embrace Madness","floor":36,"damage_taken":0},{"event_name":"Mysterious Sphere","player_choice":"Fight","floor":39,"damage_taken":0}],"boss_relics":[{"not_picked":["Velvet Choker","Runic Dome"],"picked":"White Beast Statue"},{"not_picked":["Black Star","Runic Pyramid"],"picked":"Cursed Key"}],"items_purged_floors":[41],"potions_floor_spawned":[1,3,14,16,18,20,21,22,24,25,28,30,31,33,35,37,39,46],"seed_played":"90655594928521789","ascension_level":0,"potions_obtained":[{"floor":1.0,"key":"Explosive Potion"},{"floor":3,"key":"LiquidBronze"},{"floor":14,"key":"Block Potion"},{"floor":16,"key":"Strength Potion"},{"floor":18,"key":"AttackPotion"},{"floor":20,"key":"GhostInAJar"},{"floor":21,"key":"Ancient Potion"},{"floor":22,"key":"Block Potion"},{"floor":24,"key":"Fruit Juice"},{"floor":25,"key":"Strength Potion"},{"floor":28,"key":"GhostInAJar"},{"floor":30,"key":"Fire Potion"},{"floor":31,"key":"Strength Potion"},{"floor":33,"key":"SkillPotion"},{"floor":35,"key":"AttackPotion"},{"floor":37,"key":"Fire Potion"},{"floor":39,"key":"EssenceOfSteel"},{"floor":46,"key":"EssenceOfSteel"}],"is_trial":false}