{"path_per_floor":["M","?","M","T","?","E","M","$","T","M","M","T","R","M","R","B",null,"M","?","$","M","M","R","M","M","T","R","E","$","M","$","R"],"character_chosen":"THE_SILENT","items_purchased":["Noxious Fumes","Happy Flower","Cloak And Dagger","Accuracy","Slice","Caltrops"],"gold_per_floor":[118,193,204,204,204,237,250,135,208,228,238,238,238,255,255,359,359,369,369,14,24,34,34,48,63,63,63,95,0,12,12,12,12],"floor_reached":33,"campfire_rested":5,"playtime":2923,"item_purchase_floors":[8,20,20,20,29,29],"current_hp_per_floor":[65,54,50,50,36,11,16,16,26,26,15,22,48,48,74,20,87,59,51,51,37,7,33,19,8,8,34,28,28,15,15,41,0],"items_purged":["Strike_G","Strike_G"],"gold":12,"score":294,"play_id":"c02a47ed-5f68-4b17-b83b-ec97e277850d","local_time":"20180601123035","is_prod":false,"is_daily":false,"chose_seed":false,"is_ascension_mode":false,"campfire_upgraded":0,"win_rate":0.0,"timestamp":1527870635,"campfire_choices":[{"floor":13,"key":"REST"},{"floor":15,"key":"REST"},{"floor":23,"key":"REST"},{"floor":27,"key":"REST"},{"floor":32,"key":"REST"}],"path_taken":["M","?","M","?","?","E","?","$","T","M","M","?","R","M","R","BOSS","M","?","$","M","?","R","M","M","T","R","E","?","?","?","R","BOSS"],"build_version":"2018-05-31","seed_source_timestamp":63846700737790,"purchased_purges":2,"victory":false,"master_deck":["Defend_G","Defend_G+1","Defend_G+1","Defend_G","Defend_G","Strike_G","Strike_G","Strike_G","Survivor","Neutralize","Backflip","Sucker Punch","A Thousand Cuts","Sucker Punch","Noxious Fumes","Blade Dance","Well Laid Plans","Caltrops","A Thousand Cuts","Well Laid Plans","Cloak And Dagger","Accuracy","Heel Hook","Dash","Endless Agony","Choke","Deflect","Slice","Caltrops","Flying Knee+1","Dagger Spray"],"max_hp_per_floor":[70,70,70,70,70,70,70,70,80,80,80,87,87,87,87,87,87,87,87,87,87,87,87,87,87,87,87,87,87,87,87,87,87],"relics":["Ring of the Snake","Ancient Tea Set","Omamori","Pear","Strawberry","Cursed Key","Happy Flower","Bottled Flame","Prayer Wheel"],"card_choices":[{"not_picked":["Deflect","Riddle With Holes"],"picked":"Backflip","floor":1},{"not_picked":["Accuracy","Slice"],"picked":"Sucker Punch","floor":3},{"not_picked":["Prepared","Dagger Throw"],"picked":"A Thousand Cuts","floor":6},{"not_picked":["Poisoned Stab","Slice"],"picked":"Sucker Punch","floor":7},{"not_picked":["Sucker Punch","Riddle With Holes"],"picked":"Blade Dance","floor":10},{"not_picked":["Outmaneuver","Dodge and Roll"],"picked":"Well Laid Plans","floor":11},{"not_picked":["Acrobatics","Dagger Spray"],"picked":"Caltrops","floor":14},{"not_picked":["Night Terror","Glass Knife"],"picked":"A Thousand Cuts","floor":16},{"not_picked":["Bane","Backflip"],"picked":"Well Laid Plans","floor":18},{"not_picked":["Prepared+1","Deadly Poison"],"picked":"Heel Hook","floor":21},{"not_picked":["Skewer+1","Sucker Punch"],"picked":"Dash","floor":22},{"not_picked":["Dagger Spray","Bane+1"],"picked":"Endless Agony","floor":24},{"not_picked":["Dagger Throw","PiercingWail"],"picked":"Choke","floor":25},{"not_picked":["Poisoned Stab+1","Bane"],"picked":"Deflect","floor":28},{"not_picked":["Sucker Punch","Bane+1"],"picked":"Flying Knee+1","floor":30},{"not_picked":["Deadly Poison","Unload"],"picked":"Dagger Spray","floor":30}],"player_experience":249550,"potions_floor_usage":[6,7,18,21,25,30,33],"damage_taken":[{"damage":5,"enemies":"Small Slimes","floor":1,"turns":4},{"damage":4,"enemies":"Cultist","floor":3,"turns":5},{"damage":25,"enemies":"Gremlin Nob","floor":6,"turns":6},{"damage":7,"enemies":"Jaw Worm","floor":7,"turns":4},{"damage":0,"enemies":"2 Fungi Beasts","floor":10,"turns":6},{"damage":11,"enemies":"Exordium Wildlife","floor":11,"turns":5},{"damage":0,"enemies":"Large Slime","floor":14,"turns":4},{"damage":54,"enemies":"Slime Boss","floor":16,"turns":12},{"damage":33,"enemies":"2 Thieves","floor":18,"turns":4},{"damage":26,"enemies":"Shell Parasite","floor":21,"turns":5},{"damage":30,"enemies":"Snake Plant","floor":22,"turns":5},{"damage":14,"enemies":"Centurion and Healer","floor":24,"turns":6},{"damage":11,"enemies":"3 Cultists","floor":25,"turns":5},{"damage":6,"enemies":"Gremlin Leader","floor":28,"turns":8},{"damage":13,"enemies":"Snake Plant","floor":30,"turns":3},{"damage":42,"enemies":"Collector","floor":33,"turns":6}],"relics_obtained":[{"floor":4,"key":"Ancient Tea Set"},{"floor":6,"key":"Omamori"},{"floor":9,"key":"Pear"},{"floor":12,"key":"Strawberry"},{"floor":26,"key":"Bottled Flame"},{"floor":28,"key":"Prayer Wheel"}],"event_choices":[{"event_name":"World of Goop","player_choice":"Gather Gold","floor":2,"damage_taken":0},{"event_name":"Shining Light","player_choice":"Entered Light","floor":5,"damage_taken":0},{"event_name":"Wheel of Change","player_choice":"Damage","floor":19,"damage_taken":0}],"boss_relics":[{"not_picked":["Runic Dome","Orrery"],"picked":"Cursed Key"}],"items_purged_floors":[8,20],"potions_floor_spawned":[3,6,14,16,18,24,28,30],"seed_played":"6866924429918893790","killed_by":"Collector","ascension_level":0,"potions_obtained":[{"floor":3,"key":"PowerPotion"},{"floor":6,"key":"Regen Potion"},{"floor":16,"key":"Regen Potion"},{"floor":18,"key":"Regen Potion"},{"floor":24,"key":"Fire Potion"},{"floor":28,"key":"FearPotion"},{"floor":30,"key":"Energy Potion"}],"is_trial":false}