{"gold_per_floor":[119,8,19,39,39,39,52,92,169,12,12,12,26,46,46,165,165,181,96,60,185,199,199,199],"floor_reached":24,"playtime":879,"items_purged":["Strike_B"],"score":216,"play_id":"e32a0e5a-e91c-48fc-bbc3-c50f9cf49772","local_time":"20190211194252","is_ascension_mode":true,"campfire_choices":[{"data":"Zap","floor":6,"key":"SMITH"},{"floor":12,"key":"REST"},{"data":"Recycle","floor":15,"key":"SMITH"},{"floor":23,"key":"REST"}],"neow_cost":"NONE","seed_source_timestamp":9290108644189,"circlet_count":0,"master_deck":["Strike_B","Strike_B","Strike_B","Defend_B","Defend_B","Defend_B","Zap+1","Dualcast","Compile Driver","Glacier","Recycle+1","Blizzard","Seek","Coolheaded+1","Blizzard","Coolheaded+1","Genetic Algorithm+1","Capacitor"],"relics":["Cracked Core","NeowsBlessing","Du-Vu Doll","Golden Idol","Orichalcum","Sundial","Philosopher\u0027s Stone","Ancient Tea Set","Prayer Wheel","Matryoshka"],"potions_floor_usage":[8,16,21,21],"damage_taken":[{"damage":0,"enemies":"2 Louse","floor":1,"turns":1},{"damage":0,"enemies":"Cultist","floor":3,"turns":1},{"damage":0,"enemies":"Small Slimes","floor":4,"turns":1},{"damage":2,"enemies":"Looter","floor":7,"turns":3},{"damage":36,"enemies":"Lagavulin","floor":8,"turns":5},{"damage":3,"enemies":"Red Slaver","floor":13,"turns":3},{"damage":1,"enemies":"2 Fungi Beasts","floor":14,"turns":3},{"damage":16,"enemies":"The Guardian","floor":16,"turns":12},{"damage":18,"enemies":"2 Thieves","floor":18,"turns":5},{"damage":13,"enemies":"Colosseum Slavers","floor":21,"turns":4},{"damage":19,"enemies":"Colosseum Nobs","floor":21,"turns":5},{"damage":9,"enemies":"Spheric Guardian","floor":22,"turns":5},{"damage":51,"enemies":"Masked Bandits","floor":24,"turns":3}],"seed_played":"-1711794149662710982","potions_obtained":[{"floor":3,"key":"FearPotion"},{"floor":7,"key":"FearPotion"},{"floor":14,"key":"Poison Potion"},{"floor":16,"key":"Energy Potion"}],"is_trial":false,"path_per_floor":["M","?","M","M","?","R","M","E","T","$","?","R","M","M","R","B",null,"M","?","$","?","M","R","?"],"character_chosen":"DEFECT","items_purchased":["Recycle","Blizzard"],"campfire_rested":2,"item_purchase_floors":[10,20],"current_hp_per_floor":[75,75,75,75,57,57,55,19,19,19,19,41,38,37,37,21,75,57,57,57,25,16,38,0],"gold":199,"neow_bonus":"THREE_ENEMY_KILL","is_prod":false,"is_daily":false,"chose_seed":false,"campfire_upgraded":2,"win_rate":0,"timestamp":1549910572,"path_taken":["M","?","M","?","?","R","M","E","T","$","?","R","?","M","R","BOSS","M","?","$","?","M","R","?"],"build_version":"2019-01-23","purchased_purges":1,"victory":false,"max_hp_per_floor":[75,75,75,75,75,75,75,75,75,75,75,75,75,75,75,75,75,75,75,75,75,75,75,75],"card_choices":[{"not_picked":["Hologram","Redo","Steam"],"picked":"SKIP","floor":1},{"not_picked":["Steam","Static Discharge"],"picked":"Compile Driver","floor":3},{"not_picked":["Gash","Melter"],"picked":"Glacier","floor":4},{"not_picked":["Doom and Gloom","Stack","Glacier"],"picked":"SKIP","floor":7},{"not_picked":["Heatsinks","Streamline","Scrape"],"picked":"SKIP","floor":8},{"not_picked":["Biased Cognition","Turbo"],"picked":"Blizzard","floor":13},{"not_picked":["Recycle","Streamline","Steam"],"picked":"SKIP","floor":14},{"not_picked":["Multi-Cast","All For One"],"picked":"Seek","floor":16},{"not_picked":["Barrage","Redo+1"],"picked":"Coolheaded+1","floor":18},{"not_picked":["Turbo","Stack+1"],"picked":"Coolheaded+1","floor":21},{"not_picked":["Gash+1","Steam Power+1"],"picked":"Genetic Algorithm+1","floor":22},{"not_picked":["Recycle","Stack"],"picked":"Capacitor","floor":22}],"player_experience":60958,"relics_obtained":[{"floor":8,"key":"Orichalcum"},{"floor":9,"key":"Sundial"},{"floor":21,"key":"Prayer Wheel"},{"floor":21,"key":"Matryoshka"}],"event_choices":[{"damage_healed":0,"gold_gain":0,"player_choice":"Paid Gold","damage_taken":0,"relics_obtained":["Du-Vu Doll"],"max_hp_gain":0,"max_hp_loss":0,"event_name":"WeMeetAgain","floor":2,"gold_loss":111},{"damage_healed":0,"gold_gain":0,"player_choice":"Take Damage","damage_taken":18,"relics_obtained":["Golden Idol"],"max_hp_gain":0,"max_hp_loss":0,"event_name":"Golden Idol","floor":5,"gold_loss":0},{"cards_removed":["Defend_B"],"damage_healed":0,"gold_gain":0,"player_choice":"Purged","damage_taken":0,"max_hp_gain":0,"max_hp_loss":0,"event_name":"Purifier","floor":11,"gold_loss":0},{"damage_healed":0,"gold_gain":0,"player_choice":"Obtained Relic","damage_taken":0,"relics_obtained":["Ancient Tea Set"],"max_hp_gain":0,"max_hp_loss":0,"event_name":"Addict","floor":19,"gold_loss":85},{"damage_healed":0,"gold_gain":0,"player_choice":"Fight","damage_taken":0,"max_hp_gain":0,"max_hp_loss":0,"event_name":"Colosseum","floor":21,"gold_loss":0},{"damage_healed":0,"gold_gain":0,"player_choice":"Fought Nobs","damage_taken":0,"max_hp_gain":0,"max_hp_loss":0,"event_name":"Colosseum","floor":21,"gold_loss":0},{"damage_healed":0,"gold_gain":0,"player_choice":"Fought Bandits","damage_taken":0,"max_hp_gain":0,"max_hp_loss":0,"event_name":"Masked Bandits","floor":24,"gold_loss":0}],"is_beta":false,"boss_relics":[{"not_picked":["Lizard Tail","Runic Dome"],"picked":"Philosopher\u0027s Stone"}],"items_purged_floors":[10],"is_endless":false,"potions_floor_spawned":[3,7,14,16,21],"killed_by":"Masked Bandits","ascension_level":2}