{"gold_per_floor":[114,189,189,202,127,143,168,183,183,202,222,222,222,253,253,354,354,340,202,218,229,229,229,229,239,265,265,300,300,313,330,330,431,431,443,490,86,86],"floor_reached":38,"playtime":2436,"items_purged":["Defend_R","Strike_R","Strike_R"],"score":467,"play_id":"d9c0a574-54eb-4301-9e36-7d07d364b749","local_time":"20190212193004","is_ascension_mode":true,"campfire_choices":[{"data":"Bash","floor":13,"key":"SMITH"},{"data":"True Grit","floor":15,"key":"SMITH"},{"floor":23,"key":"REST"},{"floor":27,"key":"REST"},{"floor":29,"key":"REST"},{"data":"Metallicize","floor":32,"key":"SMITH"}],"neow_cost":"NONE","seed_source_timestamp":4792902160098,"circlet_count":0,"master_deck":["Strike_R","Strike_R","Defend_R","Defend_R","Bash+1","Reckless Charge","Disarm","True Grit+1","Disarm","Flame Barrier","Shrug It Off","Demon Form","Metallicize+1","Ghostly Armor+1","Whirlwind+1","Metallicize"],"relics":["Burning Blood","Regal Pillow","Charon\u0027s Ashes","Matryoshka","Molten Egg 2","Runic Dome","Gremlin Horn","Lantern","Lizard Tail","Du-Vu Doll","Medical Kit"],"potions_floor_usage":[7,7,16,24,30,30,33,36,36],"damage_taken":[{"damage":7,"enemies":"Small Slimes","floor":1,"turns":3},{"damage":9,"enemies":"Jaw Worm","floor":4,"turns":3},{"damage":0,"enemies":"2 Louse","floor":6,"turns":3},{"damage":17,"enemies":"Lagavulin","floor":7,"turns":4},{"damage":6,"enemies":"Looter","floor":8,"turns":4},{"damage":4,"enemies":"Blue Slaver","floor":10,"turns":4},{"damage":15,"enemies":"2 Fungi Beasts","floor":11,"turns":3},{"damage":10,"enemies":"Gremlin Nob","floor":14,"turns":4},{"damage":24,"enemies":"The Guardian","floor":16,"turns":15},{"damage":11,"enemies":"2 Thieves","floor":18,"turns":4},{"damage":8,"enemies":"Chosen","floor":20,"turns":5},{"damage":22,"enemies":"Centurion and Healer","floor":21,"turns":7},{"damage":33,"enemies":"Colosseum Slavers","floor":24,"turns":6},{"damage":7,"enemies":"Snake Plant","floor":25,"turns":5},{"damage":60,"enemies":"Slavers","floor":28,"turns":10},{"damage":10,"enemies":"3 Cultists","floor":30,"turns":7},{"damage":7,"enemies":"Centurion and Healer","floor":31,"turns":6},{"damage":38,"enemies":"Collector","floor":33,"turns":9},{"damage":12,"enemies":"Orb Walker","floor":35,"turns":5},{"damage":116,"enemies":"2 Orb Walkers","floor":36,"turns":8},{"damage":14,"enemies":"3 Shapes","floor":38,"turns":1}],"seed_played":"6161031765022964441","potions_obtained":[{"floor":4,"key":"Block Potion"},{"floor":6,"key":"Strength Potion"},{"floor":8,"key":"Regen Potion"},{"floor":18,"key":"FearPotion"},{"floor":20,"key":"PowerPotion"},{"floor":25,"key":"Ancient Potion"},{"floor":28,"key":"Explosive Potion"},{"floor":30,"key":"AttackPotion"},{"floor":33,"key":"Strength Potion"}],"is_trial":false,"path_per_floor":["M","?","?","M","$","M","E","M","T","M","M","?","R","E","R","B",null,"M","$","M","M","?","R","?","M","T","R","E","R","M","M","R","B",null,"M","?","$","M"],"character_chosen":"IRONCLAD","items_purchased":["Metallicize","Medical Kit","Metallicize"],"campfire_rested":3,"item_purchase_floors":[19,37,37],"current_hp_per_floor":[79,68,68,65,65,71,60,60,60,62,53,46,46,42,42,39,80,75,75,73,57,42,82,55,54,54,85,31,71,67,66,66,34,85,79,11,11,0],"gold":86,"neow_bonus":"RANDOM_COMMON_RELIC","is_prod":false,"is_daily":false,"chose_seed":false,"campfire_upgraded":3,"win_rate":0,"timestamp":1550021404,"path_taken":["M","?","?","M","?","M","E","M","T","M","M","?","R","E","R","BOSS","M","$","M","M","?","R","?","M","T","R","E","R","M","M","R","BOSS","M","?","$","M"],"build_version":"2019-02-06","purchased_purges":3,"victory":false,"max_hp_per_floor":[80,80,80,80,80,80,80,80,80,80,80,80,80,80,80,80,80,80,80,80,80,85,85,85,85,85,85,85,85,85,85,85,85,85,85,85,85,85],"card_choices":[{"not_picked":["Cleave","Perfected Strike"],"picked":"Reckless Charge","floor":1},{"not_picked":["Thunderclap","Burning Pact"],"picked":"Disarm","floor":4},{"not_picked":["Headbutt","Flex"],"picked":"True Grit","floor":6},{"not_picked":["Rampage","Heavy Blade"],"picked":"Disarm","floor":7},{"not_picked":["Ghostly Armor","Wild Strike","Thunderclap"],"picked":"SKIP","floor":8},{"not_picked":["Heavy Blade","Twin Strike","Battle Trance"],"picked":"SKIP","floor":10},{"not_picked":["Wild Strike","Dark Embrace"],"picked":"Flame Barrier","floor":11},{"not_picked":["Wild Strike","Cleave"],"picked":"Shrug It Off","floor":14},{"not_picked":["Juggernaut","Exhume"],"picked":"Demon Form","floor":16},{"not_picked":["Combust","Reckless Charge+1","Armaments"],"picked":"SKIP","floor":18},{"not_picked":["Sever Soul+1","Heavy Blade+1","Fire Breathing+1"],"picked":"SKIP","floor":20},{"not_picked":["True Grit","Combust"],"picked":"Ghostly Armor+1","floor":21},{"not_picked":["Headbutt+1","True Grit","Burning Pact+1"],"picked":"SKIP","floor":25},{"not_picked":["Dropkick+1","Intimidate","Armaments"],"picked":"SKIP","floor":28},{"not_picked":["Wild Strike+1","Burning Pact"],"picked":"Whirlwind+1","floor":30},{"not_picked":["Clothesline+1","Seeing Red","Whirlwind+1"],"picked":"SKIP","floor":31},{"not_picked":["Pommel Strike+1","Rampage+1","Anger+1"],"picked":"SKIP","floor":35}],"player_experience":120238,"relics_obtained":[{"floor":7,"key":"Charon\u0027s Ashes"},{"floor":9,"key":"Matryoshka"},{"floor":14,"key":"Molten Egg 2"},{"floor":26,"key":"Gremlin Horn"},{"floor":28,"key":"Lantern"},{"floor":36,"key":"Du-Vu Doll"}],"event_choices":[{"damage_healed":0,"gold_gain":75,"player_choice":"Gather Gold","damage_taken":11,"max_hp_gain":0,"max_hp_loss":0,"event_name":"World of Goop","floor":2,"gold_loss":0},{"cards_removed":["Strike_R"],"damage_healed":0,"gold_gain":0,"player_choice":"Forget","damage_taken":0,"max_hp_gain":0,"max_hp_loss":0,"event_name":"Living Wall","floor":3,"gold_loss":0},{"cards_removed":["Defend_R"],"damage_healed":0,"gold_gain":0,"player_choice":"Card Removal","damage_taken":7,"max_hp_gain":0,"max_hp_loss":0,"event_name":"Golden Wing","floor":12,"gold_loss":0},{"damage_healed":0,"gold_gain":0,"player_choice":"Shed Blood","damage_taken":20,"max_hp_gain":5,"max_hp_loss":0,"event_name":"Forgotten Altar","floor":22,"gold_loss":0},{"damage_healed":0,"gold_gain":0,"player_choice":"Fight","damage_taken":0,"max_hp_gain":0,"max_hp_loss":0,"event_name":"Colosseum","floor":24,"gold_loss":0},{"damage_healed":0,"gold_gain":0,"player_choice":"Fled From Nobs","damage_taken":0,"max_hp_gain":0,"max_hp_loss":0,"event_name":"Colosseum","floor":24,"gold_loss":0},{"damage_healed":0,"gold_gain":0,"player_choice":"Fight","damage_taken":0,"max_hp_gain":0,"max_hp_loss":0,"event_name":"Mysterious Sphere","floor":36,"gold_loss":0}],"is_beta":true,"boss_relics":[{"not_picked":["Tiny House","Black Blood"],"picked":"Runic Dome"},{"not_picked":["Eternal Feather","Coffee Dripper"],"picked":"Lizard Tail"}],"items_purged_floors":[5,19,37],"is_endless":false,"potions_floor_spawned":[4,6,8,18,20,25,28,30,33],"killed_by":"3 Shapes","ascension_level":3}