{"gold_per_floor":[117,192,204,4,4,32,50,50,50,68,115,142,142,162,162,257,257,273,273,285,302,302,302,332,332,332,332,350,350,365,41,41,144,144,161,161,206,306,306],"floor_reached":39,"playtime":2488,"items_purged":["Strike_B"],"score":457,"play_id":"5aecbc50-ce5e-4ee8-9457-49ff1ded114c","local_time":"20181206212209","is_ascension_mode":false,"campfire_choices":[{"data":"Self Repair","floor":8,"key":"SMITH"},{"data":"Doom and Gloom","floor":13,"key":"SMITH"},{"data":"Machine Learning","floor":15,"key":"SMITH"},{"floor":23,"key":"RECALL"},{"data":"Echo Form","floor":25,"key":"SMITH"},{"floor":32,"key":"REST"}],"neow_cost":"NONE","seed_source_timestamp":349955411407271,"circlet_count":0,"master_deck":["Strike_B","Strike_B","Defend_B","Defend_B","Defend_B","Defend_B","Zap+1","Dualcast","Stack","Self Repair+1","Ball Lightning","Compile Driver","Doom and Gloom+1","Sweeping Beam","FTL","Defragment","Machine Learning+1","Echo Form+1","BootSequence","Loop","Capacitor","Leap","Coolheaded","Conserve Battery","Gash","Seek","Redo+1","Heatsinks+1","Loop","Static Discharge+1","Redo+1","Leap","Defragment+1","Gash+1","Defragment","Buffer","Cold Snap+1","White Noise","Creative AI","Leap"],"relics":["Cracked Core","Blood Vial","Question Card","Orichalcum","Smiling Mask","Prayer Wheel","Orrery","Pear","Vajra","Bottled Flame","Bottled Lightning","Runic Capacitor","Sozu","Du-Vu Doll","Dead Branch"],"potions_floor_usage":[10,16,16,24,24],"damage_taken":[{"damage":8,"enemies":"2 Louse","floor":1,"turns":2},{"damage":5,"enemies":"Small Slimes","floor":3,"turns":3},{"damage":27,"enemies":"3 Sentries","floor":6,"turns":8},{"damage":0,"enemies":"Cultist","floor":7,"turns":3},{"damage":9,"enemies":"Exordium Thugs","floor":10,"turns":4},{"damage":8,"enemies":"Gremlin Nob","floor":12,"turns":4},{"damage":5,"enemies":"Large Slime","floor":14,"turns":3},{"damage":20,"enemies":"Hexaghost","floor":16,"turns":8},{"damage":12,"enemies":"3 Byrds","floor":18,"turns":6},{"damage":15,"enemies":"Spheric Guardian","floor":20,"turns":7},{"damage":9,"enemies":"Centurion and Healer","floor":21,"turns":8},{"damage":55,"enemies":"Book of Stabbing","floor":24,"turns":7},{"damage":28,"enemies":"3 Cultists","floor":28,"turns":5},{"damage":35,"enemies":"Snake Plant","floor":30,"turns":4},{"damage":26,"enemies":"Automaton","floor":33,"turns":8},{"damage":15,"enemies":"Orb Walker","floor":35,"turns":4},{"damage":64,"enemies":"2 Orb Walkers","floor":37,"turns":5},{"damage":9,"enemies":"Mind Bloom Boss Battle","floor":38,"turns":8},{"damage":23,"enemies":"3 Darklings","floor":39,"turns":4}],"seed_played":"1350664531146523245","potions_obtained":[{"floor":7,"key":"Block Potion"},{"floor":12,"key":"Regen Potion"},{"floor":14,"key":"Weak Potion"},{"floor":20,"key":"Regen Potion"},{"floor":21,"key":"Poison Potion"}],"is_trial":false,"path_per_floor":["M","?","M","$","?","E","M","R","T","M","T","E","R","M","R","B",null,"M","?","M","M","?","R","E","R","T","T","M","?","M","$","R","B",null,"M","?","?","?","M"],"character_chosen":"DEFECT","items_purchased":["Blood Vial","Ball Lightning","Runic Capacitor","Defragment"],"campfire_rested":1,"item_purchase_floors":[4,4,31,31],"current_hp_per_floor":[74,63,58,58,58,40,49,49,49,52,52,56,56,63,63,70,82,80,90,92,92,92,92,69,69,69,69,43,43,20,20,47,23,92,77,77,25,18,0],"gold":306,"neow_bonus":"TEN_PERCENT_HP_BONUS","is_prod":false,"is_daily":false,"chose_seed":false,"campfire_upgraded":4,"win_rate":0,"timestamp":1544149329,"path_taken":["M","?","M","$","?","E","M","R","T","?","?","E","R","M","R","BOSS","M","?","M","M","?","R","E","R","T","?","?","?","M","$","R","BOSS","M","?","?","?","?"],"build_version":"2018-12-06","purchased_purges":1,"victory":false,"max_hp_per_floor":[82,82,82,82,82,82,82,82,82,82,82,82,82,82,82,82,82,82,92,92,92,92,92,92,92,92,92,92,92,92,92,92,92,92,92,92,92,92,92],"card_choices":[{"not_picked":["Consume","Steam Power"],"picked":"Stack","floor":1},{"not_picked":["Conserve Battery","Tempest"],"picked":"Self Repair","floor":3},{"not_picked":["Hologram","Hyperbeam"],"picked":"Compile Driver","floor":6},{"not_picked":["Tempest","Ball Lightning","Compile Driver"],"picked":"Doom and Gloom","floor":7},{"not_picked":["White Noise","Turbo","Barrage"],"picked":"Sweeping Beam","floor":10},{"not_picked":["Skim","Gash","Fusion"],"picked":"FTL","floor":12},{"not_picked":["Ball Lightning","Coolheaded","Beam Cell"],"picked":"Defragment","floor":14},{"not_picked":["Redo","Turbo","FTL"],"picked":"Machine Learning","floor":14},{"not_picked":["Seek","Fission","Biased Cognition"],"picked":"Echo Form","floor":16},{"not_picked":["Melter","Stack","Sweeping Beam"],"picked":"BootSequence","floor":17},{"not_picked":["Barrage","Reprogram","Recycle"],"picked":"Loop","floor":17},{"not_picked":["Hyperbeam","Sunder","Gash"],"picked":"Capacitor","floor":17},{"not_picked":["Static Discharge","Sweeping Beam","Conserve Battery"],"picked":"Leap","floor":17},{"not_picked":["Tempest","Rebound","Fission"],"picked":"Coolheaded","floor":17},{"not_picked":["Undo+1","Barrage","Sweeping Beam"],"picked":"Conserve Battery","floor":18},{"not_picked":["Turbo","Darkness","Skim+1"],"picked":"Gash","floor":18},{"not_picked":["Barrage","Heatsinks+1","Consume+1"],"picked":"Seek","floor":20},{"not_picked":["Beam Cell+1","Compile Driver","Cold Snap"],"picked":"Redo","floor":20},{"not_picked":["Stack+1","Beam Cell","Go for the Eyes"],"picked":"Heatsinks+1","floor":21},{"not_picked":["Streamline","Sweeping Beam","Consume+1"],"picked":"Loop","floor":21},{"not_picked":["Fission","Beam Cell","Redo"],"picked":"Static Discharge+1","floor":24},{"not_picked":["Scrape","Genetic Algorithm","Cold Snap"],"picked":"Redo+1","floor":28},{"not_picked":["Rebound","Consume","Sweeping Beam"],"picked":"Leap","floor":28},{"not_picked":["Beam Cell+1","Consume+1","Loop"],"picked":"Defragment+1","floor":30},{"not_picked":["Loop+1","Streamline","White Noise"],"picked":"Gash+1","floor":30},{"not_picked":["Reboot","Fission","All For One"],"picked":"Buffer","floor":33},{"not_picked":["Conserve Battery+1","Rip and Tear","Steam Power+1"],"picked":"Cold Snap+1","floor":35},{"not_picked":["Sweeping Beam","Stack","Compile Driver"],"picked":"White Noise","floor":35},{"not_picked":["Cold Snap","Recycle","Storm"],"picked":"Creative AI","floor":37},{"not_picked":["Sweeping Beam+1","Tempest+1","Rebound"],"picked":"Leap","floor":38}],"player_experience":1787004,"relics_obtained":[{"floor":6,"key":"Question Card"},{"floor":9,"key":"Orichalcum"},{"floor":11,"key":"Smiling Mask"},{"floor":12,"key":"Prayer Wheel"},{"floor":24,"key":"Vajra"},{"floor":26,"key":"Bottled Flame"},{"floor":27,"key":"Bottled Lightning"},{"floor":37,"key":"Du-Vu Doll"},{"floor":38,"key":"Dead Branch"}],"event_choices":[{"damage_healed":0,"gold_gain":75,"player_choice":"Gather Gold","damage_taken":11,"max_hp_gain":0,"max_hp_loss":0,"event_name":"World of Goop","floor":2,"gold_loss":0},{"damage_healed":0,"gold_gain":0,"player_choice":"Forge","damage_taken":0,"max_hp_gain":0,"max_hp_loss":0,"event_name":"Accursed Blacksmith","floor":5,"gold_loss":0,"cards_upgraded":["Zap"]},{"damage_healed":0,"gold_gain":0,"player_choice":"Opened","damage_taken":0,"relics_obtained":["Pear"],"max_hp_gain":0,"max_hp_loss":0,"event_name":"The Mausoleum","floor":19,"gold_loss":0},{"damage_healed":0,"gold_gain":0,"player_choice":"Ignored","damage_taken":0,"max_hp_gain":0,"max_hp_loss":0,"event_name":"Vampires","floor":22,"gold_loss":0},{"damage_healed":0,"gold_gain":0,"player_choice":"Upgraded","damage_taken":0,"max_hp_gain":0,"max_hp_loss":0,"event_name":"Upgrade Shrine","floor":29,"gold_loss":0,"cards_upgraded":["Redo"]},{"cards_removed":["Strike_B"],"damage_healed":0,"gold_gain":0,"player_choice":"Removed Attack","damage_taken":0,"max_hp_gain":0,"max_hp_loss":0,"event_name":"Falling","floor":36,"gold_loss":0},{"damage_healed":0,"gold_gain":0,"player_choice":"Fight","damage_taken":0,"max_hp_gain":0,"max_hp_loss":0,"event_name":"Mysterious Sphere","floor":37,"gold_loss":0},{"damage_healed":0,"gold_gain":0,"player_choice":"Fight","damage_taken":0,"max_hp_gain":0,"max_hp_loss":0,"event_name":"MindBloom","floor":38,"gold_loss":0}],"is_beta":false,"boss_relics":[{"not_picked":["Pandora\u0027s Box","Runic Pyramid"],"picked":"Orrery"},{"not_picked":["Lizard Tail","Calling Bell"],"picked":"Sozu"}],"items_purged_floors":[31],"is_endless":false,"potions_floor_spawned":[7,12,14,20,21,35],"killed_by":"3 Darklings","ascension_level":0}