{"gold_per_floor":[116,128,128,42,54,54,79,79,79,112,122,122,132,151,151,230,230,247,247,172,188,103,103,120,139,220,220,49,64,64,77,77,154,154,165,36,52,52,52,52,66,66],"floor_reached":42,"playtime":1780,"items_purged":["Strike_B"],"score":920,"play_id":"40647348-2b20-4a73-ae38-7ab895503f8f","local_time":"20190208234700","is_ascension_mode":true,"campfire_choices":[{"data":"Zap","floor":6.0,"key":"SMITH"},{"data":"Sunder","floor":8.0,"key":"SMITH"},{"floor":12.0,"key":"DIG"},{"floor":15.0,"key":"REST"},{"floor":23.0,"key":"DIG"},{"floor":27.0,"key":"DIG"},{"floor":30.0,"key":"REST"},{"floor":32.0,"key":"REST"},{"floor":40,"key":"REST"}],"neow_cost":"NONE","seed_source_timestamp":465045664022993,"circlet_count":0,"master_deck":["AscendersBane","Defend_B","Defend_B","Defend_B","Defend_B","Zap+1","Dualcast","Heatsinks","Leap","Sunder+1","White Noise","Reinforced Body","Cold Snap","Defragment","Storm","Fission+1","Consume+1","Storm","White Noise+1","Ball Lightning","Defragment","Cold Snap","Core Surge","Capacitor","Coolheaded+1","Writhe","Hello World"],"special_seed":0,"relics":["Cracked Core","NeowsBlessing","Strawberry","Blue Candle","Shovel","Toxic Egg 2","Cursed Key","Boot","Smiling Mask","Singing Bowl","Pantograph","Bronze Scales","Empty Cage"],"potions_floor_usage":[35,41],"damage_taken":[{"damage":0.0,"enemies":"2 Louse","floor":1.0,"turns":1.0},{"damage":0.0,"enemies":"Cultist","floor":2.0,"turns":1.0},{"damage":0.0,"enemies":"Jaw Worm","floor":5.0,"turns":1.0},{"damage":10.0,"enemies":"3 Sentries","floor":7.0,"turns":5.0},{"damage":4.0,"enemies":"Gremlin Nob","floor":10.0,"turns":3.0},{"damage":1.0,"enemies":"2 Fungi Beasts","floor":11.0,"turns":4.0},{"damage":5.0,"enemies":"Looter","floor":13.0,"turns":2.0},{"damage":13.0,"enemies":"3 Louse","floor":14.0,"turns":4.0},{"damage":0.0,"enemies":"Slime Boss","floor":16.0,"turns":8.0},{"damage":15.0,"enemies":"Chosen","floor":18.0,"turns":4.0},{"damage":0.0,"enemies":"3 Byrds","floor":21.0,"turns":4.0},{"damage":10.0,"enemies":"Snake Plant","floor":24.0,"turns":3.0},{"damage":8.0,"enemies":"3 Cultists","floor":25.0,"turns":4.0},{"damage":39.0,"enemies":"Chosen and Byrds","floor":29.0,"turns":5.0},{"damage":19.0,"enemies":"Shelled Parasite and Fungi","floor":31.0,"turns":4.0},{"damage":21.0,"enemies":"Automaton","floor":33.0,"turns":6.0},{"damage":44,"enemies":"3 Darklings","floor":35,"turns":3},{"damage":20,"enemies":"3 Shapes","floor":37,"turns":4},{"damage":26,"enemies":"Writhing Mass","floor":41,"turns":3},{"damage":36,"enemies":"Reptomancer","floor":42,"turns":2}],"seed_played":"-7057572336053549282","potions_obtained":[{"floor":7.0,"key":"EssenceOfSteel"},{"floor":10.0,"key":"SkillPotion"},{"floor":13.0,"key":"PowerPotion"},{"floor":14.0,"key":"GamblersBrew"},{"floor":16.0,"key":"Poison Potion"},{"floor":24.0,"key":"Poison Potion"},{"floor":25.0,"key":"Block Potion"},{"floor":31.0,"key":"FearPotion"},{"floor":33.0,"key":"Regen Potion"},{"floor":37,"key":"Block Potion"}],"is_trial":false,"path_per_floor":["M","M","?","$","M","R","E","R","T","E","M","R","M","M","R","B",null,"M","?","?","M","?","R","M","M","T","R","$","M","R","M","R","B",null,"M","$","M","$","?","R","M","E"],"character_chosen":"DEFECT","items_purchased":["Sunder","Bronze Scales","Capacitor"],"campfire_rested":4,"item_purchase_floors":[4,28,36],"current_hp_per_floor":[64,64,64,64,64,64,61,61,61,57,56,56,51,38,61,61,74,59,59,59,59,59,59,49,41,41,41,41,2,25,6,29,33,67,34,34,14,14,30,54,28,0],"gold":66,"neow_bonus":"THREE_ENEMY_KILL","is_prod":false,"is_daily":false,"chose_seed":false,"campfire_upgraded":2,"win_rate":0,"timestamp":1549687620,"path_taken":["M","M","?","?","M","R","E","R","T","E","?","R","M","M","R","BOSS","M","?","?","M","?","R","M","M","T","R","?","M","R","M","R","BOSS","M","$","?","?","?","R","M","E"],"build_version":"2019-01-23","purchased_purges":1,"victory":false,"max_hp_per_floor":[71,71,71,71,71,71,78,78,78,78,78,78,78,78,78,78,78,78,78,78,78,78,78,78,78,78,78,78,78,78,78,78,78,78,80,80,80,80,80,80,80,80],"card_choices":[{"not_picked":["Ball Lightning","Turbo"],"picked":"Heatsinks","floor":1.0},{"not_picked":["Aggregate","Beam Cell"],"picked":"Leap","floor":2.0},{"not_picked":["Coolheaded","Self Repair"],"picked":"White Noise","floor":5.0},{"not_picked":["Undo","Streamline","Gash"],"picked":"SKIP","floor":7.0},{"not_picked":["Redo","Hyperbeam"],"picked":"Reinforced Body","floor":10.0},{"not_picked":["FTL","Redo"],"picked":"Cold Snap","floor":11.0},{"not_picked":["Go for the Eyes","Compile Driver"],"picked":"Defragment","floor":13.0},{"not_picked":["Stack+1","Ball Lightning"],"picked":"Storm","floor":14.0},{"not_picked":["Thunder Strike","Machine Learning"],"picked":"Fission+1","floor":16.0},{"not_picked":["Coolheaded+1","Steam Power+1"],"picked":"Consume+1","floor":18.0},{"not_picked":["Steam+1","Compile Driver+1"],"picked":"Storm","floor":21.0},{"not_picked":["Conserve Battery+1","Coolheaded+1"],"picked":"White Noise+1","floor":24.0},{"not_picked":["Turbo+1","Sweeping Beam"],"picked":"Ball Lightning","floor":25.0},{"not_picked":["Core Surge","Consume+1"],"picked":"Defragment","floor":29.0},{"not_picked":["Streamline","Leap+1"],"picked":"Cold Snap","floor":31.0},{"not_picked":["Multi-Cast+1","Hyperbeam"],"picked":"Core Surge","floor":33.0},{"not_picked":["Gash","Rebound+1","Go for the Eyes"],"picked":"Singing Bowl","floor":35},{"not_picked":["Beam Cell","Rip and Tear+1"],"picked":"Coolheaded+1","floor":37},{"not_picked":["Tempest+1","Doom and Gloom"],"picked":"Hello World","floor":41}],"player_experience":2361459,"relics_obtained":[{"floor":7.0,"key":"Strawberry"},{"floor":9.0,"key":"Blue Candle"},{"floor":10.0,"key":"Shovel"},{"floor":12.0,"key":"Toxic Egg 2"},{"floor":23.0,"key":"Smiling Mask"},{"floor":26.0,"key":"Singing Bowl"},{"floor":27.0,"key":"Pantograph"}],"event_choices":[{"cards_removed":["Strike_B"],"damage_healed":0.0,"max_hp_gain":0.0,"max_hp_loss":0.0,"gold_gain":0.0,"event_name":"Bonfire Elementals","player_choice":"Offered Basic","floor":3.0,"gold_loss":0.0,"damage_taken":0.0},{"damage_healed":0.0,"max_hp_gain":0.0,"max_hp_loss":0.0,"gold_gain":0.0,"event_name":"Cursed Tome","player_choice":"Ignored","floor":19.0,"gold_loss":0.0,"damage_taken":0.0},{"cards_removed":["Strike_B"],"damage_healed":0.0,"max_hp_gain":0.0,"max_hp_loss":0.0,"gold_gain":0.0,"event_name":"Beggar","player_choice":"Gave Gold","floor":20.0,"gold_loss":75.0,"damage_taken":0.0},{"damage_healed":0.0,"max_hp_gain":0.0,"max_hp_loss":0.0,"gold_gain":0.0,"event_name":"Addict","player_choice":"Obtained Relic","floor":22.0,"gold_loss":85.0,"damage_taken":0.0,"relics_obtained":["Boot"]},{"damage_healed":16,"gold_gain":0,"player_choice":"Writhe","damage_taken":0,"max_hp_gain":0,"max_hp_loss":0,"event_name":"Winding Halls","floor":39,"gold_loss":0,"cards_obtained":["Writhe"]}],"is_beta":false,"boss_relics":[{"not_picked":["Lizard Tail","Fusion Hammer"],"picked":"Cursed Key"},{"not_picked":["Runic Dome","Coffee Dripper"],"picked":"Empty Cage"}],"items_purged_floors":[36],"is_endless":false,"potions_floor_spawned":[7,10,13,14,16,24,25,31,33,37],"killed_by":"Reptomancer","ascension_level":20}