{"path_per_floor":["M","$","M","?","M","R","E","M","T","R","$","?","R","M","R","B",null,"M","?","M","?"],"character_chosen":"IRONCLAD","items_purchased":["Heavy Blade","Meat on the Bone"],"gold_per_floor":[119,70,81,156,175,175,200,216,267,267,18,18,18,37,37,140,140,153,153,167,167,167],"floor_reached":22,"campfire_rested":3,"playtime":555,"item_purchase_floors":[2,11],"current_hp_per_floor":[80,80,72,61,64,80,57,55,55,79,79,63,80,80,80,70,80,62,47,37,37,0],"items_purged":[],"gold":167,"score":184,"play_id":"15f11d0c-4993-4e00-8090-17e666a87592","local_time":"20180615103759","is_prod":false,"is_daily":false,"chose_seed":false,"is_ascension_mode":false,"campfire_upgraded":1,"win_rate":0,"timestamp":1529077079,"campfire_choices":[{"floor":6,"key":"REST"},{"floor":10,"key":"REST"},{"floor":13,"key":"REST"},{"data":"Hemokinesis","floor":15,"key":"SMITH"}],"path_taken":["M","$","M","?","M","R","E","M","T","R","?","?","R","M","R","BOSS","M","?","M","?","M"],"build_version":"2018-06-14","seed_source_timestamp":141671516460318,"purchased_purges":0,"victory":false,"master_deck":["Strike_R+1","Strike_R+1","Strike_R+1","Strike_R+1","Defend_R+1","Defend_R+1","Defend_R+1","Defend_R+1","Bash","Hemokinesis+1","Cleave+1","Heavy Blade","Iron Wave","Pommel Strike","Thunderclap","Anger","Berserk","Flex"],"max_hp_per_floor":[80,80,80,80,80,80,80,80,80,80,80,80,80,80,80,80,80,80,85,85,85,85],"relics":["Burning Blood","Self Forming Clay","Boot","Meat on the Bone","White Beast Statue"],"card_choices":[{"not_picked":["Sword Boomerang","Armaments"],"picked":"Cleave","floor":1},{"not_picked":["Armaments","Clash"],"picked":"Iron Wave","floor":3},{"not_picked":["Warcry","Cleave"],"picked":"Pommel Strike","floor":5},{"not_picked":["Dual Wield","Reckless Charge"],"picked":"Thunderclap","floor":7},{"not_picked":["Rage","Armaments","Intimidate"],"picked":"SKIP","floor":8},{"not_picked":["Clothesline","Metallicize"],"picked":"Anger","floor":14},{"not_picked":["Barricade","Dark Embrace"],"picked":"Berserk","floor":16},{"not_picked":["Cleave","Shrug It Off"],"picked":"Flex","floor":18},{"not_picked":["Clash","Sever Soul+1","Carnage"],"picked":"SKIP","floor":20}],"player_experience":226430,"potions_floor_usage":[16,16,18,20,22,22],"damage_taken":[{"damage":5,"enemies":"2 Louse","floor":1,"turns":3},{"damage":14,"enemies":"Jaw Worm","floor":3,"turns":2},{"damage":3,"enemies":"Cultist","floor":5,"turns":2},{"damage":29,"enemies":"Gremlin Nob","floor":7,"turns":4},{"damage":8,"enemies":"2 Fungi Beasts","floor":8,"turns":3},{"damage":0,"enemies":"Large Slime","floor":14,"turns":4},{"damage":16,"enemies":"Slime Boss","floor":16,"turns":8},{"damage":24,"enemies":"2 Thieves","floor":18,"turns":2},{"damage":28,"enemies":"3 Byrds","floor":20,"turns":5},{"damage":37,"enemies":"Slaver and Parasite","floor":22,"turns":7}],"relics_obtained":[{"floor":7,"key":"Self Forming Clay"},{"floor":9,"key":"Boot"}],"event_choices":[{"event_name":"World of Goop","player_choice":"Gather Gold","floor":4,"damage_taken":0},{"event_name":"Shining Light","player_choice":"Entered Light","floor":12,"damage_taken":0},{"event_name":"Forgotten Altar","player_choice":"Shed Blood","floor":19,"damage_taken":0},{"event_name":"Back to Basics","player_choice":"Simplicity","floor":21,"damage_taken":0}],"boss_relics":[{"not_picked":["Ectoplasm","Orrery"],"picked":"White Beast Statue"}],"items_purged_floors":[],"is_endless":true,"potions_floor_spawned":[1,7,14,16,18,20],"seed_played":"7787892193657518336","killed_by":"Slaver and Parasite","ascension_level":0,"potions_obtained":[{"floor":1,"key":"Swift Potion"},{"floor":7,"key":"EssenceOfSteel"},{"floor":14,"key":"Fire Potion"},{"floor":16,"key":"PowerPotion"},{"floor":18,"key":"Dexterity Potion"},{"floor":20,"key":"EssenceOfSteel"}],"is_trial":false}