{"gold_per_floor":[115,41,41,53,68,68,80,100,123,123,135,135,149,149,149,149],"floor_reached":16,"playtime":1982,"items_purged":[],"score":146,"play_id":"120980fa-9fca-4287-9076-e5641b539014","local_time":"20180711201312","is_ascension_mode":true,"campfire_choices":[{"data":"Zap","floor":6,"key":"SMITH"},{"floor":15,"key":"REST"}],"neow_cost":"NONE","seed_source_timestamp":58826527675237,"circlet_count":0,"master_deck":["Strike_B","Strike_B","Defend_B","Defend_B","Defend_B","Defend_B","Zap+1","Dualcast","AscendersBane","Coolheaded","Capacitor","Cold Snap","Leap","Chill","Compile Driver","Injury","Defragment","Coolheaded"],"relics":["Cracked Core","Dream Catcher","Singing Bowl","Golden Idol"],"potions_floor_usage":[10,13,16],"damage_taken":[{"damage":7,"enemies":"Small Slimes","floor":1,"turns":4},{"damage":3,"enemies":"2 Louse","floor":4,"turns":3},{"damage":0,"enemies":"Jaw Worm","floor":5,"turns":6},{"damage":6,"enemies":"Red Slaver","floor":7,"turns":4},{"damage":8,"enemies":"Blue Slaver","floor":8,"turns":4},{"damage":0,"floor":10,"turns":1},{"damage":7,"enemies":"Lots of Slimes","floor":11,"turns":5},{"damage":9,"enemies":"Looter","floor":13,"turns":3},{"damage":43,"enemies":"Hexaghost","floor":16,"turns":16}],"seed_played":"762373144329419222","potions_obtained":[{"floor":4,"key":"FearPotion"},{"floor":8,"key":"SmokeBomb"},{"floor":13,"key":"Block Potion"}],"is_trial":false,"path_per_floor":["M","$","?","M","M","R","M","M","T","?","M","?","M","?","R"],"character_chosen":"DEFECT","items_purchased":["Capacitor"],"campfire_rested":1,"item_purchase_floors":[2],"current_hp_per_floor":[61,61,49,46,46,46,40,32,32,32,27,27,18,18,41,0],"gold":149,"neow_bonus":"REMOVE_CARD","is_prod":false,"is_daily":false,"chose_seed":false,"campfire_upgraded":1,"win_rate":0,"timestamp":1531354392,"path_taken":["M","$","?","M","M","R","M","M","T","?","?","?","?","?","R","BOSS"],"build_version":"2018-07-05","purchased_purges":0,"victory":false,"max_hp_per_floor":[75,75,75,75,75,75,75,75,75,75,77,77,77,77,77,77],"card_choices":[{"not_picked":["FTL","Compile Driver"],"picked":"Coolheaded","floor":1},{"not_picked":["Go for the Eyes","FTL"],"picked":"Cold Snap","floor":4},{"not_picked":["Force Field","Hyperbeam"],"picked":"Leap","floor":5},{"not_picked":["Static Discharge","Hologram"],"picked":"Chill","floor":7},{"not_picked":["Streamline","Ball Lightning"],"picked":"Compile Driver","floor":8},{"not_picked":["Conserve Battery","Aggregate","Go for the Eyes"],"picked":"Singing Bowl","floor":11},{"not_picked":["Rebound","Stack"],"picked":"Defragment","floor":13},{"not_picked":["Aggregate","Heatsinks"],"picked":"Coolheaded","floor":15}],"player_experience":1040297,"relics_obtained":[{"floor":9,"key":"Singing Bowl"}],"event_choices":[{"event_name":"Scrap Ooze","player_choice":"success","floor":3,"damage_taken":12},{"event_name":"Mushrooms","player_choice":"Fought Mushrooms","floor":10,"damage_taken":0},{"event_name":"Golden Idol","player_choice":"Take Wound","floor":12,"damage_taken":0},{"event_name":"Bonfire Elementals","player_choice":"BASIC","floor":14,"damage_taken":0}],"boss_relics":[],"items_purged_floors":[],"is_endless":false,"potions_floor_spawned":[4,8,11,13],"killed_by":"Hexaghost","ascension_level":11}