{"gold_per_floor":[114,134,152,170,170,170,186,186,211,211,224,236,13,13,13,112,112,127,147,147],"floor_reached":20,"playtime":1945,"items_purged":[],"score":168,"play_id":"3591a243-f7d7-4cc8-97b9-40ae5f943f8f","local_time":"20190112191453","is_ascension_mode":false,"campfire_choices":[{"floor":6,"key":"REST"},{"floor":8,"key":"REST"},{"floor":10,"key":"REST"},{"floor":15,"key":"REST"}],"neow_cost":"NONE","seed_source_timestamp":92484102729385,"circlet_count":0,"master_deck":["Defend_G","Defend_G","Defend_G","Defend_G","Defend_G","Strike_G","Strike_G","Strike_G","Strike_G","Strike_G","Survivor","Neutralize","Backflip","Well Laid Plans","Flechettes","Dodge and Roll","Riddle With Holes","Outmaneuver","Blade Dance","Outmaneuver","Dodge and Roll","Flying Knee","PiercingWail","Night Terror","Footwork","Blade Dance"],"relics":["Ring of the Serpent","Dream Catcher","Art of War","Bronze Scales"],"potions_floor_usage":[16,16,16,18],"damage_taken":[{"damage":4,"enemies":"2 Louse","floor":1,"turns":3},{"damage":2,"enemies":"Cultist","floor":2,"turns":4},{"damage":6,"enemies":"Small Slimes","floor":3,"turns":3},{"damage":3,"enemies":"3 Louse","floor":4,"turns":5},{"damage":3,"enemies":"Blue Slaver","floor":7,"turns":5},{"damage":6,"enemies":"Lots of Slimes","floor":11,"turns":5},{"damage":0,"enemies":"Exordium Wildlife","floor":12,"turns":4},{"damage":30,"enemies":"Slime Boss","floor":16,"turns":13},{"damage":34,"enemies":"Spheric Guardian","floor":18,"turns":6},{"damage":0,"enemies":"Shell Parasite","floor":19,"turns":6},{"damage":44,"enemies":"3 Cultists","floor":20,"turns":7}],"seed_played":"3958149424715361877","potions_obtained":[{"floor":3,"key":"Strength Potion"},{"floor":4,"key":"Weak Potion"},{"floor":5,"key":"Block Potion"},{"floor":16,"key":"Explosive Potion"}],"is_trial":false,"path_per_floor":["M","M","M","M","?","R","M","R","T","R","M","M","$","?","R","B",null,"M","M","M"],"character_chosen":"THE_SILENT","items_purchased":["Dodge and Roll","Flying Knee","Bronze Scales"],"campfire_rested":4,"item_purchase_floors":[13,13,13],"current_hp_per_floor":[66,64,58,55,55,70,67,70,70,70,64,64,64,64,70,40,70,36,36,0],"gold":147,"neow_bonus":"RANDOM_COMMON_RELIC","is_prod":false,"is_daily":false,"chose_seed":false,"campfire_upgraded":0,"win_rate":0.0,"timestamp":1547349293,"path_taken":["M","M","M","M","?","R","M","R","T","R","M","M","?","?","R","BOSS","M","M","M"],"build_version":"2019-01-10","purchased_purges":0,"victory":false,"max_hp_per_floor":[70,70,70,70,70,70,70,70,70,70,70,70,70,70,70,70,70,70,70,70],"card_choices":[{"not_picked":["Prepared","Deflect"],"picked":"Backflip","floor":1},{"not_picked":["Dagger Throw","Dodge and Roll"],"picked":"Well Laid Plans","floor":2},{"not_picked":["Bane","Escape Plan"],"picked":"Flechettes","floor":3},{"not_picked":["Deflect","Malaise"],"picked":"Dodge and Roll","floor":4},{"not_picked":["Deadly Poison","Poisoned Stab"],"picked":"Riddle With Holes","floor":7},{"not_picked":["Skewer","Quick Slash"],"picked":"Outmaneuver","floor":10},{"not_picked":["Dash","Distraction"],"picked":"Blade Dance","floor":11},{"not_picked":["Finisher","Cloak And Dagger"],"picked":"Outmaneuver","floor":12},{"not_picked":["Deadly Poison","Dagger Spray"],"picked":"PiercingWail","floor":15},{"not_picked":["Malaise","Unload"],"picked":"Night Terror","floor":16},{"not_picked":["Cloak And Dagger","PiercingWail"],"picked":"Footwork","floor":18},{"not_picked":["Setup","Slice"],"picked":"Blade Dance","floor":19}],"player_experience":115382,"relics_obtained":[{"floor":9,"key":"Art of War"}],"event_choices":[{"damage_healed":0,"gold_gain":0,"player_choice":"Got Potions","damage_taken":0,"max_hp_gain":0,"max_hp_loss":0,"event_name":"Lab","floor":5,"gold_loss":0},{"damage_healed":0,"gold_gain":0,"player_choice":"Ignored","damage_taken":0,"max_hp_gain":0,"max_hp_loss":0,"event_name":"Liars Game","floor":14,"gold_loss":0}],"is_beta":false,"boss_relics":[{"not_picked":["Orrery","Busted Crown"],"picked":"Ring of the Serpent"}],"items_purged_floors":[],"is_endless":false,"potions_floor_spawned":[3,4,11,16],"killed_by":"3 Cultists","ascension_level":0}