{"gold_per_floor":[114,114,114,130,130,156,176,123,123,135,5,5,25,50,50,50],"floor_reached":16,"playtime":605,"items_purged":["Strike_B"],"score":215,"play_id":"4956e6ac-522c-4c52-a949-6a90ace90758","local_time":"20190204074216","is_ascension_mode":true,"campfire_choices":[{"floor":15.0,"key":"REST"}],"neow_cost":"CURSE","seed_source_timestamp":62748810606218,"circlet_count":0,"master_deck":["AscendersBane","Strike_B","Strike_B","Strike_B","Defend_B","Defend_B","Defend_B","Defend_B","Zap","Dualcast","Gash","Hologram","Scrape","Go for the Eyes","Gash","Steam","Sweeping Beam"],"special_seed":0,"relics":["Cracked Core","Incense Burner","Dodecahedron","Anchor","Question Card","Bag of Marbles"],"potions_floor_usage":[],"damage_taken":[{"damage":1.0,"enemies":"2 Louse","floor":1.0,"turns":3.0},{"damage":7.0,"enemies":"Small Slimes","floor":4.0,"turns":3.0},{"damage":41.0,"enemies":"Gremlin Nob","floor":6.0,"turns":4.0},{"damage":0.0,"enemies":"Jaw Worm","floor":7.0,"turns":3.0},{"damage":0.0,"enemies":"Gremlin Gang","floor":10.0,"turns":1.0},{"damage":6.0,"enemies":"2 Fungi Beasts","floor":13.0,"turns":3.0},{"damage":43.0,"enemies":"Lagavulin","floor":14.0,"turns":7.0},{"damage":50,"enemies":"The Guardian","floor":16,"turns":8}],"seed_played":"-3845660736436430318","potions_obtained":[{"floor":1.0,"key":"Explosive Potion"},{"floor":6.0,"key":"Explosive Potion"},{"floor":7.0,"key":"Poison Potion"}],"is_trial":false,"path_per_floor":["M","?","?","M","T","E","M","?","T","M","$","?","M","E","R","B"],"character_chosen":"DEFECT","items_purchased":["Gash"],"campfire_rested":1,"item_purchase_floors":[11],"current_hp_per_floor":[63,56,56,49,49,8,8,8,8,8,8,71,65,22,43,0],"gold":50,"neow_bonus":"ONE_RARE_RELIC","is_prod":false,"is_daily":false,"chose_seed":false,"campfire_upgraded":0,"win_rate":0,"timestamp":1549284136,"path_taken":["M","?","?","M","?","E","?","?","T","M","$","?","M","E","R","BOSS"],"build_version":"2019-01-23","purchased_purges":1,"victory":false,"max_hp_per_floor":[71,71,71,71,71,71,71,71,71,71,71,71,71,71,71,71],"card_choices":[{"not_picked":["Recycle","Rip and Tear"],"picked":"Gash","floor":1.0},{"not_picked":["Conserve Battery","Stack"],"picked":"Hologram","floor":4.0},{"not_picked":["Reinforced Body","Skim"],"picked":"Scrape","floor":6.0},{"not_picked":["Hello World","Redo"],"picked":"FTL","floor":7.0},{"not_picked":["Stack","Hologram","Reprogram"],"picked":"Go for the Eyes","floor":10.0},{"not_picked":["Chill","Rebound","Steam Power"],"picked":"Steam","floor":13.0},{"not_picked":["Turbo","Meteor Strike","Streamline"],"picked":"Sweeping Beam","floor":14.0}],"player_experience":2300025,"relics_obtained":[{"floor":5.0,"key":"Dodecahedron"},{"floor":6.0,"key":"Anchor"},{"floor":9.0,"key":"Question Card"},{"floor":14.0,"key":"Bag of Marbles"}],"event_choices":[{"cards_removed":["Clumsy"],"damage_healed":0.0,"max_hp_gain":0.0,"max_hp_loss":0.0,"gold_gain":0.0,"event_name":"Golden Wing","player_choice":"Card Removal","floor":2.0,"gold_loss":0.0,"damage_taken":7.0},{"damage_healed":0.0,"max_hp_gain":0.0,"max_hp_loss":0.0,"gold_gain":0.0,"event_name":"Liars Game","player_choice":"Ignored","floor":3.0,"gold_loss":0.0,"damage_taken":0.0},{"damage_healed":0.0,"max_hp_gain":0.0,"max_hp_loss":0.0,"gold_gain":0.0,"event_name":"World of Goop","player_choice":"Left Gold","floor":8.0,"gold_loss":53.0,"damage_taken":0.0},{"cards_removed":["FTL"],"damage_healed":63.0,"max_hp_gain":0.0,"max_hp_loss":0.0,"gold_gain":0.0,"event_name":"Bonfire Elementals","player_choice":"Offered Uncommon","floor":12.0,"gold_loss":0.0,"damage_taken":0.0}],"is_beta":false,"boss_relics":[],"items_purged_floors":[11],"is_endless":false,"potions_floor_spawned":[1,6,7],"killed_by":"The Guardian","ascension_level":19}