{"gold_per_floor":[115,133,58,83,96,96,118,118,142,173,173,189,89,108,108,185,185,202,202,51,51,65,65,98,98,98,98,160,170,200,214,214,214],"floor_reached":33,"playtime":3444,"items_purged":["Strike_R","Strike_R","Defend_R"],"score":725,"play_id":"d0331d37-af09-4a3a-8854-bde6f8a80c06","local_time":"20190213221004","is_ascension_mode":true,"campfire_choices":[{"data":"Clothesline","floor":6.0,"key":"SMITH"},{"data":"Shrug It Off","floor":8.0,"key":"SMITH"},{"data":"Demon Form","floor":11.0,"key":"SMITH"},{"data":"Flame Barrier","floor":15.0,"key":"SMITH"},{"data":"Flame Barrier","floor":23.0,"key":"SMITH"},{"data":"Shrug It Off","floor":25.0,"key":"SMITH"},{"data":"Limit Break","floor":27.0,"key":"SMITH"},{"floor":32.0,"key":"REST"}],"neow_cost":"NONE","seed_source_timestamp":0,"circlet_count":0,"master_deck":["AscendersBane","Strike_R+1","Strike_R","Strike_R+1","Defend_R","Defend_R","Defend_R","Bash","Battle Trance","Shrug It Off+1","Clothesline+1","Demon Form+1","Flame Barrier+1","Limit Break+1","Flame Barrier+1","Shrug It Off+1","Flame Barrier+1","Shrug It Off","Offering"],"special_seed":0,"relics":["Burning Blood","Whetstone","Odd Mushroom","Ancient Tea Set","Mummified Hand","Sozu","Centennial Puzzle","Oddly Smooth Stone","Tiny Chest","Art of War"],"potions_floor_usage":[],"damage_taken":[{"damage":6.0,"enemies":"Cultist","floor":1.0,"turns":3.0},{"damage":6.0,"enemies":"2 Louse","floor":2.0,"turns":5.0},{"damage":0.0,"enemies":"Jaw Worm","floor":5.0,"turns":5.0},{"damage":19.0,"enemies":"The Mushroom Lair","floor":7.0,"turns":6.0},{"damage":37.0,"enemies":"3 Sentries","floor":10.0,"turns":9.0},{"damage":0.0,"enemies":"Blue Slaver","floor":12.0,"turns":2.0},{"damage":3.0,"enemies":"Looter","floor":14.0,"turns":2.0},{"damage":12.0,"enemies":"Hexaghost","floor":16.0,"turns":8.0},{"damage":0.0,"enemies":"3 Byrds","floor":18.0,"turns":1.0},{"damage":9.0,"enemies":"2 Thieves","floor":22.0,"turns":5.0},{"damage":21.0,"enemies":"Slavers","floor":24.0,"turns":6.0},{"damage":3.0,"enemies":"Gremlin Leader","floor":28.0,"turns":6.0},{"damage":20.0,"enemies":"Shelled Parasite and Fungi","floor":29.0,"turns":6.0},{"damage":23.0,"enemies":"Slavers","floor":30.0,"turns":6.0},{"damage":17.0,"enemies":"Centurion and Healer","floor":31.0,"turns":5.0},{"damage":59,"enemies":"Automaton","floor":33,"turns":10}],"seed_played":"6033434230571795669","potions_obtained":[{"floor":1.0,"key":"Energy Potion"},{"floor":12.0,"key":"Explosive Potion"},{"floor":14.0,"key":"Fire Potion"}],"is_trial":false,"path_per_floor":["M","M","$","T","M","R","?","R","T","E","R","M","$","M","R","B",null,"M","?","$","?","M","R","E","R","T","R","E","M","E","M","R","B"],"character_chosen":"IRONCLAD","items_purchased":["Shrug It Off"],"campfire_rested":1,"item_purchase_floors":[20],"current_hp_per_floor":[75,75,75,75,81,81,68,68,68,37,37,43,43,46,46,40,72,78,78,78,78,75,75,60,60,60,60,63,49,32,21,45,0],"gold":214,"neow_bonus":"TEN_PERCENT_HP_BONUS","is_prod":false,"is_daily":false,"chose_seed":false,"campfire_upgraded":7,"win_rate":0,"timestamp":1550092204,"path_taken":["M","M","?","?","M","R","?","R","T","E","R","M","$","?","R","BOSS","M","?","$","?","M","R","E","R","T","R","E","M","E","?","R","BOSS"],"build_version":"2019-02-06","purchased_purges":3,"victory":false,"max_hp_per_floor":[82,82,82,82,82,82,82,82,82,82,82,82,82,82,82,82,82,82,82,82,82,82,82,82,82,82,82,82,82,82,82,82,82],"card_choices":[{"not_picked":["Rage","Wild Strike"],"picked":"Battle Trance","floor":1.0},{"not_picked":["True Grit","Cleave"],"picked":"Shrug It Off","floor":2.0},{"not_picked":["Heavy Blade","Armaments"],"picked":"Clothesline","floor":5.0},{"not_picked":["Armaments","Power Through"],"picked":"Demon Form","floor":10.0},{"not_picked":["Cleave","Second Wind","Seeing Red"],"picked":"SKIP","floor":12.0},{"not_picked":["Battle Trance","True Grit"],"picked":"Flame Barrier","floor":14.0},{"not_picked":["Demon Form","Double Tap"],"picked":"Limit Break","floor":16.0},{"not_picked":["Perfected Strike+1","Heavy Blade","Pommel Strike"],"picked":"SKIP","floor":18.0},{"not_picked":["Reckless Charge","Cleave+1","Infernal Blade"],"picked":"SKIP","floor":22.0},{"not_picked":["Second Wind","Sever Soul"],"picked":"Shrug It Off","floor":24.0},{"not_picked":["Flex","Shrug It Off","Combust"],"picked":"SKIP","floor":28.0},{"not_picked":["Flex","Shrug It Off","Combust"],"picked":"SKIP","floor":28.0},{"not_picked":["Flex","Rupture","Infernal Blade"],"picked":"SKIP","floor":29.0},{"not_picked":["Anger","Flame Barrier","Power Through+1"],"picked":"SKIP","floor":30.0},{"not_picked":["Sentinel","Cleave"],"picked":"Offering","floor":31.0}],"player_experience":448379,"relics_obtained":[{"floor":4.0,"key":"Whetstone"},{"floor":7.0,"key":"Odd Mushroom"},{"floor":9.0,"key":"Ancient Tea Set"},{"floor":10.0,"key":"Mummified Hand"},{"floor":24.0,"key":"Centennial Puzzle"},{"floor":26.0,"key":"Oddly Smooth Stone"},{"floor":28.0,"key":"Tiny Chest"},{"floor":30.0,"key":"Art of War"}],"event_choices":[{"damage_healed":0.0,"max_hp_gain":0.0,"max_hp_loss":0.0,"gold_gain":0.0,"event_name":"Mushrooms","player_choice":"Fought Mushrooms","floor":7.0,"gold_loss":0.0,"damage_taken":0.0},{"damage_healed":0.0,"max_hp_gain":0.0,"max_hp_loss":0.0,"gold_gain":0.0,"event_name":"The Library","player_choice":"Read","floor":19.0,"gold_loss":0.0,"damage_taken":0.0,"cards_obtained":["Flame Barrier"]},{"damage_healed":0.0,"max_hp_gain":0.0,"max_hp_loss":0.0,"gold_gain":0.0,"event_name":"Duplicator","player_choice":"Copied","floor":21.0,"gold_loss":0.0,"damage_taken":0.0,"cards_obtained":["Flame Barrier"]}],"is_beta":true,"boss_relics":[{"not_picked":["Lizard Tail","Busted Crown"],"picked":"Sozu"}],"items_purged_floors":[3,13,20],"is_endless":false,"potions_floor_spawned":[1,12,14,18,22,24,31],"killed_by":"Automaton","ascension_level":16}