{"gold_per_floor":[119,119,119,45,45,80,80,95,95,20,20,34,134,151,151,255,255,268,168,168,90,102,102,121,46,46,46,66,66,77,87,87,187,237,254,272,292,292,43,0,20,20,20,32,32,47,57,57,57],"floor_reached":49,"playtime":1499,"items_purged":["Strike_R","Strike_R"],"score":464,"play_id":"90d47773-7987-45fa-94b5-82de13573bea","local_time":"20181220094413","is_ascension_mode":false,"campfire_choices":[{"data":"Immolate","floor":7,"key":"SMITH"},{"data":"Bludgeon","floor":11,"key":"SMITH"},{"data":"Body Slam","floor":15,"key":"SMITH"},{"data":"Corruption","floor":23,"key":"SMITH"},{"data":"Whirlwind","floor":29,"key":"SMITH"},{"data":"Spot Weakness","floor":32,"key":"SMITH"},{"data":"Shockwave","floor":49,"key":"SMITH"}],"neow_cost":"NONE","seed_source_timestamp":1844222183077813,"circlet_count":0,"master_deck":["Strike_R","Strike_R+1","Defend_R+1","Defend_R","Defend_R+1","Bash","Bludgeon+1","Whirlwind+1","Immolate+1","Sever Soul","Shockwave+1","Exhume","Second Wind","Corruption+1","Immolate+1","Spot Weakness+1","Impervious"],"relics":["Burning Blood","Centennial Puzzle","Bronze Scales","Mummified Hand","Cursed Key","Tiny House","Paper Frog","Red Mask"],"potions_floor_usage":[6,16,33,33,33,44,44,46],"damage_taken":[{"damage":0,"enemies":"2 Louse","floor":1,"turns":3},{"damage":28,"enemies":"Lagavulin","floor":6,"turns":5},{"damage":1,"enemies":"Jaw Worm","floor":8,"turns":2},{"damage":0,"enemies":"Small Slimes","floor":12,"turns":2},{"damage":0,"enemies":"Exordium Wildlife","floor":14,"turns":2},{"damage":12,"enemies":"Slime Boss","floor":16,"turns":4},{"damage":12,"enemies":"2 Thieves","floor":18,"turns":3},{"damage":12,"enemies":"Colosseum Slavers","floor":20,"turns":3},{"damage":5,"enemies":"Shell Parasite","floor":22,"turns":4},{"damage":0,"enemies":"Snake Plant","floor":24,"turns":2},{"damage":10,"enemies":"Sentry and Sphere","floor":28,"turns":3},{"damage":0,"enemies":"Centurion and Healer","floor":30,"turns":3},{"damage":10,"enemies":"Chosen and Byrds","floor":31,"turns":3},{"damage":26,"enemies":"Automaton","floor":33,"turns":6},{"damage":7,"enemies":"Orb Walker","floor":35,"turns":2},{"damage":8,"enemies":"3 Shapes","floor":36,"turns":2},{"damage":8,"enemies":"Transient","floor":37,"turns":5},{"damage":4,"enemies":"Spire Growth","floor":41,"turns":3},{"damage":35,"enemies":"Maw","floor":44,"turns":6},{"damage":6,"enemies":"Transient","floor":46,"turns":5},{"damage":8,"enemies":"Spire Growth","floor":47,"turns":3}],"seed_played":"8041722419048091686","potions_obtained":[{"floor":1,"key":"Fire Potion"},{"floor":6,"key":"Dexterity Potion"},{"floor":8,"key":"FearPotion"},{"floor":22,"key":"SpeedPotion"},{"floor":30,"key":"Dexterity Potion"},{"floor":33,"key":"Strength Potion"},{"floor":34,"key":"Weak Potion"},{"floor":36,"key":"SpeedPotion"},{"floor":44,"key":"AttackPotion"}],"is_trial":false,"path_per_floor":["M","?","?","$","?","E","R","M","T","$","R","M","?","M","R","B",null,"M","$","?","$","M","R","M","?","T","?","M","R","M","M","R","B",null,"M","M","M","?","$","?","M","?","T","M","T","M","M","$","R"],"character_chosen":"IRONCLAD","items_purchased":["Whirlwind","Corruption","Paper Frog"],"campfire_rested":0,"item_purchase_floors":[4,21,39],"current_hp_per_floor":[80,64,57,57,50,28,28,33,33,33,33,39,39,45,45,39,80,74,74,68,68,69,69,75,75,75,75,71,71,77,73,73,53,85,84,82,80,80,80,80,82,82,82,53,53,53,51,51,51],"gold":57,"neow_bonus":"ONE_RANDOM_RARE_CARD","is_prod":false,"is_daily":false,"chose_seed":false,"campfire_upgraded":7,"win_rate":0,"timestamp":1545266653,"path_taken":["M","?","?","$","?","E","R","?","T","?","R","M","?","M","R","BOSS","M","$","?","$","M","R","M","?","T","?","?","R","M","M","R","BOSS","M","M","M","?","$","?","M","?","T","?","?","M","M","$","R"],"build_version":"2018-12-13","purchased_purges":2,"victory":false,"max_hp_per_floor":[80,80,80,80,80,80,80,80,80,80,80,80,80,80,80,80,80,80,80,80,80,80,80,80,80,80,80,80,80,80,80,80,80,85,85,85,85,85,85,85,85,85,85,85,85,85,85,85,85],"card_choices":[{"not_picked":["Warcry","Entrench"],"picked":"Body Slam","floor":1},{"not_picked":["Blood for Blood","Burning Pact"],"picked":"Immolate","floor":6},{"not_picked":["Thunderclap","Fire Breathing"],"picked":"Sever Soul","floor":8},{"not_picked":["Sword Boomerang","Wild Strike"],"picked":"Shockwave","floor":12},{"not_picked":["Hemokinesis","Clash","Demon Form"],"picked":"SKIP","floor":14},{"not_picked":["Brutality","Limit Break"],"picked":"Exhume","floor":16},{"not_picked":["Perfected Strike","Anger"],"picked":"Second Wind","floor":18},{"not_picked":["Shrug It Off","Evolve+1","Fire Breathing+1"],"picked":"SKIP","floor":22},{"not_picked":["Warcry+1","Entrench","Cleave+1"],"picked":"SKIP","floor":24},{"not_picked":["Rampage+1","Flex","Warcry"],"picked":"SKIP","floor":28},{"not_picked":["True Grit","Body Slam","Shrug It Off"],"picked":"SKIP","floor":30},{"not_picked":["True Grit","Sword Boomerang"],"picked":"Spot Weakness","floor":31},{"not_picked":["Immolate","Dark Embrace"],"picked":"Impervious","floor":33},{"not_picked":["Perfected Strike+1","Whirlwind","Clash+1"],"picked":"SKIP","floor":35},{"not_picked":["Bloodletting","Cleave","Headbutt+1"],"picked":"SKIP","floor":36},{"not_picked":["Cleave+1","Iron Wave+1","Thunderclap"],"picked":"SKIP","floor":37},{"not_picked":["Sever Soul","Armaments+1","Iron Wave+1"],"picked":"SKIP","floor":41},{"not_picked":["Havoc+1","Carnage+1","Clothesline+1"],"picked":"SKIP","floor":44},{"not_picked":["Reckless Charge+1","Combust","Sword Boomerang+1"],"picked":"SKIP","floor":46},{"not_picked":["Iron Wave+1","Berserk","Warcry"],"picked":"SKIP","floor":47}],"player_experience":224667,"relics_obtained":[{"floor":6,"key":"Bronze Scales"},{"floor":9,"key":"Mummified Hand"}],"event_choices":[{"damage_healed":0,"gold_gain":0,"player_choice":"Entered Light","damage_taken":16,"max_hp_gain":0,"max_hp_loss":0,"event_name":"Shining Light","floor":2,"gold_loss":0,"cards_upgraded":["Strike_R","Defend_R"]},{"cards_removed":["Strike_R"],"damage_healed":0,"gold_gain":0,"player_choice":"Card Removal","damage_taken":7,"max_hp_gain":0,"max_hp_loss":0,"event_name":"Golden Wing","floor":3,"gold_loss":0},{"damage_healed":0,"gold_gain":0,"player_choice":"Success","damage_taken":7,"relics_obtained":["Centennial Puzzle"],"max_hp_gain":0,"max_hp_loss":0,"event_name":"Scrap Ooze","floor":5,"gold_loss":0},{"damage_healed":0,"gold_gain":100,"player_choice":"Pray","damage_taken":0,"max_hp_gain":0,"max_hp_loss":0,"event_name":"Golden Shrine","floor":13,"gold_loss":0},{"damage_healed":0,"gold_gain":0,"player_choice":"Fight","damage_taken":0,"max_hp_gain":0,"max_hp_loss":0,"event_name":"Colosseum","floor":20,"gold_loss":0},{"damage_healed":0,"gold_gain":0,"player_choice":"Fled From Nobs","damage_taken":0,"max_hp_gain":0,"max_hp_loss":0,"event_name":"Colosseum","floor":20,"gold_loss":0},{"cards_removed":["Defend_R"],"damage_healed":0,"gold_gain":0,"player_choice":"Gave Gold","damage_taken":0,"max_hp_gain":0,"max_hp_loss":0,"event_name":"Beggar","floor":25,"gold_loss":75},{"damage_healed":0,"gold_gain":0,"player_choice":"Copied","damage_taken":0,"max_hp_gain":0,"max_hp_loss":0,"event_name":"Duplicator","floor":27,"gold_loss":0,"cards_obtained":["Immolate"]},{"damage_healed":0,"gold_gain":0,"player_choice":"Ignored","damage_taken":0,"max_hp_gain":0,"max_hp_loss":0,"event_name":"Mysterious Sphere","floor":38,"gold_loss":0},{"damage_healed":0,"gold_gain":0,"player_choice":"Paid","damage_taken":0,"relics_obtained":["Red Mask"],"max_hp_gain":0,"max_hp_loss":0,"event_name":"Tomb of Lord Red Mask","floor":40,"gold_loss":43},{"cards_removed":["Body Slam"],"damage_healed":0,"gold_gain":0,"player_choice":"Removed Attack","damage_taken":0,"max_hp_gain":0,"max_hp_loss":0,"event_name":"Falling","floor":42,"gold_loss":0}],"is_beta":false,"boss_relics":[{"not_picked":["Velvet Choker","Runic Cube"],"picked":"Cursed Key"},{"not_picked":["Mark of Pain","Black Star"],"picked":"Tiny House"}],"items_purged_floors":[10,19],"is_endless":false,"potions_floor_spawned":[1,6,8,20,22,30,33,36,37,44],"ascension_level":0}