{"gold_per_floor":[16,16,31,31,50,50,50,50,50,50,50,74,99,132,132,261,261,282,318,90,106,124,124,149,174,174,84,100,121,137,157,157,287,287,310,323,338,74,94,130,130,130,206,243,293,324,336,371,383,395],"floor_reached":51,"playtime":3043,"items_purged":["Defend_B","Strike_B"],"score":942,"play_id":"6a7623ff-6d2d-4e9c-bf28-c03b88b1383b","local_time":"20190208214156","is_ascension_mode":false,"campfire_choices":[{"data":"White Noise","floor":6,"key":"SMITH"},{"data":"Loop","floor":8,"key":"SMITH"},{"data":"Zap","floor":10,"key":"SMITH"},{"floor":15,"key":"REST"},{"floor":23,"key":"REST"},{"data":"Defragment","floor":32,"key":"SMITH"},{"data":"Chaos","floor":41,"key":"SMITH"},{"floor":47,"key":"DIG"},{"data":"Thunder Strike","floor":49,"key":"SMITH"}],"neow_cost":"NO_GOLD","seed_source_timestamp":20207613830703,"circlet_count":0,"master_deck":["Defend_B+1","Zap+1","Dualcast","Sweeping Beam","Loop+1","White Noise+1","Cold Snap","Loop+1","Hologram","Defragment+1","Chaos+1","Force Field+1","White Noise+1","Ball Lightning","Glacier","Coolheaded+1","Machine Learning","Go for the Eyes","Master of Strategy","Thunder Strike+1","Glacier"],"relics":["Cracked Core","Golden Idol","FossilizedHelix","Matryoshka","Inserter","Red Mask","PreservedInsect","Bird Faced Urn","Philosopher\u0027s Stone","Shovel","MawBank","Ornamental Fan","Regal Pillow","Darkstone Periapt"],"potions_floor_usage":[16,16,19,19],"damage_taken":[{"damage":0,"enemies":"Small Slimes","floor":1,"turns":2},{"damage":0,"enemies":"2 Louse","floor":3,"turns":2},{"damage":6,"enemies":"Jaw Worm","floor":5,"turns":3},{"damage":0,"enemies":"Gremlin Gang","floor":12,"turns":1},{"damage":0,"enemies":"Looter","floor":13,"turns":2},{"damage":13,"enemies":"Lagavulin","floor":14,"turns":5},{"damage":0,"enemies":"Slime Boss","floor":16,"turns":10},{"damage":10,"enemies":"2 Thieves","floor":18,"turns":4},{"damage":40,"enemies":"Masked Bandits","floor":19,"turns":4},{"damage":13,"enemies":"Shell Parasite","floor":21,"turns":4},{"damage":6,"enemies":"Snake Plant","floor":22,"turns":4},{"damage":0,"enemies":"Cultist and Chosen","floor":24,"turns":8},{"damage":0,"enemies":"Snecko","floor":25,"turns":8},{"damage":9,"enemies":"Centurion and Healer","floor":28,"turns":7},{"damage":0,"enemies":"Shelled Parasite and Fungi","floor":29,"turns":6},{"damage":0,"enemies":"Sentry and Sphere","floor":30,"turns":6},{"damage":0,"enemies":"Snecko","floor":31,"turns":7},{"damage":0,"enemies":"Champ","floor":33,"turns":12},{"damage":0,"enemies":"3 Darklings","floor":35,"turns":6},{"damage":0,"enemies":"Orb Walker","floor":36,"turns":3},{"damage":8,"enemies":"3 Darklings","floor":37,"turns":5},{"damage":0,"enemies":"Maw","floor":39,"turns":7},{"damage":45,"enemies":"Reptomancer","floor":40,"turns":6},{"damage":0,"enemies":"Sphere and 2 Shapes","floor":44,"turns":6},{"damage":0,"enemies":"Giant Head","floor":45,"turns":8},{"damage":0,"enemies":"Spire Growth","floor":46,"turns":5},{"damage":0,"enemies":"Maw","floor":48,"turns":7},{"damage":0,"enemies":"Donu and Deca","floor":50,"turns":11}],"seed_played":"-3265768866630212377","potions_obtained":[{"floor":3,"key":"Regen Potion"},{"floor":13,"key":"FocusPotion"},{"floor":14,"key":"EssenceOfSteel"},{"floor":18,"key":"Regen Potion"},{"floor":24,"key":"Weak Potion"},{"floor":25,"key":"SpeedPotion"},{"floor":31,"key":"Regen Potion"}],"is_trial":false,"path_per_floor":["M","?","M","?","M","R","?","R","T","R","$","M","M","E","R","B",null,"M","?","$","M","M","R","M","M","T","?","M","M","M","M","R","B",null,"M","M","M","$","M","E","R","?","T","M","E","M","R","M","R","B",null],"character_chosen":"DEFECT","items_purchased":["Defragment","Chaos","Master of Strategy"],"campfire_rested":2,"item_purchase_floors":[20,20,38],"current_hp_per_floor":[75,75,75,68,62,62,44,44,44,44,44,44,44,31,53,68,75,65,34,34,21,15,37,37,37,37,37,38,46,56,66,66,75,75,75,75,75,75,75,40,40,40,40,56,68,75,75,75,75,75],"gold":407,"neow_bonus":"REMOVE_TWO","is_prod":false,"is_daily":false,"chose_seed":false,"campfire_upgraded":6,"win_rate":0.0,"timestamp":1549658516,"path_taken":["M","?","M","?","M","R","?","R","T","R","$","M","M","E","R","BOSS","M","?","$","M","M","R","M","M","T","?","M","?","M","?","R","BOSS","M","M","?","$","M","E","R","?","T","?","E","M","R","M","R","BOSS"],"build_version":"2019-01-23","purchased_purges":2,"victory":true,"max_hp_per_floor":[75,75,75,75,75,75,75,75,75,75,75,75,75,75,75,75,75,75,75,75,75,75,75,75,75,75,75,75,75,75,75,75,75,75,75,75,75,75,75,75,75,75,75,75,75,75,75,75,75,75],"card_choices":[{"not_picked":["Stack","Gash"],"picked":"Sweeping Beam","floor":1},{"not_picked":["Sweeping Beam","Steam"],"picked":"Loop","floor":3},{"not_picked":["Beam Cell","Reboot"],"picked":"White Noise","floor":5},{"not_picked":["Compile Driver","Conserve Battery","Capacitor"],"picked":"SKIP","floor":12},{"not_picked":["Redo","Hello World","Scrape"],"picked":"SKIP","floor":13},{"not_picked":["Multi-Cast","Leap"],"picked":"Cold Snap","floor":14},{"not_picked":["Coolheaded+1","Go for the Eyes"],"picked":"Loop+1","floor":18},{"not_picked":["Redo+1","Cold Snap"],"picked":"Hologram","floor":19},{"not_picked":["Tempest","Redo"],"picked":"Force Field+1","floor":21},{"not_picked":["Gash","Sweeping Beam","Conserve Battery"],"picked":"SKIP","floor":22},{"not_picked":["Streamline","Leap","FTL"],"picked":"SKIP","floor":24},{"not_picked":["Seek","Go for the Eyes"],"picked":"White Noise+1","floor":25},{"not_picked":["Redo","Gash","Leap"],"picked":"SKIP","floor":28},{"not_picked":["Leap","Capacitor"],"picked":"Ball Lightning","floor":29},{"not_picked":["Streamline","Beam Cell"],"picked":"Glacier","floor":30},{"not_picked":["Ball Lightning","Barrage"],"picked":"Coolheaded+1","floor":31},{"not_picked":["Multi-Cast","Reboot"],"picked":"Machine Learning","floor":33},{"not_picked":["Beam Cell","Coolheaded"],"picked":"Go for the Eyes","floor":35},{"not_picked":["Doom and Gloom+1","Leap","Lockon"],"picked":"SKIP","floor":36},{"not_picked":["Barrage+1","Coolheaded","Conserve Battery+1"],"picked":"SKIP","floor":37},{"not_picked":["Skim+1","Streamline+1"],"picked":"Thunder Strike","floor":39},{"not_picked":["Reinforced Body","Force Field","Skim"],"picked":"SKIP","floor":40},{"not_picked":["Darkness","Leap+1","Beam Cell+1"],"picked":"SKIP","floor":44},{"not_picked":["Steam+1","Stack+1","Cold Snap+1"],"picked":"SKIP","floor":45},{"not_picked":["Beam Cell","Scrape+1","Hello World+1"],"picked":"SKIP","floor":46},{"not_picked":["Ball Lightning","Rainbow","Steam+1"],"picked":"SKIP","floor":48}],"player_experience":18599,"relics_obtained":[{"floor":9,"key":"FossilizedHelix"},{"floor":14,"key":"Matryoshka"},{"floor":19,"key":"Red Mask"},{"floor":26,"key":"PreservedInsect"},{"floor":26,"key":"Bird Faced Urn"},{"floor":40,"key":"Shovel"},{"floor":43,"key":"MawBank"},{"floor":43,"key":"Ornamental Fan"},{"floor":45,"key":"Regal Pillow"},{"floor":47,"key":"Darkstone Periapt"}],"event_choices":[{"damage_healed":0,"gold_gain":0,"player_choice":"Leave","damage_taken":0,"max_hp_gain":0,"max_hp_loss":0,"event_name":"The Cleric","floor":2,"gold_loss":0},{"cards_removed":["Strike_B"],"damage_healed":0,"gold_gain":0,"player_choice":"Card Removal","damage_taken":7,"max_hp_gain":0,"max_hp_loss":0,"event_name":"Golden Wing","floor":4,"gold_loss":0},{"damage_healed":0,"gold_gain":0,"player_choice":"Take Damage","damage_taken":18,"relics_obtained":["Golden Idol"],"max_hp_gain":0,"max_hp_loss":0,"event_name":"Golden Idol","floor":7,"gold_loss":0},{"damage_healed":0,"gold_gain":0,"player_choice":"Fought Bandits","damage_taken":0,"max_hp_gain":0,"max_hp_loss":0,"event_name":"Masked Bandits","floor":19,"gold_loss":0},{"cards_removed":["Defend_B"],"damage_healed":0,"gold_gain":0,"player_choice":"Upgrade and Remove","damage_taken":0,"max_hp_gain":0,"max_hp_loss":0,"event_name":"Designer","floor":27,"gold_loss":90,"cards_upgraded":["Defend_B"]},{"damage_healed":0,"gold_gain":0,"cards_transformed":["Strike_B"],"player_choice":"Transformed","damage_taken":0,"max_hp_gain":0,"max_hp_loss":0,"event_name":"Transmorgrifier","floor":42,"gold_loss":0,"cards_obtained":["Glacier"]}],"is_beta":false,"boss_relics":[{"not_picked":["Empty Cage","Calling Bell"],"picked":"Inserter"},{"not_picked":["Orrery","White Beast Statue"],"picked":"Philosopher\u0027s Stone"}],"items_purged_floors":[20,38],"is_endless":false,"potions_floor_spawned":[3,13,14,18,24,25,31,33,36,37,39,46],"ascension_level":0}