{"gold_per_floor":[118,118,131,142,155,155,188,206,206,221,221,231,259,259,259,259],"floor_reached":16,"playtime":830,"items_purged":[],"score":104,"play_id":"2ae21a47-0a14-4e76-9eef-3680da9760c0","local_time":"20180812232813","is_ascension_mode":false,"campfire_choices":[{"data":"Flex","floor":6,"key":"SMITH"},{"floor":11,"key":"REST"},{"floor":15,"key":"REST"}],"neow_cost":"PERCENT_DAMAGE","seed_source_timestamp":20480314383274,"circlet_count":0,"master_deck":["Strike_R","Strike_R","Strike_R","Strike_R","Strike_R","Defend_R","Defend_R","Defend_R","Defend_R","Bash","Flex+1","Anger","Shrug It Off","Clothesline","Flex"],"relics":["Burning Blood","Calipers","Blood Vial","Paper Frog","Centennial Puzzle","Odd Mushroom","Darkstone Periapt"],"potions_floor_usage":[10,13,13,16],"damage_taken":[{"damage":12,"enemies":"Cultist","floor":1,"turns":5},{"damage":6,"enemies":"2 Louse","floor":3,"turns":3},{"damage":0,"enemies":"Small Slimes","floor":4,"turns":3},{"damage":7,"enemies":"Blue Slaver","floor":5,"turns":4},{"damage":40,"enemies":"3 Sentries","floor":7,"turns":7},{"damage":16,"enemies":"Large Slime","floor":8,"turns":3},{"damage":8,"enemies":"Lots of Slimes","floor":10,"turns":3},{"damage":2,"enemies":"Blue Slaver","floor":12,"turns":3},{"damage":22,"floor":13,"turns":4},{"damage":70,"enemies":"The Guardian","floor":16,"turns":14}],"seed_played":"-4319675866497168371","potions_obtained":[{"floor":1,"key":"Swift Potion"},{"floor":7,"key":"Energy Potion"},{"floor":8,"key":"EssenceOfSteel"},{"floor":13,"key":"Dexterity Potion"}],"is_trial":false,"path_per_floor":["M","T","M","M","M","R","E","M","T","M","R","M","?","T","R"],"character_chosen":"IRONCLAD","items_purchased":[],"campfire_rested":2,"item_purchase_floors":[],"current_hp_per_floor":[50,50,52,60,61,61,29,21,21,21,45,51,37,37,61,0],"gold":259,"neow_bonus":"ONE_RARE_RELIC","is_prod":false,"is_daily":false,"chose_seed":false,"campfire_upgraded":1,"win_rate":0,"timestamp":1534082293,"path_taken":["M","?","M","?","?","R","E","M","T","?","R","M","?","?","R","BOSS"],"build_version":"2018-08-09","purchased_purges":0,"victory":false,"max_hp_per_floor":[80,80,80,80,80,80,80,80,80,80,80,80,80,80,80,80],"card_choices":[{"not_picked":["Sword Boomerang","Shrug It Off"],"picked":"Flex","floor":1},{"not_picked":["Body Slam","Dual Wield"],"picked":"Anger","floor":3},{"not_picked":["Blood for Blood","Havoc","Sword Boomerang"],"picked":"SKIP","floor":4},{"not_picked":["Sword Boomerang","Shockwave","Evolve"],"picked":"SKIP","floor":5},{"not_picked":["Metallicize","Headbutt","Flame Barrier"],"picked":"SKIP","floor":7},{"not_picked":["Havoc","Burning Pact","Fire Breathing"],"picked":"SKIP","floor":8},{"not_picked":["Pummel","Bludgeon"],"picked":"Shrug It Off","floor":10},{"not_picked":["Infernal Blade","Pommel Strike"],"picked":"Clothesline","floor":12},{"not_picked":["Shrug It Off","Corruption"],"picked":"Flex","floor":13}],"player_experience":333684,"relics_obtained":[{"floor":2,"key":"Blood Vial"},{"floor":7,"key":"Paper Frog"},{"floor":9,"key":"Centennial Puzzle"},{"floor":13,"key":"Odd Mushroom"},{"floor":14,"key":"Darkstone Periapt"}],"event_choices":[{"event_name":"Mushrooms","player_choice":"Fought Mushrooms","floor":13,"damage_taken":0}],"is_beta":false,"boss_relics":[],"items_purged_floors":[],"is_endless":false,"potions_floor_spawned":[1,7,8,13],"killed_by":"The Guardian","ascension_level":0}