{"gold_per_floor":[110,110,129,129,304,304,304,325,325,350,193,229,229,248,248,379,379,402,10,10,30,53,53,84,97,97,136,161,161,194,210,210,341,341,364,364,364,378,391,391,431,494,494,533,533,533,287,305,305,305,305,305,31,62,62],"floor_reached":56,"playtime":7594,"items_purged":["Defend_G","Defend_G"],"score":1586,"play_id":"e8cc2c16-98c7-4799-9be0-bbfc306fc042","local_time":"20190211035505","is_ascension_mode":true,"campfire_choices":[{"data":"Neutralize","floor":6.0,"key":"SMITH"},{"data":"Tools of the Trade","floor":15.0,"key":"SMITH"},{"floor":23.0,"key":"RECALL"},{"floor":29.0,"key":"REST"},{"floor":32.0,"key":"REST"},{"floor":40,"key":"REST"},{"floor":45,"key":"REST"},{"floor":49,"key":"REST"},{"floor":52,"key":"REST"}],"neow_cost":"NONE","seed_source_timestamp":0,"circlet_count":0,"master_deck":["Defend_G+1","Defend_G","Defend_G","Strike_G","Strike_G","Strike_G","Strike_G","Survivor","Neutralize+1","Cloak And Dagger+1","Tools of the Trade+1","Venomology","Backflip","Adrenaline","Footwork+1","Footwork","Dodge and Roll","Dagger Spray+1","Blur+1","Backstab","Cloak And Dagger+1","Reflex+1","Corpse Explosion","Dodge and Roll+1","Madness","Madness","Leg Sweep","Backflip+1","Infinite Blades","Caltrops","Tactician","A Thousand Cuts"],"special_seed":0,"relics":["Ring of the Snake","Golden Idol","Art of War","Mummified Hand","Bottled Flame","Fusion Hammer","Membership Card","Calipers","Matryoshka","Smiling Mask","FossilizedHelix","Regal Pillow","Letter Opener","Philosopher\u0027s Stone","Ice Cream","Incense Burner","Snake Skull","Kunai","Tough Bandages","Tingsha","Bird Faced Urn"],"potions_floor_usage":[41,42,42,48,48,50,54,54,55,55,55],"damage_taken":[{"damage":0.0,"enemies":"2 Louse","floor":1.0,"turns":3.0},{"damage":2.0,"enemies":"Small Slimes","floor":3.0,"turns":4.0},{"damage":1.0,"enemies":"Jaw Worm","floor":8.0,"turns":4.0},{"damage":0.0,"enemies":"Exordium Thugs","floor":10.0,"turns":7.0},{"damage":48.0,"enemies":"Gremlin Nob","floor":12.0,"turns":6.0},{"damage":3.0,"enemies":"Red Slaver","floor":14.0,"turns":4.0},{"damage":22.0,"enemies":"The Guardian","floor":16.0,"turns":16.0},{"damage":6.0,"enemies":"Chosen","floor":18.0,"turns":6.0},{"damage":0.0,"enemies":"2 Thieves","floor":21.0,"turns":5.0},{"damage":8.0,"enemies":"Snake Plant","floor":22.0,"turns":10.0},{"damage":0.0,"enemies":"Book of Stabbing","floor":24.0,"turns":10.0},{"damage":0.0,"enemies":"3 Cultists","floor":25.0,"turns":7.0},{"damage":0.0,"enemies":"Slavers","floor":27.0,"turns":15.0},{"damage":29.0,"enemies":"Cultist and Chosen","floor":28.0,"turns":9.0},{"damage":0.0,"enemies":"Book of Stabbing","floor":30.0,"turns":7.0},{"damage":0.0,"enemies":"Chosen and Byrds","floor":31.0,"turns":4.0},{"damage":18.0,"enemies":"Collector","floor":33.0,"turns":19.0},{"damage":0.0,"enemies":"Orb Walker","floor":35.0,"turns":4.0},{"damage":2.0,"enemies":"3 Darklings","floor":38.0,"turns":4.0},{"damage":17.0,"enemies":"Sphere and 2 Shapes","floor":39.0,"turns":5.0},{"damage":0,"enemies":"Nemesis","floor":41,"turns":11},{"damage":64,"enemies":"2 Orb Walkers","floor":42,"turns":8},{"damage":0,"enemies":"Reptomancer","floor":44,"turns":9},{"damage":0,"enemies":"Transient","floor":48,"turns":5},{"damage":0,"enemies":"Donu and Deca","floor":50,"turns":9},{"damage":41,"enemies":"Shield and Spear","floor":54,"turns":6},{"damage":33,"enemies":"The Heart","floor":55,"turns":15}],"seed_played":"-4840122469125016167","potions_obtained":[{"floor":8.0,"key":"Block Potion"},{"floor":10.0,"key":"Dexterity Potion"},{"floor":12.0,"key":"Swift Potion"},{"floor":18.0,"key":"GhostInAJar"},{"floor":28.0,"key":"EntropicBrew"},{"floor":30.0,"key":"LiquidBronze"},{"floor":31.0,"key":"FearPotion"},{"floor":39,"key":"Strength Potion"},{"floor":44,"key":"Dexterity Potion"},{"floor":48,"key":"Block Potion"}],"is_trial":false,"path_per_floor":["M","?","M","?","?","R","?","M","T","M","$","E","?","M","R","B",null,"M","$","?","M","M","R","E","M","T","E","M","R","E","M","R","B",null,"M","?","?","M","M","R","E","?","T","E","R","?","$","M","R","B",null,"R","$","E","B",null],"character_chosen":"THE_SILENT","items_purchased":["Tools of the Trade","Membership Card","Calipers","Footwork","Dodge and Roll","Infinite Blades","Tough Bandages","Caltrops","Tactician","Tingsha"],"campfire_rested":6,"item_purchase_floors":[11,19,19,19,19,47,47,53,53,53],"current_hp_per_floor":[77,62,60,60,60,60,57,56,56,56,56,8,31,28,28,6,71,65,65,65,65,57,57,57,57,57,57,28,64,64,64,71,53,71,71,71,62,71,54,71,71,7,7,7,43,43,43,43,71,71,71,71,71,30,9],"gold":62,"neow_bonus":"TEN_PERCENT_HP_BONUS","is_prod":false,"is_daily":false,"chose_seed":false,"campfire_upgraded":2,"win_rate":0,"timestamp":1549878905,"path_taken":["M","?","M","?","?","R","?","M","T","M","$","E","?","?","R","BOSS","M","$","?","M","?","R","E","M","T","E","?","R","E","M","R","BOSS","M","?","?","M","M","R","E","?","T","E","R","?","?","M","R","BOSS","R","$","E","BOSS"],"build_version":"2019-02-06","purchased_purges":2,"victory":true,"max_hp_per_floor":[77,77,77,71,71,71,71,71,71,71,71,71,71,71,71,71,71,71,71,71,71,71,71,71,71,71,71,71,71,71,71,71,71,71,71,71,71,71,71,71,71,71,71,71,71,71,71,71,71,71,71,71,71,71,71],"card_choices":[{"not_picked":["Flying Knee","Prepared"],"picked":"Cloak And Dagger","floor":1.0},{"not_picked":["Setup","Dodge and Roll","Cloak And Dagger"],"picked":"SKIP","floor":3.0},{"not_picked":["PiercingWail","Blade Dance","Dodge and Roll"],"picked":"SKIP","floor":8.0},{"not_picked":["Eviscerate","Poisoned Stab","Blade Dance"],"picked":"SKIP","floor":10.0},{"not_picked":["Prepared","Flying Knee"],"picked":"Venomology","floor":12.0},{"not_picked":["Flying Knee","PiercingWail"],"picked":"Backflip","floor":14.0},{"not_picked":["Venomology","Glass Knife"],"picked":"Adrenaline","floor":16.0},{"not_picked":["Flying Knee+1","Leg Sweep"],"picked":"Footwork+1","floor":18.0},{"not_picked":["Sucker Punch","PiercingWail"],"picked":"Dagger Spray+1","floor":21.0},{"not_picked":["Choke","Bane","Poisoned Stab"],"picked":"SKIP","floor":22.0},{"not_picked":["Dash","Storm of Steel"],"picked":"Blur+1","floor":24.0},{"not_picked":["Distraction","Terror","Expertise"],"picked":"SKIP","floor":25.0},{"not_picked":["Sucker Punch","Corpse Explosion"],"picked":"Backstab","floor":27.0},{"not_picked":["PiercingWail+1","Quick Slash+1"],"picked":"Cloak And Dagger+1","floor":28.0},{"not_picked":["All Out Attack","Underhanded Strike","Prepared+1"],"picked":"SKIP","floor":30.0},{"not_picked":["Underhanded Strike+1","Acrobatics"],"picked":"Reflex+1","floor":31.0},{"not_picked":["Tools of the Trade","Phantasmal Killer"],"picked":"Corpse Explosion","floor":33.0},{"not_picked":["Slice","Flying Knee+1"],"picked":"Dodge and Roll+1","floor":35.0},{"not_picked":["Sucker Punch","Tactician"],"picked":"Leg Sweep","floor":38.0},{"not_picked":["Dagger Throw+1","Flying Knee+1","PiercingWail"],"picked":"SKIP","floor":39},{"not_picked":["PiercingWail","Riddle With Holes+1","Prepared"],"picked":"SKIP","floor":41},{"not_picked":["Flechettes+1","Sucker Punch"],"picked":"Backflip+1","floor":44},{"not_picked":["Outmaneuver+1","Acrobatics","Deflect"],"picked":"SKIP","floor":48},{"not_picked":["Setup+1","Cloak And Dagger"],"picked":"A Thousand Cuts","floor":54}],"player_experience":104720,"relics_obtained":[{"floor":9.0,"key":"Mummified Hand"},{"floor":12.0,"key":"Bottled Flame"},{"floor":24.0,"key":"Matryoshka"},{"floor":26.0,"key":"Smiling Mask"},{"floor":26.0,"key":"FossilizedHelix"},{"floor":27.0,"key":"Regal Pillow"},{"floor":30.0,"key":"Letter Opener"},{"floor":41,"key":"Ice Cream"},{"floor":42,"key":"Incense Burner"},{"floor":43,"key":"Snake Skull"},{"floor":44,"key":"Kunai"},{"floor":54,"key":"Bird Faced Urn"}],"event_choices":[{"damage_healed":0.0,"max_hp_gain":0.0,"max_hp_loss":0.0,"gold_gain":0.0,"event_name":"Shining Light","player_choice":"Entered Light","floor":2.0,"gold_loss":0.0,"damage_taken":15.0,"cards_upgraded":["Defend_G","Cloak And Dagger"]},{"damage_healed":0.0,"max_hp_gain":0.0,"max_hp_loss":6.0,"gold_gain":0.0,"event_name":"Golden Idol","player_choice":"Lose Max HP","floor":4.0,"gold_loss":0.0,"damage_taken":0.0,"relics_obtained":["Golden Idol"]},{"damage_healed":0.0,"max_hp_gain":0.0,"max_hp_loss":0.0,"gold_gain":175.0,"event_name":"Liars Game","player_choice":"AGREE","floor":5.0,"gold_loss":0.0,"damage_taken":0.0,"cards_obtained":["Doubt"]},{"damage_healed":0.0,"max_hp_gain":0.0,"max_hp_loss":0.0,"gold_gain":0.0,"event_name":"Scrap Ooze","player_choice":"Success","floor":7.0,"gold_loss":0.0,"damage_taken":3.0,"relics_obtained":["Art of War"]},{"damage_healed":23.0,"max_hp_gain":0.0,"max_hp_loss":0.0,"gold_gain":0.0,"event_name":"Big Fish","player_choice":"Banana","floor":13.0,"gold_loss":0.0,"damage_taken":0.0},{"cards_removed":["Doubt"],"damage_healed":0.0,"max_hp_gain":0.0,"max_hp_loss":0.0,"gold_gain":0.0,"event_name":"Purifier","player_choice":"Purged","floor":20.0,"gold_loss":0.0,"damage_taken":0.0},{"damage_healed":0.0,"max_hp_gain":0.0,"max_hp_loss":0.0,"gold_gain":0.0,"event_name":"Tomb of Lord Red Mask","player_choice":"Ignored","floor":36.0,"gold_loss":0.0,"damage_taken":0.0},{"damage_healed":0.0,"max_hp_gain":0.0,"max_hp_loss":0.0,"gold_gain":0.0,"event_name":"Winding Halls","player_choice":"Embrace Madness","floor":37.0,"gold_loss":0.0,"damage_taken":9.0,"cards_obtained":["Madness","Madness"]},{"damage_healed":0,"gold_gain":0,"player_choice":"Fight","damage_taken":0,"max_hp_gain":0,"max_hp_loss":0,"event_name":"Mysterious Sphere","floor":42,"gold_loss":0},{"cards_removed":["Strike_G"],"damage_healed":0,"gold_gain":0,"player_choice":"Removed Attack","damage_taken":0,"max_hp_gain":0,"max_hp_loss":0,"event_name":"Falling","floor":46,"gold_loss":0}],"is_beta":true,"boss_relics":[{"not_picked":["Black Star","Tiny House"],"picked":"Fusion Hammer"},{"not_picked":["Cursed Key","White Beast Statue"],"picked":"Philosopher\u0027s Stone"}],"items_purged_floors":[47,53],"is_endless":false,"potions_floor_spawned":[8,10,12,18,28,30,31,39,44,48],"ascension_level":3}