{"path_per_floor":["M","?","M","?","M","R","E","$","T","$","T","?","R","M","R","B",null,"M","?","M","?","?","R","?","R","T","R","M","M","$","?","R","B",null,"M","M","?","$","M","R","M","R","T","?","E","$","R","M","R"],"character_chosen":"THE_SILENT","items_purchased":["Cloak And Dagger","Noxious Fumes","Noxious Fumes","Regal Pillow"],"gold_per_floor":[117,117,132,132,144,144,171,47,96,20,20,20,20,32,32,127,127,146,61,76,76,76,76,76,76,76,76,95,109,31,31,31,131,131,141,158,158,10,25,25,37,37,37,37,71,71,71,81,81,81],"floor_reached":50,"campfire_rested":8,"playtime":2572,"item_purchase_floors":[8,10,30,38],"current_hp_per_floor":[61,61,61,61,61,61,34,34,34,34,34,31,52,50,70,50,70,68,68,60,47,47,69,69,69,69,69,69,57,57,57,75,20,75,60,56,47,47,33,70,44,75,75,75,37,37,77,42,82,0],"items_purged":["Strike_G"],"gold":81,"score":514,"play_id":"18c59d2f-ff8d-41d2-819a-c40f3512b104","local_time":"20180611153819","is_prod":false,"is_daily":false,"chose_seed":false,"is_ascension_mode":true,"campfire_upgraded":3,"win_rate":0,"timestamp":1528745899,"campfire_choices":[{"data":"Blade Dance","floor":6,"key":"SMITH"},{"floor":13,"key":"REST"},{"floor":15,"key":"REST"},{"floor":23,"key":"REST"},{"data":"Noxious Fumes","floor":25,"key":"SMITH"},{"data":"Noxious Fumes","floor":27,"key":"SMITH"},{"floor":32,"key":"REST"},{"floor":40,"key":"REST"},{"floor":42,"key":"REST"},{"floor":47,"key":"REST"},{"floor":49,"key":"REST"}],"path_taken":["M","?","M","?","M","R","E","$","T","$","?","?","R","M","R","BOSS","M","?","M","?","?","R","?","R","T","R","M","?","$","?","R","BOSS","M","M","?","$","?","R","M","R","T","?","E","$","R","M","R","BOSS"],"build_version":"2018-06-07v3","seed_source_timestamp":417665235079388,"purchased_purges":1,"victory":false,"master_deck":["Defend_G+1","Defend_G","Defend_G","Defend_G","Strike_G","Strike_G","Strike_G+1","Survivor","Neutralize","Poisoned Stab","Underhanded Strike","Quick Slash+1","Blade Dance+1","Riddle With Holes","Cloak And Dagger","Noxious Fumes+1","Adrenaline","Noxious Fumes+1","Backflip+1","Dagger Spray","PiercingWail","Noxious Fumes","Doppelganger","Underhanded Strike+1","Madness","Madness","Catalyst+1","Injury"],"max_hp_per_floor":[70,70,70,70,70,70,70,70,70,70,70,70,70,70,70,70,70,70,70,70,75,75,75,75,75,75,75,75,75,75,75,75,75,75,75,75,75,75,75,75,75,75,75,75,85,85,85,85,85,85],"relics":["Ring of the Snake","Whetstone","Bag of Marbles","Centennial Puzzle","Orichalcum","Cursed Key","Turnip","War Paint","Busted Crown","Regal Pillow","Gremlin Horn","Pear"],"card_choices":[{"not_picked":["Sucker Punch","Outmaneuver"],"picked":"Poisoned Stab","floor":0},{"not_picked":["PiercingWail","Setup"],"picked":"Underhanded Strike","floor":1},{"not_picked":["Outmaneuver","Sucker Punch"],"picked":"Quick Slash","floor":3},{"not_picked":["Quick Slash","Acrobatics"],"picked":"Blade Dance","floor":5},{"not_picked":["Flechettes","Deflect"],"picked":"Riddle With Holes","floor":7},{"not_picked":["Setup","Masterful Stab","Sucker Punch"],"picked":"SKIP","floor":14},{"not_picked":["Night Terror","Unload"],"picked":"Adrenaline","floor":16},{"not_picked":["Cloak And Dagger+1","Dagger Spray+1"],"picked":"Noxious Fumes","floor":18},{"not_picked":["Deflect+1","Eviscerate"],"picked":"Backflip","floor":20},{"not_picked":["Sucker Punch+1","Bane+1"],"picked":"Dagger Spray","floor":28},{"not_picked":["Prepared","Choke"],"picked":"PiercingWail","floor":29},{"not_picked":["Venomology","Bullet Time"],"picked":"Doppelganger","floor":33},{"not_picked":["Dagger Spray"],"picked":"SKIP","floor":35},{"not_picked":[],"picked":"Underhanded Strike+1","floor":36},{"not_picked":[],"picked":"Catalyst+1","floor":39},{"not_picked":["Backflip"],"picked":"SKIP","floor":41},{"not_picked":["Eviscerate+1"],"picked":"SKIP","floor":45},{"not_picked":["Prepared+1"],"picked":"SKIP","floor":48}],"player_experience":491943,"potions_floor_usage":[16,33,33,33],"damage_taken":[{"damage":9,"enemies":"Small Slimes","floor":1,"turns":3},{"damage":0,"enemies":"2 Louse","floor":3,"turns":3},{"damage":0,"enemies":"Jaw Worm","floor":5,"turns":3},{"damage":27,"enemies":"Lagavulin","floor":7,"turns":8},{"damage":2,"enemies":"Blue Slaver","floor":14,"turns":3},{"damage":20,"enemies":"Slime Boss","floor":16,"turns":8},{"damage":2,"enemies":"Shell Parasite","floor":18,"turns":5},{"damage":8,"enemies":"Spheric Guardian","floor":20,"turns":4},{"damage":0,"enemies":"Centurion and Healer","floor":28,"turns":5},{"damage":12,"enemies":"Snake Plant","floor":29,"turns":4},{"damage":55,"enemies":"Champ","floor":33,"turns":11},{"damage":15,"enemies":"3 Shapes","floor":35,"turns":4},{"damage":4,"enemies":"Orb Walker","floor":36,"turns":4},{"damage":14,"enemies":"Sphere and 2 Shapes","floor":39,"turns":5},{"damage":26,"enemies":"3 Darklings","floor":41,"turns":4},{"damage":48,"enemies":"Nemesis","floor":45,"turns":7},{"damage":35,"enemies":"Maw","floor":48,"turns":8},{"damage":100,"enemies":"Donu and Deca","floor":50,"turns":6}],"relics_obtained":[{"floor":7,"key":"Whetstone"},{"floor":9,"key":"Bag of Marbles"},{"floor":11,"key":"Centennial Puzzle"},{"floor":26,"key":"War Paint"},{"floor":43,"key":"Gremlin Horn"},{"floor":45,"key":"Pear"}],"event_choices":[{"event_name":"Shining Light","player_choice":"Ignored","floor":2,"damage_taken":0},{"event_name":"Purifier","player_choice":"One Purge","floor":4,"damage_taken":0},{"event_name":"Scrap Ooze","player_choice":"success","floor":12,"damage_taken":3},{"event_name":"Addict","player_choice":"Obtained Relic","floor":19,"damage_taken":0},{"event_name":"Forgotten Altar","player_choice":"Shed Blood","floor":21,"damage_taken":0},{"event_name":"Ghosts","player_choice":"Ignored","floor":22,"damage_taken":0},{"event_name":"Vampires","player_choice":"Ignored","floor":24,"damage_taken":0},{"event_name":"Fountain of Cleansing","player_choice":"Removed Curse","floor":31,"damage_taken":0},{"event_name":"Winding Halls","player_choice":"Embrace Madness","floor":37,"damage_taken":0},{"event_name":"Falling","player_choice":"Removed Skill","floor":44,"damage_taken":0}],"boss_relics":[{"not_picked":["Pandora\u0027s Box","Runic Dome"],"picked":"Cursed Key"},{"not_picked":["Philosopher\u0027s Stone","Calling Bell"],"picked":"Busted Crown"}],"items_purged_floors":[8],"potions_floor_spawned":[5,7,14,29,41,45],"seed_played":"-4620706508435045893","killed_by":"Donu and Deca","ascension_level":1,"potions_obtained":[{"floor":5,"key":"Block Potion"},{"floor":7,"key":"Swift Potion"},{"floor":14,"key":"SkillPotion"},{"floor":29,"key":"Ancient Potion"},{"floor":41,"key":"Ancient Potion"},{"floor":45,"key":"SteroidPotion"}],"is_trial":false}