{"gold_per_floor":[214,214,214,231,74,74,104,115,115,141,154,173,183,183,183,287,287,301,226,244,244,92,120,120,145,145,158,158,176,188,216,216,320,320,331,331,331,114,125,125,151,151,151,171,182,57,57,57,57,57,57,57,8,33,33],"floor_reached":56,"playtime":3980,"items_purged":["Strike_G","Strike_G","Defend_G"],"score":1374,"play_id":"bd7e2258-5fb9-4323-b1e6-c944d385b6f1","local_time":"20190210191957","is_ascension_mode":true,"campfire_choices":[{"data":"Neutralize","floor":6,"key":"SMITH"},{"data":"Venomology","floor":15,"key":"SMITH"},{"data":"Defend_G","floor":24,"key":"PURGE"},{"floor":32,"key":"RECALL"},{"data":"Deep Breath","floor":40,"key":"SMITH"},{"data":"Strike_G","floor":42,"key":"PURGE"},{"data":"Prepared","floor":47,"key":"SMITH"},{"data":"Burst","floor":49,"key":"SMITH"},{"data":"Adrenaline","floor":52,"key":"SMITH"}],"neow_cost":"NONE","seed_source_timestamp":16183718873285,"circlet_count":0,"master_deck":["Defend_G+1","Defend_G","Strike_G","Survivor","Neutralize+1","Prepared","Quick Slash","Escape Plan","Flying Knee+1","PiercingWail","Noxious Fumes+1","Venomology+1","Adrenaline","Footwork+1","Noxious Fumes+1","Slice+1","Flying Knee","Burst+1","Prepared+1","Malaise","PiercingWail","Adrenaline+1","Deflect+1","Deep Breath+1","Noxious Fumes+1","Blur","Dash+1","Deflect","Parasite","Heel Hook","Madness","Madness"],"relics":["Ring of the Snake","Peace Pipe","Oddly Smooth Stone","Centennial Puzzle","Frozen Egg 2","Boot","Runic Pyramid","Ancient Tea Set","Bottled Tornado","Tough Bandages","Coffee Dripper","Lantern","Mummified Hand","Strawberry"],"potions_floor_usage":[10,10,13,16,23,23,23,25,29,30,31,33,33,35,39,39,44,45,50,54,55,55,55,55],"damage_taken":[{"damage":0,"enemies":"Cultist","floor":1,"turns":3},{"damage":1,"enemies":"Jaw Worm","floor":4,"turns":6},{"damage":18,"enemies":"3 Sentries","floor":7,"turns":14},{"damage":0,"enemies":"Small Slimes","floor":8,"turns":3},{"damage":10,"enemies":"Gremlin Nob","floor":10,"turns":3},{"damage":0,"enemies":"Looter","floor":11,"turns":3},{"damage":0,"enemies":"3 Louse","floor":12,"turns":3},{"damage":3,"enemies":"2 Fungi Beasts","floor":13,"turns":4},{"damage":7,"enemies":"The Guardian","floor":16,"turns":10},{"damage":1,"enemies":"3 Byrds","floor":18,"turns":4},{"damage":0,"enemies":"Shell Parasite","floor":20,"turns":7},{"damage":0,"enemies":"Book of Stabbing","floor":23,"turns":6},{"damage":30,"enemies":"Slavers","floor":25,"turns":6},{"damage":0,"enemies":"Chosen and Byrds","floor":27,"turns":4},{"damage":0,"enemies":"Shelled Parasite and Fungi","floor":29,"turns":5},{"damage":0,"enemies":"Snake Plant","floor":30,"turns":4},{"damage":0,"enemies":"Book of Stabbing","floor":31,"turns":6},{"damage":5,"enemies":"Collector","floor":33,"turns":10},{"damage":0,"enemies":"3 Darklings","floor":35,"turns":5},{"damage":0,"enemies":"Orb Walker","floor":39,"turns":5},{"damage":0,"enemies":"Giant Head","floor":41,"turns":10},{"damage":0,"enemies":"Sphere and 2 Shapes","floor":44,"turns":5},{"damage":0,"enemies":"Writhing Mass","floor":45,"turns":7},{"damage":0,"enemies":"Time Eater","floor":50,"turns":14},{"damage":0,"enemies":"Shield and Spear","floor":54,"turns":9},{"damage":49,"enemies":"The Heart","floor":55,"turns":12}],"seed_played":"-8648400144239494475","potions_obtained":[{"floor":7,"key":"Regen Potion"},{"floor":8,"key":"PowerPotion"},{"floor":11,"key":"SneckoOil"},{"floor":12,"key":"Poison Potion"},{"floor":23,"key":"SmokeBomb"},{"floor":25,"key":"Block Potion"},{"floor":27,"key":"Strength Potion"},{"floor":31,"key":"AttackPotion"},{"floor":33,"key":"EssenceOfSteel"},{"floor":37,"key":"Strength Potion"},{"floor":37,"key":"Swift Potion"},{"floor":44,"key":"Poison Potion"},{"floor":45,"key":"Explosive Potion"}],"is_trial":false,"path_per_floor":["M","?","?","M","$","R","E","M","T","E","M","M","M","?","R","B",null,"M","?","M","?","$","E","R","E","T","M","?","M","M","E","R","B",null,"M","?","?","$","M","R","E","R","T","M","M","$","R","?","R","B",null,"R","$","E","B",null],"character_chosen":"THE_SILENT","items_purchased":["Oddly Smooth Stone","Noxious Fumes+1","Noxious Fumes+1","Blur","PowerPotion"],"campfire_rested":0,"item_purchase_floors":[5,22,38,38,53],"current_hp_per_floor":[70,63,63,62,62,62,44,44,44,46,46,46,57,43,43,36,70,69,69,69,69,69,69,69,39,39,39,39,39,39,39,39,34,70,70,70,70,70,70,70,70,70,70,70,70,70,70,61,61,61,70,70,70,77,28],"gold":33,"neow_bonus":"HUNDRED_GOLD","is_prod":false,"is_daily":false,"chose_seed":false,"campfire_upgraded":6,"win_rate":0,"timestamp":1549822797,"path_taken":["M","?","?","M","$","R","E","M","T","E","M","M","?","?","R","BOSS","M","?","M","?","$","E","R","E","T","M","?","M","M","E","R","BOSS","M","?","?","$","?","R","E","R","T","M","M","$","R","?","R","BOSS","R","$","E","BOSS"],"build_version":"2019-01-23","purchased_purges":3,"victory":true,"max_hp_per_floor":[70,70,70,70,70,70,70,70,70,70,70,70,70,70,70,70,70,70,70,70,70,70,70,70,70,70,70,70,70,70,70,70,70,70,70,70,70,70,70,70,70,70,70,70,70,70,70,70,70,70,70,70,70,77,77],"card_choices":[{"not_picked":["Outmaneuver","Expertise"],"picked":"Prepared","floor":1},{"not_picked":["Slice","Catalyst"],"picked":"Quick Slash","floor":4},{"not_picked":["Night Terror","Die Die Die"],"picked":"Escape Plan","floor":7},{"not_picked":["Bane","Prepared"],"picked":"Flying Knee","floor":8},{"not_picked":["Outmaneuver","Sucker Punch"],"picked":"PiercingWail","floor":10},{"not_picked":["Calculated Gamble","Blade Dance"],"picked":"Noxious Fumes+1","floor":11},{"not_picked":["Backflip","Deadly Poison"],"picked":"Venomology","floor":12},{"not_picked":["Dagger Throw","Crippling Poison","Bouncing Flask"],"picked":"SKIP","floor":13},{"not_picked":["Corpse Explosion","Phantasmal Killer"],"picked":"Adrenaline","floor":16},{"not_picked":["Noxious Fumes+1","Blade Dance"],"picked":"Footwork+1","floor":18},{"not_picked":["Cloak And Dagger","Acrobatics","Leg Sweep+1"],"picked":"SKIP","floor":20},{"not_picked":["Backflip","Accuracy+1"],"picked":"Slice+1","floor":23},{"not_picked":["Dagger Spray","Blade Dance"],"picked":"Flying Knee","floor":25},{"not_picked":["Blade Dance","Escape Plan+1"],"picked":"Burst","floor":27},{"not_picked":["Backflip","PiercingWail"],"picked":"Prepared","floor":29},{"not_picked":["Catalyst","Bouncing Flask"],"picked":"Malaise","floor":30},{"not_picked":["Endless Agony","Cloak And Dagger"],"picked":"PiercingWail","floor":31},{"not_picked":["Storm of Steel","Tools of the Trade+1"],"picked":"Adrenaline","floor":33},{"not_picked":["Reflex","Blade Dance+1"],"picked":"Deflect+1","floor":35},{"not_picked":["Transmutation","Blind"],"picked":"Deep Breath","floor":36},{"not_picked":["Finisher","Dagger Throw+1"],"picked":"Dash+1","floor":39},{"not_picked":["Bane+1","Underhanded Strike+1","Infinite Blades+1"],"picked":"SKIP","floor":41},{"not_picked":["Blade Dance+1","Bane+1"],"picked":"Deflect","floor":44},{"not_picked":["Riddle With Holes","Poisoned Stab"],"picked":"Heel Hook","floor":45},{"not_picked":["Phantasmal Killer","Dodge and Roll+1","Choke+1"],"picked":"SKIP","floor":54}],"player_experience":40939,"relics_obtained":[{"floor":7,"key":"Centennial Puzzle"},{"floor":9,"key":"Frozen Egg 2"},{"floor":10,"key":"Boot"},{"floor":23,"key":"Ancient Tea Set"},{"floor":25,"key":"Bottled Tornado"},{"floor":31,"key":"Tough Bandages"},{"floor":41,"key":"Lantern"},{"floor":43,"key":"Mummified Hand"},{"floor":54,"key":"Strawberry"}],"event_choices":[{"damage_healed":0,"gold_gain":0,"player_choice":"Success","damage_taken":7,"relics_obtained":["Peace Pipe"],"max_hp_gain":0,"max_hp_loss":0,"event_name":"Scrap Ooze","floor":2,"gold_loss":0},{"cards_removed":["Strike_G"],"damage_healed":0,"gold_gain":0,"player_choice":"Purged","damage_taken":0,"max_hp_gain":0,"max_hp_loss":0,"event_name":"Purifier","floor":3,"gold_loss":0},{"damage_healed":0,"gold_gain":0,"player_choice":"Entered Light","damage_taken":14,"max_hp_gain":0,"max_hp_loss":0,"event_name":"Shining Light","floor":14,"gold_loss":0,"cards_upgraded":["Flying Knee","Defend_G"]},{"cards_removed":["Defend_G"],"damage_healed":0,"gold_gain":0,"player_choice":"Gave Gold","damage_taken":0,"max_hp_gain":0,"max_hp_loss":0,"event_name":"Beggar","floor":19,"gold_loss":75},{"damage_healed":0,"gold_gain":0,"player_choice":"Ignored","damage_taken":0,"max_hp_gain":0,"max_hp_loss":0,"event_name":"Ghosts","floor":21,"gold_loss":0},{"damage_healed":0,"gold_gain":0,"player_choice":"Ignored","damage_taken":0,"max_hp_gain":0,"max_hp_loss":0,"event_name":"The Mausoleum","floor":28,"gold_loss":0},{"damage_healed":0,"gold_gain":0,"player_choice":"Memory 1","damage_taken":0,"max_hp_gain":0,"max_hp_loss":0,"event_name":"SensoryStone","floor":36,"gold_loss":0},{"damage_healed":0,"gold_gain":0,"player_choice":"Got Potions","damage_taken":0,"max_hp_gain":0,"max_hp_loss":0,"event_name":"Lab","floor":37,"gold_loss":0},{"damage_healed":0,"gold_gain":0,"player_choice":"Embrace Madness","damage_taken":9,"max_hp_gain":0,"max_hp_loss":0,"event_name":"Winding Halls","floor":48,"gold_loss":0,"cards_obtained":["Madness","Madness"]}],"is_beta":false,"boss_relics":[{"not_picked":["White Beast Statue","Snecko Eye"],"picked":"Runic Pyramid"},{"not_picked":["Ring of the Serpent","Runic Dome"],"picked":"Coffee Dripper"}],"items_purged_floors":[22,38,46],"is_endless":false,"potions_floor_spawned":[7,8,11,12,23,25,27,31,33,44,45,54],"ascension_level":1}