{"gold_per_floor":[111,111,111,122,140,140,175,175,175,175,125,76,37,212,212,212],"floor_reached":16,"playtime":260,"items_purged":[],"score":96,"play_id":"e787eedc-7910-4e74-896d-d3fd5c539cde","local_time":"20180704204150","is_ascension_mode":false,"campfire_choices":[{"data":"Flex","floor":6,"key":"SMITH"},{"data":"Bash","floor":8,"key":"SMITH"},{"data":"Strike_R","floor":10,"key":"SMITH"},{"floor":15,"key":"REST"}],"neow_cost":"","seed_source_timestamp":174767993918145,"circlet_count":0,"master_deck":["Strike_R","Strike_R","Strike_R","Strike_R+1","Defend_R","Defend_R","Defend_R","Bash+1","Flex+1","Flex","Doubt"],"relics":["Burning Blood","Ornamental Fan","Kunai","Juzu Bracelet"],"potions_floor_usage":[16],"damage_taken":[{"damage":3,"enemies":"Jaw Worm","floor":1,"turns":4},{"damage":0,"enemies":"Small Slimes","floor":4,"turns":3},{"damage":5,"enemies":"Cultist","floor":5,"turns":4},{"damage":27,"enemies":"Lagavulin","floor":7,"turns":5},{"damage":87,"enemies":"Slime Boss","floor":16,"turns":10}],"seed_played":"-7522626006599547254","potions_obtained":[{"floor":1,"key":"Explosive Potion"},{"floor":4,"key":"Block Potion"},{"floor":7,"key":"SneckoOil"}],"is_trial":false,"path_per_floor":["M","?","?","M","M","R","E","R","T","R","?","$","?","?","R"],"character_chosen":"IRONCLAD","items_purchased":["Flex"],"campfire_rested":1,"item_purchase_floors":[12],"current_hp_per_floor":[80,77,70,76,77,77,56,56,56,56,56,56,56,56,80,0],"gold":212,"neow_bonus":"","is_prod":false,"is_daily":false,"chose_seed":false,"campfire_upgraded":3,"win_rate":0,"timestamp":1530754910,"path_taken":["M","?","?","M","?","R","E","R","T","R","?","$","?","?","R","BOSS"],"build_version":"2018-07-03","purchased_purges":0,"victory":false,"max_hp_per_floor":[80,80,80,80,80,80,80,80,80,80,80,80,80,80,80,80],"card_choices":[{"not_picked":["Intimidate","Sever Soul"],"picked":"Flex","floor":1},{"not_picked":["Armaments","Havoc","Sword Boomerang"],"picked":"SKIP","floor":4},{"not_picked":["Headbutt","Disarm","Burning Pact"],"picked":"SKIP","floor":5},{"not_picked":["Fire Breathing","Shockwave","Dropkick"],"picked":"SKIP","floor":7}],"player_experience":317988,"relics_obtained":[{"floor":7,"key":"Kunai"},{"floor":9,"key":"Juzu Bracelet"}],"event_choices":[{"event_name":"Scrap Ooze","player_choice":"success","floor":2,"damage_taken":3},{"event_name":"Golden Wing","player_choice":"Card Removal","floor":3,"damage_taken":0},{"event_name":"The Cleric","player_choice":"Card Removal","floor":11,"damage_taken":0},{"event_name":"World of Goop","player_choice":"Left","floor":13,"damage_taken":0},{"event_name":"Liars Game","player_choice":"agreed","floor":14,"damage_taken":0}],"boss_relics":[],"items_purged_floors":[],"is_endless":false,"potions_floor_spawned":[1,4,7],"killed_by":"Slime Boss","ascension_level":0}