{"gold_per_floor":[111,128,128,128,143,25,44,44,44,44,63,77,87,100,100,203,203,217,217,217,143,154,154,180,180,180,140,159,159,177,65,65,160,160,179,179,192,192,207,207,239,239,314,331,231,231,28,43,43,43],"floor_reached":50,"playtime":1559,"items_purged":["Parasite","Shame"],"score":559,"play_id":"5c62ec99-a047-4b04-bfd1-ec7ca976fc12","local_time":"20190213142608","is_ascension_mode":false,"campfire_choices":[{"data":"Flex","floor":8,"key":"SMITH"},{"data":"Demon Form","floor":15,"key":"SMITH"},{"data":"Metallicize","floor":23,"key":"SMITH"},{"data":"Limit Break","floor":25,"key":"SMITH"},{"data":"Armaments","floor":29,"key":"SMITH"},{"data":"Uppercut","floor":32,"key":"SMITH"},{"floor":40,"key":"REST"},{"floor":42,"key":"RECALL"},{"floor":49,"key":"REST"}],"neow_cost":"NONE","seed_source_timestamp":2732651672222,"circlet_count":0,"master_deck":["Defend_R","Defend_R+1","Bash","Flex+1","Sword Boomerang","Iron Wave","Metallicize+1","Flex+1","Armaments+1","Whirlwind","Uppercut+1","Demon Form+1","Limit Break+1","Bite","Bite","Bite+1","Bite","Bite+1","Metallicize","Shrug It Off+1","Battle Trance+1","Carnage","Demon Form","Battle Trance+1","Metallicize","Flame Barrier+1","Flex+1","Parasite","True Grit+1"],"relics":["Burning Blood","Bag of Marbles","Mango","Magic Flower","WarpedTongs","Cursed Key","War Paint","Self Forming Clay","Fusion Hammer","Red Skull","Pantograph","Brimstone"],"potions_floor_usage":[16,16,35,44,50],"damage_taken":[{"damage":5,"enemies":"Small Slimes","floor":1,"turns":5},{"damage":6,"enemies":"Jaw Worm","floor":2,"turns":5},{"damage":0,"enemies":"Cultist","floor":5,"turns":3},{"damage":1,"enemies":"Blue Slaver","floor":7,"turns":3},{"damage":14,"enemies":"Gremlin Gang","floor":11,"turns":4},{"damage":3,"enemies":"3 Louse","floor":12,"turns":3},{"damage":6,"enemies":"Exordium Wildlife","floor":13,"turns":4},{"damage":1,"enemies":"2 Fungi Beasts","floor":14,"turns":4},{"damage":24,"enemies":"Hexaghost","floor":16,"turns":9},{"damage":6,"enemies":"Chosen","floor":18,"turns":3},{"damage":0,"enemies":"3 Byrds","floor":22,"turns":3},{"damage":43,"enemies":"Gremlin Leader","floor":24,"turns":9},{"damage":16,"enemies":"Shelled Parasite and Fungi","floor":28,"turns":6},{"damage":4,"enemies":"Centurion and Healer","floor":30,"turns":6},{"damage":10,"enemies":"Champ","floor":33,"turns":8},{"damage":21,"enemies":"3 Darklings","floor":35,"turns":10},{"damage":4,"enemies":"Orb Walker","floor":37,"turns":3},{"damage":13,"enemies":"3 Darklings","floor":39,"turns":5},{"damage":23,"enemies":"Nemesis","floor":41,"turns":7},{"damage":15,"enemies":"4 Shapes","floor":44,"turns":3},{"damage":10,"enemies":"Writhing Mass","floor":48,"turns":4},{"damage":102,"enemies":"Awakened One","floor":50,"turns":7}],"seed_played":"3161301637656643610","potions_obtained":[{"floor":2,"key":"SpeedPotion"},{"floor":11,"key":"PowerPotion"},{"floor":28,"key":"Swift Potion"},{"floor":30,"key":"SmokeBomb"},{"floor":33,"key":"GamblersBrew"},{"floor":41,"key":"Explosive Potion"}],"is_trial":false,"path_per_floor":["M","M","?","?","M","$","M","R","T","?","M","M","M","M","R","B",null,"M","?","?","$","M","R","E","R","T","?","M","R","M","$","R","B",null,"M","?","M","?","M","R","E","R","T","M","$","?","$","M","R","B"],"character_chosen":"IRONCLAD","items_purchased":["Metallicize","Flex","Metallicize","Carnage","Brimstone"],"campfire_rested":2,"item_purchase_floors":[6,6,21,31,47],"current_hp_per_floor":[80,80,64,60,66,66,71,71,71,71,66,72,75,83,83,68,94,94,65,65,65,65,65,57,57,57,57,65,65,65,62,62,62,62,62,62,62,62,62,62,62,62,62,62,62,62,62,62,62,0],"gold":43,"neow_bonus":"RANDOM_COMMON_RELIC","is_prod":false,"is_daily":false,"chose_seed":false,"campfire_upgraded":6,"win_rate":0,"timestamp":1550089568,"path_taken":["M","M","?","?","M","?","?","R","T","?","M","M","?","M","R","BOSS","M","?","?","?","M","R","E","R","T","?","?","R","M","$","R","BOSS","M","?","M","?","M","R","E","R","T","M","$","?","$","?","R","BOSS"],"build_version":"2019-01-23","purchased_purges":2,"victory":false,"max_hp_per_floor":[80,80,80,94,94,94,94,94,94,94,94,94,94,94,94,94,94,94,65,65,65,65,65,65,65,65,65,65,65,65,62,62,62,62,62,62,62,62,62,62,62,62,62,62,62,62,62,62,62,62],"card_choices":[{"not_picked":["True Grit","Clothesline"],"picked":"Flex","floor":1},{"not_picked":["Clothesline","Reaper"],"picked":"Sword Boomerang","floor":2},{"not_picked":["Perfected Strike","Thunderclap"],"picked":"Iron Wave","floor":5},{"not_picked":["Anger","True Grit","Havoc"],"picked":"SKIP","floor":7},{"not_picked":["Pommel Strike","Clothesline"],"picked":"Armaments","floor":11},{"not_picked":["Headbutt","Wild Strike"],"picked":"Whirlwind","floor":12},{"not_picked":["Twin Strike","Blood for Blood"],"picked":"Uppercut","floor":13},{"not_picked":["Spot Weakness","Dropkick"],"picked":"Demon Form","floor":14},{"not_picked":["Demon Form","Reaper"],"picked":"Limit Break","floor":16},{"not_picked":["Clash","Hemokinesis","Warcry"],"picked":"SKIP","floor":18},{"not_picked":["Headbutt","Infernal Blade"],"picked":"Shrug It Off","floor":22},{"not_picked":["Headbutt","Thunderclap+1"],"picked":"Battle Trance+1","floor":24},{"not_picked":["Bloodletting+1","Thunderclap","Reckless Charge"],"picked":"SKIP","floor":28},{"not_picked":["Anger+1","Rampage","Thunderclap"],"picked":"SKIP","floor":30},{"not_picked":["Dark Embrace","Double Tap"],"picked":"Demon Form","floor":33},{"not_picked":["Thunderclap","Power Through"],"picked":"Battle Trance+1","floor":35},{"not_picked":["Havoc","Wild Strike+1","Warcry"],"picked":"SKIP","floor":37},{"not_picked":["Searing Blow","Thunderclap"],"picked":"Metallicize","floor":39},{"not_picked":["Perfected Strike+1","Havoc"],"picked":"Flame Barrier+1","floor":41},{"not_picked":["Feel No Pain","Thunderclap+1"],"picked":"Flex+1","floor":44},{"not_picked":["Pommel Strike+1","Seeing Red+1"],"picked":"True Grit+1","floor":48}],"player_experience":798418,"relics_obtained":[{"floor":9,"key":"Magic Flower"},{"floor":24,"key":"War Paint"},{"floor":26,"key":"Self Forming Clay"},{"floor":41,"key":"Red Skull"},{"floor":43,"key":"Pantograph"}],"event_choices":[{"damage_healed":0,"gold_gain":0,"player_choice":"Entered Light","damage_taken":16,"max_hp_gain":0,"max_hp_loss":0,"event_name":"Shining Light","floor":3,"gold_loss":0,"cards_upgraded":["Defend_R","Defend_R"]},{"damage_healed":0,"gold_gain":0,"player_choice":"Success","damage_taken":18,"relics_obtained":["Mango"],"max_hp_gain":0,"max_hp_loss":0,"event_name":"Scrap Ooze","floor":4,"gold_loss":0},{"damage_healed":0,"gold_gain":0,"player_choice":"Rummage","damage_taken":0,"relics_obtained":["WarpedTongs"],"max_hp_gain":0,"max_hp_loss":0,"event_name":"Accursed Blacksmith","floor":10,"gold_loss":0,"cards_obtained":["Pain"]},{"damage_healed":0,"gold_gain":0,"player_choice":"Became a vampire","damage_taken":0,"max_hp_gain":0,"max_hp_loss":29,"event_name":"Vampires","floor":19,"gold_loss":0,"cards_obtained":["Bite","Bite","Bite","Bite","Bite"]},{"cards_removed":["Pain"],"damage_healed":0,"gold_gain":0,"player_choice":"Elegance","damage_taken":0,"max_hp_gain":0,"max_hp_loss":0,"event_name":"Back to Basics","floor":20,"gold_loss":0},{"damage_healed":0,"gold_gain":0,"player_choice":"Upgraded Two","damage_taken":0,"max_hp_gain":0,"max_hp_loss":0,"event_name":"Designer","floor":27,"gold_loss":40,"cards_upgraded":["Bite","Bite"]},{"damage_healed":0,"gold_gain":0,"player_choice":"Ignored","damage_taken":0,"max_hp_gain":0,"max_hp_loss":0,"event_name":"Tomb of Lord Red Mask","floor":36,"gold_loss":0},{"cards_removed":["Defend_R"],"damage_healed":0,"gold_gain":0,"player_choice":"Removed Skill","damage_taken":0,"max_hp_gain":0,"max_hp_loss":0,"event_name":"Falling","floor":38,"gold_loss":0},{"cards_removed":["Defend_R"],"damage_healed":0,"gold_gain":0,"player_choice":"Purged","damage_taken":0,"max_hp_gain":0,"max_hp_loss":0,"event_name":"Purifier","floor":46,"gold_loss":0}],"is_beta":false,"boss_relics":[{"not_picked":["Eternal Feather","Tiny House"],"picked":"Cursed Key"},{"not_picked":["Snecko Eye","Orrery"],"picked":"Fusion Hammer"}],"items_purged_floors":[31,45],"is_endless":false,"potions_floor_spawned":[2,11,28,30,33,41],"killed_by":"Awakened One","ascension_level":0}