{"gold_per_floor":[129,129,129,159,189,189,239,274,349,349,439,439,389,424,424,544,544,579,504,504,539,574,574,624,659,659,659,694,694,694,709,709,809,809,824,824,503,538,605,605,620,635,660,660,660,660,660,675,675,675],"floor_reached":51,"playtime":1657,"items_purged":[],"score":952,"play_id":"ed992773-4d0c-4c5b-9d2c-2bd0d98ae344","local_time":"20180925123119","daily_mods":["Allstar","Cursed Run","Terminal"],"is_ascension_mode":false,"campfire_choices":[{"data":"HandOfGreed","floor":6,"key":"SMITH"},{"data":"Clothesline","floor":10,"key":"SMITH"},{"data":"Shockwave","floor":12,"key":"SMITH"},{"data":"Disarm","floor":15,"key":"SMITH"},{"data":"Demon Form","floor":23,"key":"SMITH"},{"floor":27,"key":"REST"},{"floor":32,"key":"REST"},{"data":"Heavy Blade","floor":40,"key":"SMITH"},{"data":"Disarm","floor":44,"key":"SMITH"},{"data":"Disarm","floor":49,"key":"SMITH"}],"neow_cost":"","seed_source_timestamp":0,"circlet_count":0,"master_deck":["Defend_R","Defend_R","Defend_R","Defend_R","Bash+1","HandOfGreed+1","Dramatic Entrance","Forethought","Master of Strategy","Feel No Pain+1","Headbutt","Flex","Clothesline+1","Exhume","Regret","Shockwave+1","Disarm+1","Decay","Demon Form+1","Battle Trance","Flame Barrier","Disarm+1","Regret","Heavy Blade+1","Necronomicurse","Shrug It Off+1","Doubt","Reaper","Anger+1","Blood for Blood+1","Hemokinesis+1","True Grit+1","Master of Strategy","Dramatic Entrance","Metallicize+1","Evolve+1","Disarm+1","Clumsy","Madness","Madness","Decay","Burning Pact+1","Normality"],"special_seed":17799,"relics":["Cursed Key","Darkstone Periapt","Du-Vu Doll","Strawberry","Gremlin Horn","Turnip","Philosopher\u0027s Stone","Bird Faced Urn","Frozen Egg 2","Necronomicon","Astrolabe","Shuriken","Dead Branch","Lantern","Torii"],"potions_floor_usage":[24,24,25,33,39,39,50,50],"damage_taken":[{"damage":0,"enemies":"Jaw Worm","floor":1,"turns":3},{"damage":0,"enemies":"Small Slimes","floor":4,"turns":2},{"damage":0,"enemies":"2 Louse","floor":5,"turns":2},{"damage":7,"enemies":"Lagavulin","floor":7,"turns":4},{"damage":1,"enemies":"Exordium Thugs","floor":8,"turns":4},{"damage":2,"enemies":"3 Sentries","floor":11,"turns":4},{"damage":2,"enemies":"Large Slime","floor":14,"turns":2},{"damage":5,"enemies":"Hexaghost","floor":16,"turns":9},{"damage":16,"enemies":"Spheric Guardian","floor":18,"turns":4},{"damage":16,"enemies":"Shell Parasite","floor":21,"turns":3},{"damage":4,"enemies":"Chosen and Byrds","floor":22,"turns":6},{"damage":47,"enemies":"Slavers","floor":24,"turns":4},{"damage":9,"enemies":"Centurion and Healer","floor":25,"turns":4},{"damage":6,"enemies":"3 Cultists","floor":28,"turns":4},{"damage":13,"enemies":"Snake Plant","floor":31,"turns":3},{"damage":14,"enemies":"Collector","floor":33,"turns":5},{"damage":13,"enemies":"3 Darklings","floor":35,"turns":4},{"damage":8,"enemies":"Orb Walker","floor":38,"turns":2},{"damage":26,"enemies":"Mysterious Sphere","floor":39,"turns":3},{"damage":13,"enemies":"Sphere and 2 Shapes","floor":41,"turns":1},{"damage":16,"enemies":"Maw","floor":42,"turns":5},{"damage":3,"enemies":"4 Shapes","floor":48,"turns":1},{"damage":10,"enemies":"Awakened One","floor":50,"turns":7}],"seed_played":"-3656457146817088839","potions_obtained":[{"floor":4,"key":"FairyPotion"},{"floor":7,"key":"Regen Potion"},{"floor":8,"key":"Explosive Potion"},{"floor":25,"key":"Fruit Juice"},{"floor":31,"key":"Energy Potion"},{"floor":33,"key":"Regen Potion"},{"floor":35,"key":"FearPotion"},{"floor":42,"key":"GamblersBrew"},{"floor":48,"key":"Strength Potion"}],"is_trial":false,"path_per_floor":["M","?","?","M","M","R","E","M","T","R","E","R","?","M","R","B",null,"M","?","?","M","M","R","E","M","T","R","M","?","?","M","R","B",null,"M","?","$","M","?","R","M","M","T","R","?","?","T","M","R","B"],"character_chosen":"IRONCLAD","items_purchased":["Shuriken","Metallicize+1"],"campfire_rested":2,"item_purchase_floors":[37,37],"current_hp_per_floor":[78,77,76,75,74,73,73,72,78,78,76,76,76,74,74,75,81,65,65,88,72,68,68,33,31,37,64,60,50,50,39,67,63,97,88,78,78,70,57,57,44,89,94,93,81,81,87,88,88,92],"gold":675,"neow_bonus":"","is_prod":false,"is_daily":true,"chose_seed":false,"campfire_upgraded":8,"win_rate":0,"timestamp":1537871479,"path_taken":["M","?","?","M","M","R","E","M","T","R","E","R","?","M","R","BOSS","M","?","?","?","M","R","E","M","T","R","M","?","?","M","R","BOSS","M","?","$","M","?","R","M","?","T","R","?","?","?","M","R","BOSS"],"build_version":"2018-09-20","purchased_purges":0,"victory":true,"max_hp_per_floor":[78,77,76,75,74,73,79,78,83,82,81,80,79,78,77,82,81,80,79,88,87,86,85,84,88,93,92,91,96,95,94,93,98,97,96,95,94,93,92,91,90,89,94,93,92,91,96,95,94,99],"card_choices":[{"not_picked":["Iron Wave","Anger"],"picked":"Feel No Pain","floor":1},{"not_picked":["True Grit","Power Through"],"picked":"Headbutt","floor":4},{"not_picked":["Anger","Warcry"],"picked":"Flex","floor":5},{"not_picked":["Body Slam","Havoc"],"picked":"Clothesline","floor":7},{"not_picked":["Heavy Blade","Hemokinesis"],"picked":"Exhume","floor":8},{"not_picked":["Wild Strike","True Grit"],"picked":"Shockwave","floor":11},{"not_picked":["Uppercut","Wild Strike"],"picked":"Disarm","floor":14},{"not_picked":["Juggernaut","Reaper"],"picked":"Demon Form","floor":16},{"not_picked":["Wild Strike","Sever Soul"],"picked":"Battle Trance","floor":18},{"not_picked":["Blood for Blood+1","Clothesline","Headbutt"],"picked":"SKIP","floor":21},{"not_picked":["Ghostly Armor","Entrench"],"picked":"Flame Barrier","floor":22},{"not_picked":["Perfected Strike","Armaments","Wild Strike"],"picked":"SKIP","floor":24},{"not_picked":["Cleave","Infernal Blade"],"picked":"Disarm","floor":25},{"not_picked":["Body Slam","Flex"],"picked":"Heavy Blade","floor":28},{"not_picked":["Corruption+1","Power Through"],"picked":"Shrug It Off+1","floor":31},{"not_picked":["Offering","Dark Embrace+1"],"picked":"Reaper","floor":33},{"not_picked":["Carnage","Twin Strike"],"picked":"True Grit+1","floor":35},{"not_picked":["Metamorphosis","Chrysalis"],"picked":"Master of Strategy","floor":36},{"not_picked":["Discovery","Mayhem+1"],"picked":"Dramatic Entrance","floor":36},{"not_picked":["Spot Weakness","Warcry","Wild Strike"],"picked":"SKIP","floor":38},{"not_picked":["Clothesline","Clash"],"picked":"Evolve+1","floor":39},{"not_picked":["Perfected Strike+1","Sword Boomerang+1"],"picked":"Disarm","floor":41},{"not_picked":["Iron Wave","Pommel Strike","Clothesline"],"picked":"SKIP","floor":42},{"not_picked":["Heavy Blade","Bloodletting+1","Burning Pact+1"],"picked":"SKIP","floor":48},{"not_picked":["Heavy Blade","Bloodletting+1"],"picked":"Burning Pact+1","floor":48}],"player_experience":1475276,"relics_obtained":[{"floor":7,"key":"Strawberry"},{"floor":9,"key":"Gremlin Horn"},{"floor":11,"key":"Turnip"},{"floor":24,"key":"Bird Faced Urn"},{"floor":26,"key":"Frozen Egg 2"},{"floor":29,"key":"Necronomicon"},{"floor":39,"key":"Dead Branch"},{"floor":43,"key":"Lantern"},{"floor":47,"key":"Torii"}],"event_choices":[{"event_name":"Living Wall","player_choice":"Grow","floor":2,"damage_taken":0},{"event_name":"Accursed Blacksmith","player_choice":"Forge","floor":3,"damage_taken":0},{"event_name":"The Cleric","player_choice":"Card Removal","floor":13,"damage_taken":0},{"event_name":"Beggar","player_choice":"Gave Gold","floor":19,"damage_taken":0},{"event_name":"Bonfire Elementals","player_choice":"RARE","floor":20,"damage_taken":0},{"event_name":"Cursed Tome","player_choice":"Obtained Book","floor":29,"damage_taken":0},{"event_name":"Ghosts","player_choice":"Ignored","floor":30,"damage_taken":0},{"event_name":"SensoryStone","player_choice":"Memory 3","floor":36,"damage_taken":0},{"event_name":"Mysterious Sphere","player_choice":"Fight","floor":39,"damage_taken":0},{"event_name":"Winding Halls","player_choice":"Embrace Madness","floor":45,"damage_taken":0},{"event_name":"Tomb of Lord Red Mask","player_choice":"Ignored","floor":46,"damage_taken":0}],"is_beta":false,"boss_relics":[{"not_picked":["Mark of Pain","Runic Dome"],"picked":"Philosopher\u0027s Stone"},{"not_picked":["Coffee Dripper","Fusion Hammer"],"picked":"Astrolabe"}],"items_purged_floors":[],"is_endless":false,"potions_floor_spawned":[4,7,8,11,22,25,31,33,35,42,48],"ascension_level":0}