{"gold_per_floor":[116,116,116,116,135,166,166,193,193,203,216,216,232,249,249,249],"floor_reached":16,"playtime":811,"items_purged":[],"score":153,"play_id":"0d99a18c-37fe-4a05-a267-fc512bed8533","local_time":"20180802150427","is_ascension_mode":true,"campfire_choices":[{"data":"Bouncing Flask","floor":7.0,"key":"SMITH"},{"data":"Footwork","floor":12.0,"key":"SMITH"},{"data":"Footwork","floor":15,"key":"SMITH"}],"neow_cost":"TEN_PERCENT_HP_LOSS","seed_source_timestamp":173926383356586,"circlet_count":0,"master_deck":["Defend_G","Defend_G+1","Defend_G","Defend_G","Strike_G","Strike_G","Strike_G","Strike_G","Survivor","Neutralize","AscendersBane","Skewer+1","Cloak And Dagger","Bouncing Flask+1","Bouncing Flask","Footwork+1","Backflip","Cloak And Dagger","Footwork+1"],"special_seed":0,"relics":["Ring of the Snake","Meat on the Bone","Orichalcum","Odd Mushroom","Bag of Preparation"],"potions_floor_usage":[16],"damage_taken":[{"damage":0.0,"enemies":"Jaw Worm","floor":1.0,"turns":6.0},{"damage":0.0,"enemies":"Cultist","floor":5.0,"turns":3.0},{"damage":4.0,"enemies":"3 Sentries","floor":6.0,"turns":8.0},{"damage":6.0,"floor":8.0,"turns":5.0},{"damage":0.0,"enemies":"Small Slimes","floor":10.0,"turns":3.0},{"damage":0.0,"enemies":"Blue Slaver","floor":11.0,"turns":2.0},{"damage":0.0,"enemies":"3 Louse","floor":13.0,"turns":3.0},{"damage":5,"enemies":"Exordium Thugs","floor":14,"turns":4},{"damage":46,"enemies":"Slime Boss","floor":16,"turns":9}],"seed_played":"-3598688992820839841","potions_obtained":[{"floor":2.0,"key":"Energy Potion"},{"floor":2.0,"key":"SneckoOil"},{"floor":2.0,"key":"Explosive Potion"},{"floor":5.0,"key":"SteroidPotion"},{"floor":6.0,"key":"SkillPotion"},{"floor":14,"key":"Block Potion"}],"is_trial":false,"path_per_floor":["M","?","?","T","M","E","R","?","T","M","M","R","M","M","R"],"character_chosen":"THE_SILENT","items_purchased":[],"campfire_rested":0,"item_purchase_floors":[],"current_hp_per_floor":[63,63,50,50,50,46,46,40,40,40,40,40,40,35,35,0],"gold":249,"neow_bonus":"REMOVE_TWO","is_prod":false,"is_daily":false,"chose_seed":false,"campfire_upgraded":3,"win_rate":0,"timestamp":1533215067,"path_taken":["M","?","?","?","M","E","R","?","T","M","M","R","?","M","R","BOSS"],"build_version":"2018-08-01","purchased_purges":0,"victory":false,"max_hp_per_floor":[63,63,63,63,63,63,63,63,63,63,63,63,63,63,63,63],"card_choices":[{"not_picked":["Dagger Throw","Acrobatics"],"picked":"Skewer","floor":1.0},{"not_picked":["Deadly Poison","Quick Slash"],"picked":"Cloak And Dagger","floor":5.0},{"not_picked":["Flying Knee","Slice"],"picked":"Bouncing Flask","floor":6.0},{"not_picked":["Masterful Stab","Backstab"],"picked":"Bouncing Flask","floor":8.0},{"not_picked":["Flechettes","Riddle With Holes"],"picked":"Footwork","floor":10.0},{"not_picked":["Quick Slash","Outmaneuver"],"picked":"Backflip","floor":11.0},{"not_picked":["Finisher","Setup"],"picked":"Cloak And Dagger","floor":13.0},{"not_picked":["Prepared","Caltrops"],"picked":"Footwork","floor":14}],"player_experience":376885,"relics_obtained":[{"floor":4.0,"key":"Meat on the Bone"},{"floor":6.0,"key":"Orichalcum"},{"floor":8.0,"key":"Odd Mushroom"},{"floor":9.0,"key":"Bag of Preparation"}],"event_choices":[{"event_name":"The Lab","player_choice":"Got Potions","floor":2.0,"damage_taken":0.0},{"event_name":"Shining Light","player_choice":"Entered Light","floor":3.0,"damage_taken":0.0},{"event_name":"Mushrooms","player_choice":"Fought Mushrooms","floor":8.0,"damage_taken":0.0}],"is_beta":true,"boss_relics":[],"items_purged_floors":[],"is_endless":false,"potions_floor_spawned":[5,6,14],"killed_by":"Slime Boss","ascension_level":10}