{"gold_per_floor":[19,19,45,64,74,107,125,125,171,38,72,82,82,100,100,203,203,223,236,247,265,283,283,311,311,311,221,235,335,355,367,367,464,464,482,94,108,127,2,29,40,40,40,55,55,55,55,69,69,69],"floor_reached":51,"playtime":2703,"items_purged":["Strike_R","Defend_R","Strike_R"],"score":765,"play_id":"d2882a23-292f-4df2-b7aa-d9a29d79f6e3","local_time":"20190209190019","is_ascension_mode":false,"campfire_choices":[{"data":"True Grit","floor":8,"key":"SMITH"},{"floor":15,"key":"REST"},{"data":"Feed","floor":23,"key":"SMITH"},{"data":"Shrug It Off","floor":25,"key":"SMITH"},{"data":"Pommel Strike","floor":32,"key":"SMITH"},{"data":"Metallicize","floor":42,"key":"SMITH"},{"data":"Bash","floor":45,"key":"SMITH"},{"data":"Cleave","floor":49,"key":"SMITH"}],"neow_cost":"NO_GOLD","seed_source_timestamp":9473539829969,"circlet_count":0,"master_deck":["Strike_R","Strike_R","Defend_R","Defend_R+1","Defend_R","Bash+1","Shrug It Off+1","Heavy Blade+1","True Grit+1","Armaments+1","Pommel Strike+1","Battle Trance+1","Impervious+1","Cleave+1","Feed+1","Iron Wave","Pommel Strike+1","Flex+1","Spot Weakness+1","Inflame+1","Seeing Red+1","Metallicize+1","Shrug It Off+1","Metallicize+1","Headbutt+1"],"relics":["Burning Blood","StoneCalendar","Vajra","Paper Frog","MawBank","Toxic Egg 2","Philosopher\u0027s Stone","Art of War","Pantograph","Velvet Choker","Pocketwatch","Self Forming Clay","Frozen Egg 2"],"potions_floor_usage":[7,20,20,31,33,33,38,50,50,50],"damage_taken":[{"damage":4,"enemies":"Jaw Worm","floor":1,"turns":6},{"damage":1,"enemies":"Cultist","floor":4,"turns":4},{"damage":0,"enemies":"2 Louse","floor":5,"turns":2},{"damage":28,"enemies":"3 Sentries","floor":6,"turns":7},{"damage":10,"enemies":"Looter","floor":7,"turns":2},{"damage":32,"enemies":"Lagavulin","floor":11,"turns":7},{"damage":6,"enemies":"Lots of Slimes","floor":12,"turns":5},{"damage":1,"enemies":"Exordium Wildlife","floor":14,"turns":6},{"damage":45,"enemies":"The Guardian","floor":16,"turns":13},{"damage":34,"enemies":"3 Byrds","floor":18,"turns":6},{"damage":0,"enemies":"Chosen","floor":19,"turns":4},{"damage":18,"enemies":"3 Cultists","floor":20,"turns":6},{"damage":3,"enemies":"Cultist and Chosen","floor":21,"turns":4},{"damage":0,"enemies":"Snake Plant","floor":22,"turns":2},{"damage":29,"enemies":"Gremlin Leader","floor":24,"turns":5},{"damage":22,"enemies":"Chosen and Byrds","floor":28,"turns":6},{"damage":3,"enemies":"3 Cultists","floor":30,"turns":5},{"damage":16,"enemies":"Centurion and Healer","floor":31,"turns":6},{"damage":32,"enemies":"Automaton","floor":33,"turns":8},{"damage":8,"enemies":"Orb Walker","floor":35,"turns":3},{"damage":10,"enemies":"3 Darklings","floor":37,"turns":3},{"damage":18,"enemies":"Maw","floor":38,"turns":5},{"damage":20,"enemies":"Reptomancer","floor":40,"turns":6},{"damage":18,"enemies":"Writhing Mass","floor":41,"turns":3},{"damage":6,"enemies":"Sphere and 2 Shapes","floor":44,"turns":3},{"damage":10,"enemies":"Jaw Worm Horde","floor":48,"turns":3},{"damage":41,"enemies":"Donu and Deca","floor":50,"turns":9}],"seed_played":"8645383616099640031","potions_obtained":[{"floor":1,"key":"Fire Potion"},{"floor":5,"key":"Ancient Potion"},{"floor":14,"key":"BloodPotion"},{"floor":16,"key":"Regen Potion"},{"floor":28,"key":"SkillPotion"},{"floor":30,"key":"PowerPotion"},{"floor":31,"key":"Regen Potion"},{"floor":33,"key":"Weak Potion"},{"floor":35,"key":"PowerPotion"},{"floor":40,"key":"Weak Potion"}],"is_trial":false,"path_per_floor":["M","?","T","M","M","E","M","R","T","$","E","M","?","M","R","B",null,"M","M","M","M","M","R","E","R","T","?","M","?","M","M","R","B",null,"M","$","M","M","$","E","M","R","T","M","R","$","?","M","R","B",null],"character_chosen":"IRONCLAD","items_purchased":["Armaments","Pommel Strike","Pocketwatch"],"campfire_rested":1,"item_purchase_floors":[10,10,36],"current_hp_per_floor":[80,85,85,85,85,63,59,59,59,59,33,33,16,21,46,7,85,60,66,77,83,89,89,66,66,66,66,54,54,61,51,51,65,99,101,101,97,89,89,75,63,63,63,67,67,67,67,67,67,57],"gold":69,"neow_bonus":"ONE_RARE_RELIC","is_prod":false,"is_daily":false,"chose_seed":false,"campfire_upgraded":7,"win_rate":0.0,"timestamp":1549735219,"path_taken":["M","?","?","M","M","E","?","R","T","$","E","M","?","M","R","BOSS","M","M","M","M","M","R","E","R","T","?","?","?","M","M","R","BOSS","M","?","M","M","$","E","?","R","T","M","R","$","?","?","R","BOSS"],"build_version":"2019-01-23","purchased_purges":3,"victory":true,"max_hp_per_floor":[80,85,85,85,85,85,85,85,85,85,85,85,85,85,85,85,85,88,88,88,91,91,91,91,91,91,91,95,95,99,99,99,99,99,103,103,103,107,107,107,107,107,107,111,111,111,111,115,115,115],"card_choices":[{"not_picked":["Dropkick","Second Wind"],"picked":"Shrug It Off","floor":1},{"not_picked":["Infernal Blade","Anger"],"picked":"Heavy Blade","floor":4},{"not_picked":["Sever Soul","Anger","Perfected Strike"],"picked":"SKIP","floor":5},{"not_picked":["Rage","Power Through","Heavy Blade"],"picked":"SKIP","floor":6},{"not_picked":["Armaments","Intimidate"],"picked":"True Grit","floor":7},{"not_picked":["Clothesline","Perfected Strike"],"picked":"Battle Trance","floor":11},{"not_picked":["Clash","Thunderclap"],"picked":"Impervious+1","floor":12},{"not_picked":["Corruption","Hemokinesis"],"picked":"Cleave","floor":14},{"not_picked":["Double Tap+1","Dark Embrace"],"picked":"Feed","floor":16},{"not_picked":["Twin Strike","Reckless Charge"],"picked":"Iron Wave","floor":18},{"not_picked":["Thunderclap","Clothesline+1"],"picked":"Pommel Strike+1","floor":19},{"not_picked":["Armaments+1","Iron Wave"],"picked":"Flex+1","floor":20},{"not_picked":["Pummel+1","Shockwave+1"],"picked":"Spot Weakness+1","floor":21},{"not_picked":["Ghostly Armor+1","Sword Boomerang","Clothesline"],"picked":"SKIP","floor":22},{"not_picked":["Iron Wave","Cleave","Dual Wield+1"],"picked":"SKIP","floor":24},{"not_picked":["Flame Barrier+1","Body Slam","Hemokinesis"],"picked":"SKIP","floor":28},{"not_picked":["Heavy Blade+1","Body Slam"],"picked":"Inflame+1","floor":30},{"not_picked":["Armaments+1","Perfected Strike"],"picked":"Seeing Red+1","floor":31},{"not_picked":["Shockwave+1","Iron Wave","Body Slam+1"],"picked":"SKIP","floor":35},{"not_picked":["Perfected Strike","Body Slam+1","Anger+1"],"picked":"SKIP","floor":37},{"not_picked":["Cleave","Sword Boomerang+1","Seeing Red+1"],"picked":"SKIP","floor":38},{"not_picked":["Reaper","Fiend Fire"],"picked":"Metallicize","floor":40},{"not_picked":["Fire Breathing+1","Warcry+1","Clothesline"],"picked":"SKIP","floor":41},{"not_picked":["Anger+1","Inflame+1"],"picked":"Shrug It Off+1","floor":44},{"not_picked":["Perfected Strike","Wild Strike+1"],"picked":"Headbutt+1","floor":48}],"player_experience":34856,"relics_obtained":[{"floor":3,"key":"Vajra"},{"floor":6,"key":"Paper Frog"},{"floor":9,"key":"MawBank"},{"floor":11,"key":"Toxic Egg 2"},{"floor":24,"key":"Art of War"},{"floor":26,"key":"Pantograph"},{"floor":40,"key":"Self Forming Clay"},{"floor":43,"key":"Frozen Egg 2"}],"event_choices":[{"damage_healed":0,"gold_gain":0,"player_choice":"Donut","damage_taken":0,"max_hp_gain":5,"max_hp_loss":0,"event_name":"Big Fish","floor":2,"gold_loss":0},{"damage_healed":0,"gold_gain":0,"player_choice":"Entered Light","damage_taken":17,"max_hp_gain":0,"max_hp_loss":0,"event_name":"Shining Light","floor":13,"gold_loss":0,"cards_upgraded":["Heavy Blade","Armaments"]},{"cards_removed":["Strike_R"],"damage_healed":0,"gold_gain":0,"player_choice":"Upgrade and Remove","damage_taken":0,"max_hp_gain":0,"max_hp_loss":0,"event_name":"Designer","floor":27,"gold_loss":90,"cards_upgraded":["Defend_R"]},{"damage_healed":0,"gold_gain":100,"player_choice":"Pray","damage_taken":0,"max_hp_gain":0,"max_hp_loss":0,"event_name":"Golden Shrine","floor":29,"gold_loss":0},{"damage_healed":0,"gold_gain":0,"player_choice":"Copied","damage_taken":0,"max_hp_gain":0,"max_hp_loss":0,"event_name":"Duplicator","floor":47,"gold_loss":0,"cards_obtained":["Metallicize"]}],"is_beta":false,"boss_relics":[{"not_picked":["Lizard Tail","Orrery"],"picked":"Philosopher\u0027s Stone"},{"not_picked":["Empty Cage","Pandora\u0027s Box"],"picked":"Velvet Choker"}],"items_purged_floors":[10,36,39],"is_endless":false,"potions_floor_spawned":[1,5,14,16,19,28,30,31,33,35,40],"ascension_level":0}