{"gold_per_floor":[109,126,142,142,162,187,202,212,212,225,252,21,50,63,63,158,158,174,186,204,29,40,40,73,73,73,107,107,107,107,118,118,214,214,227,237,247,247,49,49,80,80,80,80,95,123,170,180,180,180,180,180,31,58,58],"floor_reached":55,"playtime":6005,"items_purged":["Strike_B","Strike_B","Defend_B"],"score":916,"play_id":"0341e5cf-723f-4a15-94cd-1a3fbc6d67fc","local_time":"20190124203352","is_ascension_mode":false,"campfire_choices":[{"data":"Zap","floor":15,"key":"SMITH"},{"data":"Dualcast","floor":23,"key":"SMITH"},{"data":"Consume","floor":25,"key":"SMITH"},{"floor":32,"key":"REST"},{"data":"Capacitor","floor":40,"key":"SMITH"},{"data":"Ghostly","floor":42,"key":"SMITH"},{"floor":44,"key":"RECALL"},{"data":"Ghostly","floor":49,"key":"SMITH"},{"data":"Ghostly","floor":52,"key":"SMITH"}],"neow_cost":"NONE","seed_source_timestamp":333016998149348,"circlet_count":0,"master_deck":["Defend_B","Defend_B","Defend_B","Zap+1","Dualcast+1","Ball Lightning","Conserve Battery","Ball Lightning","All For One","Barrage","Chill","Consume+1","Conserve Battery","Leap","Go for the Eyes+1","Reboot","Sunder+1","Electrodynamics","Cold Snap+1","Cold Snap+1","Hologram","Coolheaded+1","Fusion+1","Ghostly+1","Ghostly","Ghostly","Ghostly+1","Ghostly+1","Hologram","Glacier","Capacitor+1","Barrage+1","Cold Snap+1","Undo+1","Leap+1"],"relics":["Cracked Core","Potion Belt","Pantograph","Molten Egg 2","Shuriken","Busted Crown","Strawberry","Prayer Wheel","Kunai","Nilry\u0027s Codex","Inserter","Mango","Oddly Smooth Stone","Mercury Hourglass","Ginger","Blue Candle"],"potions_floor_usage":[6,6,13,16,24,33,35,37,41,46,46,46,50,55],"damage_taken":[{"damage":0,"enemies":"2 Louse","floor":1,"turns":3},{"damage":0,"enemies":"Small Slimes","floor":2,"turns":2},{"damage":0,"enemies":"Jaw Worm","floor":3,"turns":3},{"damage":5,"enemies":"2 Fungi Beasts","floor":5,"turns":3},{"damage":8,"enemies":"3 Sentries","floor":6,"turns":5},{"damage":5,"enemies":"Exordium Wildlife","floor":7,"turns":3},{"damage":4,"enemies":"Large Slime","floor":8,"turns":4},{"damage":0,"enemies":"Blue Slaver","floor":10,"turns":3},{"damage":16,"enemies":"Lagavulin","floor":11,"turns":5},{"damage":21,"enemies":"Gremlin Nob","floor":13,"turns":4},{"damage":0,"enemies":"3 Louse","floor":14,"turns":3},{"damage":0,"enemies":"Slime Boss","floor":16,"turns":6},{"damage":0,"enemies":"Chosen","floor":18,"turns":4},{"damage":15,"enemies":"2 Thieves","floor":19,"turns":4},{"damage":2,"enemies":"Centurion and Healer","floor":20,"turns":4},{"damage":13,"enemies":"Shelled Parasite and Fungi","floor":22,"turns":4},{"damage":0,"enemies":"Gremlin Leader","floor":24,"turns":5},{"damage":16,"enemies":"Book of Stabbing","floor":27,"turns":5},{"damage":2,"enemies":"Cultist and Chosen","floor":31,"turns":4},{"damage":0,"enemies":"Collector","floor":33,"turns":8},{"damage":0,"enemies":"3 Darklings","floor":35,"turns":6},{"damage":0,"enemies":"Orb Walker","floor":36,"turns":4},{"damage":0,"enemies":"Maw","floor":37,"turns":8},{"damage":2,"enemies":"Reptomancer","floor":41,"turns":5},{"damage":0,"enemies":"3 Darklings","floor":45,"turns":4},{"damage":21,"enemies":"Nemesis","floor":46,"turns":7},{"damage":9,"enemies":"2 Orb Walkers","floor":47,"turns":7},{"damage":0,"enemies":"Sphere and 2 Shapes","floor":48,"turns":4},{"damage":3,"enemies":"Time Eater","floor":50,"turns":12},{"damage":23,"enemies":"Shield and Spear","floor":54,"turns":8},{"damage":70,"enemies":"The Heart","floor":55,"turns":9}],"seed_played":"-1247832061975234899","potions_obtained":[{"floor":2,"key":"Energy Potion"},{"floor":3,"key":"LiquidBronze"},{"floor":13,"key":"Regen Potion"},{"floor":14,"key":"Energy Potion"},{"floor":16,"key":"Fire Potion"},{"floor":19,"key":"SpeedPotion"},{"floor":22,"key":"Swift Potion"},{"floor":24,"key":"Explosive Potion"},{"floor":27,"key":"SpeedPotion"},{"floor":33,"key":"AttackPotion"},{"floor":36,"key":"SpeedPotion"},{"floor":37,"key":"FocusPotion"},{"floor":41,"key":"EssenceOfSteel"},{"floor":46,"key":"Ancient Potion"},{"floor":48,"key":"SteroidPotion"},{"floor":54,"key":"SkillPotion"}],"is_trial":false,"path_per_floor":["M","M","M","?","M","E","M","M","T","M","E","$","E","M","R","B",null,"M","M","M","$","M","R","E","R","T","E","?","?","?","M","R","B",null,"M","M","M","?","$","R","E","R","T","R","M","E","?","M","R","B",null,"R","$","E","B"],"character_chosen":"DEFECT","items_purchased":["Leap","Go for the Eyes+1","Regen Potion","Cold Snap+1","Hologram","Capacitor","FairyPotion","AttackPotion"],"campfire_rested":1,"item_purchase_floors":[12,12,12,21,21,39,53,53],"current_hp_per_floor":[75,75,75,72,67,59,54,50,50,50,34,34,25,25,25,65,75,75,60,58,58,45,45,52,52,52,36,20,20,20,18,30,41,41,41,41,41,39,39,39,51,51,51,51,51,30,21,21,21,43,53,53,53,30,0],"gold":58,"neow_bonus":"REMOVE_CARD","is_prod":false,"is_daily":false,"chose_seed":false,"campfire_upgraded":7,"win_rate":0,"timestamp":1548390832,"path_taken":["M","M","M","?","M","E","M","M","T","M","E","$","E","M","R","BOSS","M","M","M","$","M","R","E","R","T","E","?","?","?","M","R","BOSS","M","M","M","?","$","R","E","R","T","R","M","E","?","M","R","BOSS","R","$","E","BOSS"],"build_version":"2019-01-23","purchased_purges":3,"victory":false,"max_hp_per_floor":[75,75,75,75,75,75,75,75,75,75,75,75,75,75,75,75,75,75,75,75,75,75,75,82,82,82,82,82,82,41,41,41,41,41,41,41,41,39,39,39,53,53,53,53,53,53,53,53,53,53,53,53,53,53,53],"card_choices":[{"not_picked":["Turbo","Sweeping Beam"],"picked":"Ball Lightning","floor":1},{"not_picked":["Sweeping Beam","Streamline"],"picked":"Conserve Battery","floor":2},{"not_picked":["Redo","Beam Cell","Rebound"],"picked":"SKIP","floor":3},{"not_picked":["Streamline","Steam"],"picked":"Ball Lightning","floor":5},{"not_picked":["Go for the Eyes","Conserve Battery"],"picked":"All For One","floor":6},{"not_picked":["Rebound","Rip and Tear"],"picked":"Barrage","floor":7},{"not_picked":["Chaos","Go for the Eyes"],"picked":"Chill","floor":8},{"not_picked":["Streamline","Sweeping Beam"],"picked":"Consume","floor":10},{"not_picked":["Hello World","Sweeping Beam"],"picked":"Conserve Battery","floor":11},{"not_picked":["Rebound+1","Multi-Cast"],"picked":"Reboot","floor":13},{"not_picked":["Redo","Streamline+1"],"picked":"Sunder+1","floor":14},{"not_picked":["Machine Learning","Meteor Strike+1"],"picked":"Electrodynamics","floor":16},{"not_picked":["Streamline+1"],"picked":"SKIP","floor":18},{"not_picked":[],"picked":"Cold Snap+1","floor":19},{"not_picked":["Steam Power"],"picked":"SKIP","floor":20},{"not_picked":[],"picked":"Coolheaded+1","floor":22},{"not_picked":["Chaos"],"picked":"SKIP","floor":24},{"not_picked":[],"picked":"Fusion+1","floor":27},{"not_picked":[],"picked":"Hologram","floor":31},{"not_picked":["Stack"],"picked":"SKIP","floor":31},{"not_picked":["Scrape+1"],"picked":"SKIP","floor":35},{"not_picked":["Hologram"],"picked":"SKIP","floor":35},{"not_picked":[],"picked":"Glacier","floor":36},{"not_picked":["Redo"],"picked":"SKIP","floor":36},{"not_picked":["Scrape+1"],"picked":"SKIP","floor":37},{"not_picked":["Reprogram+1"],"picked":"SKIP","floor":37},{"not_picked":["Rip and Tear+1"],"picked":"SKIP","floor":41},{"not_picked":[],"picked":"Barrage+1","floor":45},{"not_picked":["Melter+1"],"picked":"SKIP","floor":45},{"not_picked":[],"picked":"Cold Snap+1","floor":46},{"not_picked":[],"picked":"Undo+1","floor":48},{"not_picked":["Sweeping Beam+1"],"picked":"SKIP","floor":48},{"not_picked":[],"picked":"Leap+1","floor":54}],"player_experience":127279,"relics_obtained":[{"floor":6,"key":"Pantograph"},{"floor":11,"key":"Molten Egg 2"},{"floor":13,"key":"Shuriken"},{"floor":24,"key":"Strawberry"},{"floor":26,"key":"Prayer Wheel"},{"floor":27,"key":"Kunai"},{"floor":28,"key":"Nilry\u0027s Codex"},{"floor":41,"key":"Mango"},{"floor":43,"key":"Oddly Smooth Stone"},{"floor":46,"key":"Mercury Hourglass"},{"floor":47,"key":"Ginger"},{"floor":54,"key":"Blue Candle"}],"event_choices":[{"damage_healed":0,"gold_gain":0,"player_choice":"Success","damage_taken":3,"relics_obtained":["Potion Belt"],"max_hp_gain":0,"max_hp_loss":0,"event_name":"Scrap Ooze","floor":4,"gold_loss":0},{"damage_healed":0,"gold_gain":0,"player_choice":"Obtained Book","damage_taken":16,"max_hp_gain":0,"max_hp_loss":0,"event_name":"Cursed Tome","floor":28,"gold_loss":0},{"cards_removed":["Strike_B"],"damage_healed":0,"gold_gain":0,"player_choice":"Elegance","damage_taken":0,"max_hp_gain":0,"max_hp_loss":0,"event_name":"Back to Basics","floor":29,"gold_loss":0},{"damage_healed":0,"gold_gain":0,"player_choice":"Became a Ghost","damage_taken":0,"max_hp_gain":0,"max_hp_loss":41,"event_name":"Ghosts","floor":30,"gold_loss":0,"cards_obtained":["Ghostly","Ghostly","Ghostly","Ghostly","Ghostly"]},{"damage_healed":0,"gold_gain":0,"player_choice":"Max HP","damage_taken":0,"max_hp_gain":0,"max_hp_loss":2,"event_name":"Winding Halls","floor":38,"gold_loss":0},{"damage_healed":0,"gold_gain":0,"player_choice":"Fight","damage_taken":0,"max_hp_gain":0,"max_hp_loss":0,"event_name":"Mysterious Sphere","floor":47,"gold_loss":0}],"is_beta":false,"boss_relics":[{"not_picked":["White Beast Statue","Eternal Feather"],"picked":"Busted Crown"},{"not_picked":["Fusion Hammer","Lizard Tail"],"picked":"Inserter"}],"items_purged_floors":[12,21,39],"is_endless":false,"potions_floor_spawned":[2,3,13,14,16,19,22,24,27,33,36,37,41,46,48,54],"killed_by":"The Heart","ascension_level":0}