{"gold_per_floor":[116,66,79,93,45,45,120,134,134,134,182,197,43,54,54,149,149,161,175,175,47,65,65,75,75,75,75,85,0,15,15],"floor_reached":31,"playtime":1443,"items_purged":["Strike_R"],"score":275,"play_id":"a204a1e2-1eec-47db-a98e-1becd803e87a","local_time":"20180625105954","is_ascension_mode":true,"campfire_choices":[{"data":"Juggernaut","floor":6,"key":"SMITH"},{"floor":15,"key":"REST"},{"floor":23,"key":"REST"},{"floor":27,"key":"REST"}],"neow_cost":"NONE","seed_source_timestamp":54453814232165,"circlet_count":0,"master_deck":["Strike_R","Strike_R","Strike_R","Strike_R","Defend_R","Defend_R","Defend_R","Bash","Thunderclap","Headbutt","Juggernaut+1","Iron Wave","Intimidate","Body Slam","Reaper","Metallicize+1","Shrug It Off","Flame Barrier","Entrench"],"relics":["Burning Blood","NeowsBlessing","Mercury Hourglass","Calipers","Bag of Preparation","Pen Nib","Lizard Tail","Dodecahedron","Ice Cream","Potion Belt"],"potions_floor_usage":[19,24],"damage_taken":[{"damage":0,"enemies":"Small Slimes","floor":1,"turns":1},{"damage":0,"enemies":"Jaw Worm","floor":3,"turns":1},{"damage":0,"enemies":"2 Louse","floor":4,"turns":1},{"damage":17,"enemies":"Looter","floor":8,"turns":3},{"damage":19,"enemies":"Large Slime","floor":12,"turns":7},{"damage":4,"enemies":"Exordium Wildlife","floor":14,"turns":3},{"damage":37,"enemies":"Slime Boss","floor":16,"turns":11},{"damage":52,"enemies":"Shell Parasite","floor":18,"turns":8},{"damage":39,"enemies":"2 Thieves","floor":19,"turns":3},{"damage":42,"enemies":"Centurion and Healer","floor":22,"turns":12},{"damage":31,"enemies":"Snake Plant","floor":24,"turns":5},{"damage":28,"enemies":"Cultist and Chosen","floor":28,"turns":7},{"damage":35,"enemies":"Chosen and Byrds","floor":30,"turns":6},{"damage":19,"enemies":"Slaver and Parasite","floor":31,"turns":1}],"seed_played":"-6048972318178942957","potions_obtained":[{"floor":8,"key":"SteroidPotion"},{"floor":16,"key":"Strength Potion"},{"floor":18,"key":"Fire Potion"},{"floor":22,"key":"Dexterity Potion"},{"floor":30,"key":"Energy Potion"}],"is_trial":false,"path_per_floor":["M","?","M","M","$","R","?","M","T","?","T","M","$","M","R","B",null,"M","M","?","$","M","R","M","?","T","R","M","?","M"],"character_chosen":"IRONCLAD","items_purchased":["Iron Wave","Pen Nib","Shrug It Off"],"campfire_rested":3,"item_purchase_floors":[5,13,21],"current_hp_per_floor":[80,80,80,80,80,80,69,58,58,46,46,33,33,35,59,28,80,38,13,13,13,28,52,31,31,31,55,40,40,15,0],"gold":15,"neow_bonus":"THREE_ENEMY_KILL","is_prod":false,"is_daily":false,"chose_seed":false,"campfire_upgraded":1,"win_rate":0,"timestamp":1529938794,"path_taken":["M","?","M","M","$","R","?","M","T","?","?","M","$","M","R","BOSS","M","M","?","$","M","R","?","?","T","R","M","?","M","M"],"build_version":"2018-06-21v2","purchased_purges":1,"victory":false,"max_hp_per_floor":[80,80,80,80,80,80,80,80,80,80,80,80,80,80,80,80,80,80,80,80,80,80,80,80,80,80,80,80,80,80,80],"card_choices":[{"not_picked":["Armaments","Wild Strike"],"picked":"Thunderclap","floor":1},{"not_picked":["Fiend Fire","True Grit"],"picked":"Headbutt","floor":3},{"not_picked":["Ghostly Armor","Pommel Strike"],"picked":"Juggernaut","floor":4},{"not_picked":["Reckless Charge","Headbutt","Twin Strike"],"picked":"SKIP","floor":8},{"not_picked":["Twin Strike","Pommel Strike"],"picked":"Intimidate","floor":12},{"not_picked":["Cleave","Pommel Strike"],"picked":"Body Slam","floor":14},{"not_picked":["Dark Embrace","Immolate"],"picked":"Reaper","floor":16},{"not_picked":["Cleave","Reckless Charge+1","Anger+1"],"picked":"SKIP","floor":18},{"not_picked":["Body Slam","Thunderclap"],"picked":"Metallicize+1","floor":19},{"not_picked":["Warcry","Evolve","Second Wind"],"picked":"SKIP","floor":22},{"not_picked":["Wild Strike","Body Slam"],"picked":"Flame Barrier","floor":24},{"not_picked":["Uppercut","Hemokinesis","Clash"],"picked":"SKIP","floor":28},{"not_picked":["Iron Wave","Hemokinesis+1"],"picked":"Entrench","floor":30}],"player_experience":736776,"relics_obtained":[{"floor":9,"key":"Mercury Hourglass"},{"floor":11,"key":"Bag of Preparation"},{"floor":26,"key":"Ice Cream"}],"event_choices":[{"event_name":"The Cleric","player_choice":"Card Removal","floor":2,"damage_taken":0},{"event_name":"World of Goop","player_choice":"Gather Gold","floor":7,"damage_taken":0},{"event_name":"Scrap Ooze","player_choice":"success","floor":10,"damage_taken":12},{"event_name":"Drug Dealer","player_choice":"Ignored","floor":20,"damage_taken":0},{"event_name":"The Mausoleum","player_choice":"Yes","floor":25,"damage_taken":0},{"event_name":"Addict","player_choice":"Obtained Relic","floor":29,"damage_taken":0}],"boss_relics":[{"not_picked":["Empty Cage","Orrery"],"picked":"Lizard Tail"}],"items_purged_floors":[21],"is_endless":false,"potions_floor_spawned":[8,16,18,22,30],"killed_by":"Slaver and Parasite","ascension_level":4}