{"gold_per_floor":[115,133,148,148,148,192,39,79,79,93,24,55,73,88,88,213,276,296,211,235,253,253],"floor_reached":22,"playtime":1212,"items_purged":["Strike_G"],"score":208,"play_id":"2803dc9f-87ce-4103-b0cc-a74e7d045e68","local_time":"20181211184639","is_ascension_mode":false,"campfire_choices":[{"floor":15,"key":"REST"}],"neow_cost":"NONE","seed_source_timestamp":266059727487671,"circlet_count":0,"master_deck":["Defend_G","Defend_G","Defend_G","Defend_G","Defend_G","Strike_G","Strike_G+1","Survivor","Neutralize+1","Predator","Noxious Fumes","Noxious Fumes","Infinite Blades","PiercingWail","Accuracy","Blur+1","Cloak And Dagger","Dash","Blade Dance","A Thousand Cuts","Quick Slash","Poisoned Stab","Accuracy+1","Blur"],"relics":["Empty Cage","Golden Idol","Tough Bandages","Ornamental Fan","Meat on the Bone","Whetstone","Tiny House","Question Card"],"potions_floor_usage":[6,12,14,20,21],"damage_taken":[{"damage":12,"enemies":"Cultist","floor":1,"turns":6},{"damage":1,"enemies":"2 Louse","floor":2,"turns":2},{"damage":0,"enemies":"Small Slimes","floor":3,"turns":3},{"damage":16,"enemies":"Gremlin Nob","floor":6,"turns":4},{"damage":18,"enemies":"Lagavulin","floor":8,"turns":6},{"damage":5,"enemies":"2 Fungi Beasts","floor":10,"turns":4},{"damage":14,"enemies":"3 Sentries","floor":12,"turns":7},{"damage":11,"enemies":"Large Slime","floor":13,"turns":6},{"damage":7,"enemies":"Exordium Wildlife","floor":14,"turns":4},{"damage":29,"enemies":"The Guardian","floor":16,"turns":10},{"damage":28,"enemies":"Spheric Guardian","floor":18,"turns":7},{"damage":20,"enemies":"2 Thieves","floor":20,"turns":5},{"damage":29,"enemies":"Snake Plant","floor":21,"turns":5},{"damage":25,"enemies":"Colosseum Slavers","floor":22,"turns":4}],"seed_played":"-8767892410002707767","potions_obtained":[{"floor":1,"key":"Strength Potion"},{"floor":10,"key":"SkillPotion"},{"floor":13,"key":"Block Potion"},{"floor":16,"key":"LiquidBronze"},{"floor":17,"key":"GamblersBrew"},{"floor":18,"key":"Energy Potion"}],"is_trial":false,"path_per_floor":["M","M","M","?","?","E","$","E","T","M","$","E","M","M","R","B",null,"M","?","M","M","?"],"character_chosen":"THE_SILENT","items_purchased":["Infinite Blades","Blur"],"campfire_rested":1,"item_purchase_floors":[7,11],"current_hp_per_floor":[58,57,57,57,57,41,41,23,23,30,30,28,29,34,53,36,70,42,42,34,17,0],"gold":253,"neow_bonus":"BOSS_RELIC","is_prod":false,"is_daily":false,"chose_seed":false,"campfire_upgraded":0,"win_rate":0,"timestamp":1544571999,"path_taken":["M","?","M","?","?","E","$","E","T","M","$","E","M","M","R","BOSS","M","?","M","M","?"],"build_version":"2018-12-06","purchased_purges":1,"victory":false,"max_hp_per_floor":[70,70,70,65,65,65,65,65,65,65,65,65,65,65,65,65,70,70,70,70,70,70],"card_choices":[{"not_picked":["Flying Knee","Poisoned Stab"],"picked":"Predator","floor":1},{"not_picked":["Outmaneuver","Reflex","Bane"],"picked":"SKIP","floor":2},{"not_picked":["Masterful Stab","Outmaneuver"],"picked":"Noxious Fumes","floor":3},{"not_picked":["Blur","Acrobatics"],"picked":"Noxious Fumes","floor":6},{"not_picked":["Tactician","Bane"],"picked":"PiercingWail","floor":8},{"not_picked":["Terror","Slice"],"picked":"Accuracy","floor":10},{"not_picked":["Grand Finale","Dagger Spray"],"picked":"Cloak And Dagger","floor":12},{"not_picked":["Dagger Throw","Tactician"],"picked":"Dash","floor":13},{"not_picked":["PiercingWail","Sucker Punch"],"picked":"Blade Dance","floor":14},{"not_picked":["Unload","Die Die Die"],"picked":"A Thousand Cuts","floor":16},{"not_picked":["Underhanded Strike","Sucker Punch"],"picked":"Quick Slash","floor":17},{"not_picked":["Predator","Acrobatics"],"picked":"Poisoned Stab","floor":18},{"not_picked":["Concentrate","Slice","Quick Slash+1"],"picked":"Accuracy+1","floor":20},{"not_picked":["Escape Plan","Masterful Stab","Quick Slash+1"],"picked":"Blur","floor":21}],"player_experience":1860392,"relics_obtained":[{"floor":6,"key":"Tough Bandages"},{"floor":8,"key":"Ornamental Fan"},{"floor":9,"key":"Meat on the Bone"},{"floor":12,"key":"Whetstone"}],"event_choices":[{"damage_healed":0,"gold_gain":0,"player_choice":"Lose Max HP","damage_taken":0,"relics_obtained":["Golden Idol"],"max_hp_gain":0,"max_hp_loss":5,"event_name":"Golden Idol","floor":4,"gold_loss":0},{"damage_healed":0,"gold_gain":0,"player_choice":"Ignored","damage_taken":0,"max_hp_gain":0,"max_hp_loss":0,"event_name":"Liars Game","floor":5,"gold_loss":0},{"damage_healed":0,"gold_gain":0,"player_choice":"Obtained Relic","damage_taken":0,"relics_obtained":["Question Card"],"max_hp_gain":0,"max_hp_loss":0,"event_name":"Addict","floor":19,"gold_loss":85},{"damage_healed":0,"gold_gain":0,"player_choice":"Fight","damage_taken":0,"max_hp_gain":0,"max_hp_loss":0,"event_name":"Colosseum","floor":22,"gold_loss":0}],"is_beta":false,"boss_relics":[{"not_picked":["Pandora\u0027s Box","Orrery"],"picked":"Tiny House"}],"items_purged_floors":[7],"is_endless":false,"potions_floor_spawned":[1,10,13,16,18],"killed_by":"Colosseum Slavers","ascension_level":0}