{"path_per_floor":["M","?","M","$","M","R","E","M","T","M","R","?","R","M","R","B",null,"M","M","$","M","M","R","$","R","T","M","R","M","M","E","R","B",null,"M","M","M","M","$","R","?","M","T","R","M","$","R","M","R","B"],"character_chosen":"IRONCLAD","items_purchased":["Rampage","Pommel Strike","Anger","Apotheosis","Mercury Hourglass","Fire Breathing"],"gold_per_floor":[111,111,122,1,12,12,38,55,81,101,101,101,101,114,114,219,219,235,250,205,224,235,235,40,40,40,59,59,72,92,121,121,217,217,230,245,263,273,71,71,71,82,82,82,101,11,11,31,31,31],"floor_reached":51,"campfire_rested":6,"playtime":3783,"item_purchase_floors":[],"current_hp_per_floor":[80,80,80,80,80,80,73,67,67,70,70,54,54,50,80,46,80,78,80,80,76,66,66,66,66,66,37,76,67,67,20,59,9,80,70,48,43,16,16,55,55,24,24,63,47,47,47,48,80,7],"items_purged":["Regret"],"gold":31,"score":650,"play_id":"3e559bda-b904-4898-967c-8593d263c2bc","local_time":"20180529174832","is_prod":false,"is_daily":false,"chose_seed":false,"is_ascension_mode":false,"campfire_upgraded":6,"win_rate":0,"timestamp":1527630512,"campfire_choices":[{"data":"Searing Blow","floor":6.0,"key":"SMITH"},{"data":"Pommel Strike","floor":11,"key":"SMITH"},{"data":"Rampage","floor":13,"key":"SMITH"},{"floor":15,"key":"REST"},{"data":"Shockwave","floor":23,"key":"SMITH"},{"data":"Apotheosis","floor":25,"key":"SMITH"},{"floor":28,"key":"REST"},{"floor":32,"key":"REST"},{"floor":40,"key":"REST"},{"floor":44,"key":"REST"},{"data":"Heavy Blade","floor":47,"key":"SMITH"},{"floor":49,"key":"REST"}],"path_taken":["M","?","M","$","M","R","E","M","T","M","R","?","R","M","R","BOSS","M","M","$","M","M","R","$","R","T","M","R","M","M","E","R","BOSS","M","M","M","M","$","R","?","M","T","R","M","$","R","M","R","BOSS"],"build_version":"2018-05-24","seed_source_timestamp":0,"purchased_purges":1,"victory":true,"master_deck":["Strike_R","Strike_R","Strike_R","Strike_R","Strike_R","Defend_R+1","Defend_R","Defend_R","Defend_R","Bash","Thunderclap+1","Inflame+1","Rampage+1","Pommel Strike+1","Searing Blow+1","Berserk","Clothesline","Shockwave+1","Flex","Demon Form","Anger","Intimidate","Thunderclap","Apotheosis+1","Shrug It Off","Heavy Blade+1","Anger","Wild Strike","Double Tap","Cleave","Perfected Strike+1","Perfected Strike","Fire Breathing"],"max_hp_per_floor":[80,80,80,80,80,80,80,80,80,80,80,80,80,80,80,80,80,80,80,80,80,80,80,80,80,80,80,80,80,80,80,80,80,80,80,80,80,80,80,80,80,80,80,80,80,80,80,80,80,80],"relics":["Burning Blood","Orichalcum","Art of War","Regal Pillow","Cursed Key","The Courier","Omamori","Mark of Pain","Mercury Hourglass","Anchor"],"card_choices":[{"not_picked":["Reckless Charge","Warcry"],"picked":"Thunderclap","floor":1.0},{"not_picked":["Carnage","Armaments"],"picked":"Inflame","floor":3.0},{"not_picked":["Cleave","Havoc"],"picked":"Searing Blow","floor":5.0},{"not_picked":["Corruption","Exhume"],"picked":"Berserk","floor":7.0},{"not_picked":["Combust","Sentinel"],"picked":"Clothesline","floor":8.0},{"not_picked":["Evolve","Sever Soul"],"picked":"Shockwave","floor":10},{"not_picked":["Flame Barrier","Sever Soul"],"picked":"Flex","floor":14},{"not_picked":["Feed","Juggernaut"],"picked":"Demon Form","floor":16},{"not_picked":["Perfected Strike","Pommel Strike"],"picked":"Armaments","floor":18},{"not_picked":["Clothesline","Warcry","Sword Boomerang"],"picked":"SKIP","floor":19},{"not_picked":["Battle Trance+1","Combust+1"],"picked":"Intimidate","floor":21},{"not_picked":["Armaments","Shockwave"],"picked":"Thunderclap","floor":22},{"not_picked":["Iron Wave","Searing Blow"],"picked":"Shrug It Off","floor":27},{"not_picked":["Infernal Blade","Dark Embrace"],"picked":"Heavy Blade","floor":29},{"not_picked":["Disarm","Clash"],"picked":"Anger","floor":30},{"not_picked":["Flex","Body Slam"],"picked":"Wild Strike","floor":31},{"not_picked":["Demon Form","Dark Embrace"],"picked":"Double Tap","floor":33},{"not_picked":["Pommel Strike+1","True Grit"],"picked":"Cleave","floor":35},{"not_picked":["Bloodletting+1","True Grit"],"picked":"Perfected Strike+1","floor":36},{"not_picked":["Pummel","Whirlwind+1","Clash"],"picked":"SKIP","floor":37},{"not_picked":["Anger","Havoc+1","Shrug It Off+1"],"picked":"SKIP","floor":38},{"not_picked":["Dropkick","Shrug It Off"],"picked":"Perfected Strike","floor":42},{"not_picked":["Bloodletting+1","Armaments+1","Thunderclap"],"picked":"SKIP","floor":45},{"not_picked":["Clash+1","Evolve","Anger"],"picked":"SKIP","floor":48}],"player_experience":190294,"potions_floor_usage":[14,19,21,30,33,37,37,50],"damage_taken":[{"damage":0.0,"enemies":"Small Slimes","floor":1.0,"turns":3.0},{"damage":1.0,"enemies":"Cultist","floor":3.0,"turns":3.0},{"damage":5.0,"enemies":"Jaw Worm","floor":5.0,"turns":2.0},{"damage":13.0,"enemies":"Lagavulin","floor":7.0,"turns":5.0},{"damage":20.0,"enemies":"Large Slime","floor":8.0,"turns":4.0},{"damage":3.0,"enemies":"2 Fungi Beasts","floor":10.0,"turns":3.0},{"damage":10,"enemies":"Exordium Thugs","floor":14,"turns":2},{"damage":40,"enemies":"Hexaghost","floor":16,"turns":9},{"damage":8,"enemies":"Shell Parasite","floor":18,"turns":6},{"damage":0,"enemies":"Chosen","floor":19,"turns":6},{"damage":10,"enemies":"3 Cultists","floor":21,"turns":5},{"damage":16,"enemies":"Snecko","floor":22,"turns":5},{"damage":35,"enemies":"Cultist and Chosen","floor":27,"turns":7},{"damage":15,"enemies":"3 Cultists","floor":29,"turns":4},{"damage":6,"enemies":"Chosen and Byrds","floor":30,"turns":4},{"damage":53,"enemies":"Slavers","floor":31,"turns":6},{"damage":64,"enemies":"Automaton","floor":33,"turns":7},{"damage":16,"enemies":"3 Darklings","floor":35,"turns":5},{"damage":28,"enemies":"3 Shapes","floor":36,"turns":5},{"damage":26,"enemies":"Maw","floor":37,"turns":6},{"damage":33,"enemies":"4 Shapes","floor":38,"turns":3},{"damage":37,"enemies":"Sphere and 2 Shapes","floor":42,"turns":6},{"damage":22,"enemies":"3 Darklings","floor":45,"turns":4},{"damage":5,"enemies":"4 Shapes","floor":48,"turns":3},{"damage":79,"enemies":"Time Eater","floor":50,"turns":9}],"relics_obtained":[{"floor":7.0,"key":"Art of War"},{"floor":9.0,"key":"Regal Pillow"},{"floor":26,"key":"The Courier"},{"floor":31,"key":"Omamori"},{"floor":43,"key":"Anchor"}],"event_choices":[{"event_name":"Accursed Blacksmith","player_choice":"Forge","floor":2.0,"damage_taken":0.0},{"event_name":"Shining Light","player_choice":"Entered Light","floor":12,"damage_taken":0}],"boss_relics":[{"not_picked":["Calling Bell","Eternal Feather"],"picked":"Cursed Key"},{"not_picked":["Philosopher\u0027s Stone","Black Star"],"picked":"Mark of Pain"}],"items_purged_floors":[46],"potions_floor_spawned":[1,5,10,16,18,27,31,33,35,48],"seed_played":"1949998529148754235","ascension_level":0,"potions_obtained":[{"floor":1.0,"key":"BloodPotion"},{"floor":5.0,"key":"Block Potion"},{"floor":10,"key":"Energy Potion"},{"floor":16,"key":"Fire Potion"},{"floor":18,"key":"Block Potion"},{"floor":27,"key":"Energy Potion"},{"floor":31,"key":"BloodPotion"},{"floor":33,"key":"Ancient Potion"},{"floor":35,"key":"Regen Potion"},{"floor":48,"key":"PowerPotion"}],"is_trial":false}