{"gold_per_floor":[363,26,26,0,14,14,41,41,41,65,107,145,189,201,213,320,332,358,295,332,443,473,485,50,68,68,29,62,62,62,86,86,86],"floor_reached":33,"playtime":1494,"items_purged":["Strike_R","Strike_R"],"score":464,"play_id":"790d5ae4-3781-4ce2-b595-7c4994896753","local_time":"20190114105215","is_ascension_mode":true,"campfire_choices":[{"data":"Havoc","floor":6,"key":"SMITH"},{"floor":15,"key":"REST"},{"data":"True Grit","floor":23,"key":"SMITH"},{"data":"Immolate","floor":30,"key":"SMITH"},{"floor":32,"key":"REST"}],"neow_cost":"PERCENT_DAMAGE","seed_source_timestamp":457648819329502,"circlet_count":0,"master_deck":["AscendersBane","Strike_R+1","Strike_R+1","Defend_R+1","Defend_R+1","Defend_R+1","Defend_R+1","Bash","Clothesline+1","Havoc+1","Pommel Strike","True Grit+1","Shockwave","Spot Weakness","Feel No Pain","Immolate+1","Berserk","Ghostly Armor","Feel No Pain","Flame Barrier","Shrug It Off","Second Wind","Rampage","Hemokinesis+1"],"relics":["Burning Blood","Meat on the Bone","Strawberry","Charon\u0027s Ashes","MawBank","Mercury Hourglass","Odd Mushroom","Incense Burner","Golden Idol","Runic Cube","Calipers","Matryoshka","Blood Vial"],"potions_floor_usage":[22,22,28,33],"damage_taken":[{"damage":0,"enemies":"Small Slimes","floor":1,"turns":3},{"damage":4,"enemies":"2 Louse","floor":5,"turns":4},{"damage":42,"enemies":"3 Sentries","floor":7,"turns":9},{"damage":5,"enemies":"Jaw Worm","floor":10,"turns":3},{"damage":32,"enemies":"Lagavulin","floor":11,"turns":6},{"damage":8,"enemies":"The Mushroom Lair","floor":12,"turns":3},{"damage":18,"enemies":"3 Sentries","floor":13,"turns":4},{"damage":36,"enemies":"Slime Boss","floor":16,"turns":9},{"damage":12,"enemies":"Shell Parasite","floor":18,"turns":4},{"damage":6,"enemies":"3 Byrds","floor":20,"turns":2},{"damage":13,"enemies":"Snake Plant","floor":22,"turns":4},{"damage":37,"enemies":"Sentry and Sphere","floor":25,"turns":8},{"damage":27,"enemies":"Gremlin Leader","floor":28,"turns":6},{"damage":6,"enemies":"Centurion and Healer","floor":31,"turns":6},{"damage":84,"enemies":"Automaton","floor":33,"turns":12}],"seed_played":"-843744436793647924","potions_obtained":[{"floor":11,"key":"FearPotion"},{"floor":12,"key":"Ancient Potion"},{"floor":25,"key":"LiquidBronze"},{"floor":31,"key":"Dexterity Potion"}],"is_trial":false,"path_per_floor":["M","$","?","$","M","R","E","?","T","M","E","?","E","?","R","B",null,"M","?","M","?","M","R","$","M","T","$","E","?","R","M","R","B"],"character_chosen":"IRONCLAD","items_purchased":["Meat on the Bone","Havoc","Calipers","Shrug It Off","Second Wind"],"campfire_rested":2,"item_purchase_floors":[2,4,24,24,27],"current_hp_per_floor":[57,57,57,57,59,59,42,42,42,55,41,51,51,51,75,57,75,69,69,69,69,62,62,62,43,43,43,34,34,34,48,72,0],"gold":86,"neow_bonus":"TWO_FIFTY_GOLD","is_prod":false,"is_daily":false,"chose_seed":false,"campfire_upgraded":3,"win_rate":0,"timestamp":1547481135,"path_taken":["M","$","?","$","M","R","E","?","T","M","E","?","E","?","R","BOSS","M","?","M","?","M","R","$","M","T","$","E","?","R","M","R","BOSS"],"build_version":"2019-01-10","purchased_purges":2,"victory":false,"max_hp_per_floor":[80,80,80,80,80,80,87,87,87,87,87,87,87,81,81,81,81,81,81,81,81,81,81,81,81,81,81,81,81,81,81,81,81],"card_choices":[{"not_picked":["Warcry","Havoc"],"picked":"Clothesline","floor":1},{"not_picked":["Second Wind","Pummel"],"picked":"Pommel Strike","floor":5},{"not_picked":["Double Tap","Fire Breathing"],"picked":"True Grit","floor":7},{"not_picked":["Sentinel","Perfected Strike"],"picked":"Shockwave","floor":10},{"not_picked":["Warcry","Bloodletting"],"picked":"Spot Weakness","floor":11},{"not_picked":["Ghostly Armor","Body Slam"],"picked":"Feel No Pain","floor":12},{"not_picked":["Evolve","Rupture"],"picked":"Immolate","floor":13},{"not_picked":["Double Tap","Feed"],"picked":"Berserk","floor":16},{"not_picked":["Havoc","Rage"],"picked":"Ghostly Armor","floor":18},{"not_picked":["True Grit","Perfected Strike"],"picked":"Feel No Pain","floor":20},{"not_picked":["Flex","Power Through"],"picked":"Flame Barrier","floor":22},{"not_picked":["Flex","Heavy Blade","Twin Strike"],"picked":"SKIP","floor":25},{"not_picked":["Armaments","Wild Strike"],"picked":"Rampage","floor":28},{"not_picked":["Thunderclap","Iron Wave"],"picked":"Hemokinesis+1","floor":31}],"player_experience":2113398,"relics_obtained":[{"floor":7,"key":"Strawberry"},{"floor":9,"key":"MawBank"},{"floor":11,"key":"Mercury Hourglass"},{"floor":12,"key":"Odd Mushroom"},{"floor":13,"key":"Incense Burner"},{"floor":26,"key":"Matryoshka"},{"floor":28,"key":"Blood Vial"}],"event_choices":[{"damage_healed":0,"gold_gain":0,"player_choice":"Grow","damage_taken":0,"max_hp_gain":0,"max_hp_loss":0,"event_name":"Living Wall","floor":3,"gold_loss":0,"cards_upgraded":["Clothesline"]},{"damage_healed":0,"gold_gain":0,"player_choice":"Searched \u00271\u0027 times","damage_taken":0,"relics_obtained":["Charon\u0027s Ashes"],"max_hp_gain":0,"max_hp_loss":0,"event_name":"Dead Adventurer","floor":8,"gold_loss":0},{"damage_healed":0,"gold_gain":0,"player_choice":"Fought Mushrooms","damage_taken":0,"max_hp_gain":0,"max_hp_loss":0,"event_name":"Mushrooms","floor":12,"gold_loss":0},{"damage_healed":0,"gold_gain":0,"player_choice":"Lose Max HP","damage_taken":0,"relics_obtained":["Golden Idol"],"max_hp_gain":0,"max_hp_loss":6,"event_name":"Golden Idol","floor":14,"gold_loss":0},{"cards_removed":["Strike_R"],"damage_healed":0,"gold_gain":0,"player_choice":"Gave Gold","damage_taken":0,"max_hp_gain":0,"max_hp_loss":0,"event_name":"Beggar","floor":19,"gold_loss":75},{"damage_healed":0,"gold_gain":99,"player_choice":"Stole From Cult","damage_taken":0,"max_hp_gain":0,"max_hp_loss":0,"event_name":"Nest","floor":21,"gold_loss":0},{"damage_healed":0,"gold_gain":0,"player_choice":"Simplicity","damage_taken":0,"max_hp_gain":0,"max_hp_loss":0,"event_name":"Back to Basics","floor":29,"gold_loss":0,"cards_upgraded":["Strike_R","Strike_R","Defend_R","Defend_R","Defend_R","Defend_R"]}],"is_beta":false,"boss_relics":[{"not_picked":["Ectoplasm","Coffee Dripper"],"picked":"Runic Cube"}],"items_purged_floors":[2,24],"is_endless":false,"potions_floor_spawned":[11,12,18,25,31],"killed_by":"Automaton","ascension_level":13}