{"gold_per_floor":[119,133,148,148,166,200,200,214,214,214,227,42,42,71,71,171,171,186,199,219,319,319,354,354,388,411,3,18,35,35,113,113,213,213,229,229,249,249,267,267,297,297,297,322,2,15,15,29,29,29,29,29,29,61,61],"floor_reached":55,"playtime":5423,"items_purged":["Strike_B","Hello World","Dualcast"],"score":892,"play_id":"e7bdf1dc-3f9f-4da2-a6dd-24cc1165149d","local_time":"20190213112236","is_ascension_mode":true,"campfire_choices":[{"data":"Coolheaded","floor":7,"key":"SMITH"},{"data":"Double Energy","floor":10,"key":"SMITH"},{"data":"Defragment","floor":15,"key":"SMITH"},{"floor":24,"key":"REST"},{"data":"Heatsinks","floor":30,"key":"SMITH"},{"data":"Go for the Eyes","floor":32,"key":"SMITH"},{"floor":40,"key":"REST"},{"floor":42,"key":"RECALL"},{"floor":49,"key":"REST"},{"data":"Thunder Strike","floor":52,"key":"SMITH"}],"neow_cost":"NONE","seed_source_timestamp":2754638535536911,"circlet_count":0,"master_deck":["Defend_B","Defend_B","Defend_B","Defend_B","Zap+1","Conserve Battery","Reboot+1","Go for the Eyes+1","Coolheaded+1","Double Energy+1","Defragment+1","Reinforced Body","Ball Lightning","Machine Learning","Conserve Battery","Skim","Cold Snap","Bite","Bite","Bite","Bite","Bite","Hologram+1","Glacier+1","Machine Learning","Heatsinks+1","Capacitor","Static Discharge","Thunder Strike+1","Static Discharge+1","Madness+1","Madness+1","Storm","Go for the Eyes+1","Defragment+1","Master of Strategy+1","FTL","Consume+1","Blizzard"],"relics":["Cracked Core","Ice Cream","The Courier","Inserter","FossilizedHelix","Kunai","Toxic Egg 2","Oddly Smooth Stone","Omamori","Pantograph","Lizard Tail","Mummified Hand","StoneCalendar","Ginger","Dodecahedron"],"potions_floor_usage":[21,21,25,39,39,50,55],"damage_taken":[{"damage":0,"enemies":"2 Louse","floor":1,"turns":2},{"damage":1,"enemies":"Cultist","floor":2,"turns":3},{"damage":1,"enemies":"Jaw Worm","floor":3,"turns":3},{"damage":2,"enemies":"Exordium Wildlife","floor":5,"turns":5},{"damage":6,"enemies":"Lagavulin","floor":6,"turns":5},{"damage":3,"enemies":"Blue Slaver","floor":8,"turns":4},{"damage":0,"enemies":"Large Slime","floor":11,"turns":6},{"damage":4,"enemies":"3 Sentries","floor":14,"turns":9},{"damage":8,"enemies":"Slime Boss","floor":16,"turns":10},{"damage":0,"enemies":"Shell Parasite","floor":18,"turns":7},{"damage":15,"enemies":"2 Thieves","floor":19,"turns":4},{"damage":10,"enemies":"Snecko","floor":20,"turns":7},{"damage":7,"enemies":"Colosseum Slavers","floor":21,"turns":4},{"damage":15,"enemies":"Colosseum Nobs","floor":21,"turns":5},{"damage":40,"enemies":"Slavers","floor":23,"turns":7},{"damage":31,"enemies":"Gremlin Leader","floor":25,"turns":10},{"damage":7,"enemies":"Cultist and Chosen","floor":28,"turns":9},{"damage":0,"enemies":"Snake Plant","floor":29,"turns":6},{"damage":0,"enemies":"Champ","floor":33,"turns":15},{"damage":0,"enemies":"Orb Walker","floor":35,"turns":6},{"damage":42,"enemies":"3 Shapes","floor":37,"turns":4},{"damage":24,"enemies":"Jaw Worm Horde","floor":39,"turns":5},{"damage":0,"enemies":"Giant Head","floor":41,"turns":11},{"damage":23,"enemies":"Nemesis","floor":44,"turns":7},{"damage":0,"enemies":"Transient","floor":46,"turns":5},{"damage":10,"enemies":"Spire Growth","floor":48,"turns":4},{"damage":2,"enemies":"Awakened One","floor":50,"turns":12},{"damage":5,"enemies":"Shield and Spear","floor":54,"turns":6},{"damage":58,"enemies":"The Heart","floor":55,"turns":3}],"seed_played":"-8059877557496106907","potions_obtained":[{"floor":1,"key":"Explosive Potion"},{"floor":3,"key":"FairyPotion"},{"floor":14,"key":"Dexterity Potion"},{"floor":23,"key":"Block Potion"},{"floor":28,"key":"EssenceOfSteel"},{"floor":29,"key":"SteroidPotion"},{"floor":33,"key":"Fire Potion"},{"floor":44,"key":"PowerPotion"},{"floor":46,"key":"Poison Potion"}],"is_trial":false,"path_per_floor":["M","M","M","?","M","E","R","M","T","R","M","$","$","E","R","B",null,"M","M","M","?","?","E","R","E","T","$","M","M","R","T","R","B",null,"M","?","M","?","M","R","E","R","T","E","$","M","$","M","R","B",null,"R","$","E","B"],"character_chosen":"DEFECT","items_purchased":["Defragment","Reinforced Body","Glacier+1","Machine Learning","Heatsinks","Capacitor","Static Discharge","Master of Strategy+1","FTL"],"campfire_rested":3,"item_purchase_floors":[12,12,27,27,27,27,27,45,45],"current_hp_per_floor":[75,74,73,73,71,65,65,62,62,62,62,62,62,58,58,50,75,75,60,50,28,28,13,28,15,15,15,24,36,36,36,36,52,52,52,45,9,9,22,37,52,52,52,29,29,39,39,35,50,52,52,52,52,52,0],"gold":61,"neow_bonus":"UPGRADE_CARD","is_prod":false,"is_daily":false,"chose_seed":false,"campfire_upgraded":6,"win_rate":0,"timestamp":1550028156,"path_taken":["M","M","M","?","M","E","R","M","T","R","M","?","$","E","R","BOSS","M","M","M","?","?","E","R","E","T","$","M","M","R","?","R","BOSS","M","?","M","?","M","R","E","R","T","E","$","M","?","M","R","BOSS","R","$","E","BOSS"],"build_version":"2019-01-23","purchased_purges":3,"victory":false,"max_hp_per_floor":[75,75,75,75,75,75,75,75,75,75,75,75,75,75,75,75,75,75,75,75,75,52,52,52,52,52,52,52,52,52,52,52,52,52,52,52,52,52,52,52,52,52,52,52,52,52,52,52,52,52,52,52,52,52,52],"card_choices":[{"not_picked":["Rip and Tear","Barrage","Darkness"],"picked":"SKIP","floor":1},{"not_picked":["Turbo","Rebound"],"picked":"Conserve Battery","floor":2},{"not_picked":["Hologram","Streamline"],"picked":"Reboot","floor":3},{"not_picked":["BootSequence","Turbo"],"picked":"Go for the Eyes","floor":5},{"not_picked":["Rebound","Recycle"],"picked":"Coolheaded","floor":6},{"not_picked":["Redo","Steam"],"picked":"Double Energy","floor":8},{"not_picked":["Beam Cell","Aggregate"],"picked":"Hello World","floor":11},{"not_picked":["Rip and Tear","Self Repair"],"picked":"Ball Lightning","floor":14},{"not_picked":["Meteor Strike","Multi-Cast"],"picked":"Machine Learning","floor":16},{"not_picked":["Static Discharge+1","Hologram"],"picked":"Conserve Battery","floor":18},{"not_picked":["Rebound+1","Redo","Turbo"],"picked":"SKIP","floor":19},{"not_picked":["Scrape","Stack+1"],"picked":"Skim","floor":20},{"not_picked":["Hologram","Sweeping Beam"],"picked":"Cold Snap","floor":21},{"not_picked":["Rebound","Buffer"],"picked":"Hologram","floor":23},{"not_picked":["Redo+1","Recycle+1","Ball Lightning"],"picked":"SKIP","floor":25},{"not_picked":["Chaos+1","Redo+1","Compile Driver"],"picked":"SKIP","floor":28},{"not_picked":["Compile Driver","Darkness+1","Turbo+1"],"picked":"SKIP","floor":29},{"not_picked":["Fission+1","Creative AI"],"picked":"Thunder Strike","floor":33},{"not_picked":["Turbo+1","Aggregate+1"],"picked":"Static Discharge+1","floor":35},{"not_picked":["Chill+1","Coolheaded+1"],"picked":"Storm","floor":37},{"not_picked":["Beam Cell+1","Streamline+1"],"picked":"Go for the Eyes+1","floor":39},{"not_picked":["Chaos+1","Gash"],"picked":"Defragment+1","floor":41},{"not_picked":["Redo+1","Core Surge","Compile Driver"],"picked":"SKIP","floor":44},{"not_picked":["Conserve Battery+1","Hologram+1"],"picked":"Consume+1","floor":46},{"not_picked":["Gash","Turbo+1","Hologram+1"],"picked":"SKIP","floor":48},{"not_picked":["Coolheaded+1","Stack+1"],"picked":"Blizzard","floor":54}],"player_experience":103934,"relics_obtained":[{"floor":6,"key":"Ice Cream"},{"floor":14,"key":"The Courier"},{"floor":21,"key":"FossilizedHelix"},{"floor":21,"key":"Kunai"},{"floor":23,"key":"Toxic Egg 2"},{"floor":25,"key":"Oddly Smooth Stone"},{"floor":26,"key":"Omamori"},{"floor":31,"key":"Pantograph"},{"floor":41,"key":"Mummified Hand"},{"floor":43,"key":"StoneCalendar"},{"floor":44,"key":"Ginger"},{"floor":54,"key":"Dodecahedron"}],"event_choices":[{"damage_healed":0,"gold_gain":0,"player_choice":"Forge","damage_taken":0,"max_hp_gain":0,"max_hp_loss":0,"event_name":"Accursed Blacksmith","floor":4,"gold_loss":0,"cards_upgraded":["Reboot"]},{"damage_healed":0,"gold_gain":0,"player_choice":"Fight","damage_taken":0,"max_hp_gain":0,"max_hp_loss":0,"event_name":"Colosseum","floor":21,"gold_loss":0},{"damage_healed":0,"gold_gain":0,"player_choice":"Fought Nobs","damage_taken":0,"max_hp_gain":0,"max_hp_loss":0,"event_name":"Colosseum","floor":21,"gold_loss":0},{"damage_healed":0,"gold_gain":0,"player_choice":"Became a vampire","damage_taken":0,"max_hp_gain":0,"max_hp_loss":23,"event_name":"Vampires","floor":22,"gold_loss":0,"cards_obtained":["Bite","Bite","Bite","Bite","Bite"]},{"damage_healed":0,"gold_gain":0,"player_choice":"Embrace Madness","damage_taken":7,"max_hp_gain":0,"max_hp_loss":0,"event_name":"Winding Halls","floor":36,"gold_loss":0,"cards_obtained":["Madness","Madness"]},{"damage_healed":0,"gold_gain":0,"player_choice":"Ignored","damage_taken":0,"max_hp_gain":0,"max_hp_loss":0,"event_name":"Mysterious Sphere","floor":38,"gold_loss":0}],"is_beta":false,"boss_relics":[{"not_picked":["Pandora\u0027s Box","Runic Pyramid"],"picked":"Inserter"},{"not_picked":["Tiny House","Snecko Eye"],"picked":"Lizard Tail"}],"items_purged_floors":[12,27,45],"is_endless":false,"potions_floor_spawned":[1,3,14,20,23,28,29,33,44,46,48],"killed_by":"The Heart","ascension_level":1}