{"gold_per_floor":[117,127,14,29,42,42,58,84,84,10,10,24,36,0,0,96,96,116,130,30,30,30,30,30,40,65,79,89,104,25,25],"floor_reached":31,"playtime":1403,"items_purged":["Strike_G","Strike_G"],"score":386,"play_id":"186f6f58-9d7c-4d9c-bea7-fa0fc7d2a4e8","local_time":"20181019145201","is_ascension_mode":true,"campfire_choices":[{"data":"Neutralize","floor":6,"key":"SMITH"},{"floor":11,"key":"REST"},{"floor":15,"key":"REST"},{"floor":23,"key":"REST"}],"neow_cost":"NONE","seed_source_timestamp":817744753428469,"circlet_count":0,"master_deck":["Defend_G","Defend_G","Defend_G","Defend_G","Defend_G","Strike_G","Strike_G","Survivor","Neutralize+1","AscendersBane","Dagger Spray","Backstab","Flying Knee","Deadly Poison","Finisher","Footwork","PiercingWail","After Image","Flying Knee","Skewer","Infinite Blades","Cloak And Dagger","Dodge and Roll","Caltrops"],"relics":["Busted Crown","Ninja Scroll","Pen Nib","Sozu","Regal Pillow"],"potions_floor_usage":[5,16,29],"damage_taken":[{"damage":0,"enemies":"2 Louse","floor":1,"turns":3},{"damage":0,"enemies":"Jaw Worm","floor":2,"turns":4},{"damage":0,"enemies":"Small Slimes","floor":4,"turns":3},{"damage":16,"enemies":"Exordium Thugs","floor":5,"turns":4},{"damage":0,"enemies":"3 Louse","floor":7,"turns":3},{"damage":28,"enemies":"Lagavulin","floor":8,"turns":8},{"damage":0,"enemies":"Exordium Wildlife","floor":12,"turns":3},{"damage":0,"enemies":"Looter","floor":13,"turns":1},{"damage":37,"enemies":"The Guardian","floor":16,"turns":14},{"damage":6,"enemies":"Spheric Guardian","floor":18,"turns":4},{"damage":17,"enemies":"Chosen","floor":19,"turns":6},{"damage":24,"enemies":"Snake Plant","floor":25,"turns":4},{"damage":22,"enemies":"Centurion and Healer","floor":27,"turns":4},{"damage":3,"enemies":"Snecko","floor":28,"turns":3},{"damage":4,"enemies":"Snake Plant","floor":29,"turns":3},{"damage":5,"enemies":"3 Cultists","floor":31,"turns":2}],"seed_played":"-5905105041355111944","potions_obtained":[{"floor":2,"key":"AttackPotion"},{"floor":13,"key":"EssenceOfSteel"},{"floor":16,"key":"EssenceOfSteel"}],"is_trial":false,"path_per_floor":["M","M","$","M","M","R","M","E","T","$","R","M","M","?","R","B",null,"M","M","$","?","$","R","?","M","T","M","M","M","$"],"character_chosen":"THE_SILENT","items_purchased":["Backstab","Footwork","Caltrops"],"campfire_rested":3,"item_purchase_floors":[3,10,30],"current_hp_per_floor":[63,63,63,63,47,47,47,19,19,19,40,40,40,40,61,24,59,53,36,36,36,36,57,57,33,33,11,8,4,4,0],"gold":25,"neow_bonus":"BOSS_RELIC","is_prod":false,"is_daily":false,"chose_seed":false,"campfire_upgraded":1,"win_rate":0,"timestamp":1539975121,"path_taken":["M","M","$","M","M","R","M","E","T","$","R","M","M","?","R","BOSS","M","M","$","?","?","R","?","M","T","?","M","M","?","M"],"build_version":"2018-10-18","purchased_purges":2,"victory":false,"max_hp_per_floor":[70,70,70,70,70,70,70,70,70,70,70,70,70,70,70,70,70,70,70,70,70,70,70,70,70,70,70,70,70,70,70],"card_choices":[{"not_picked":[],"picked":"Dagger Spray","floor":1},{"not_picked":["Underhanded Strike"],"picked":"SKIP","floor":2},{"not_picked":[],"picked":"Flying Knee","floor":4},{"not_picked":[],"picked":"Deadly Poison","floor":5},{"not_picked":["Prepared"],"picked":"SKIP","floor":7},{"not_picked":[],"picked":"Finisher","floor":8},{"not_picked":[],"picked":"PiercingWail","floor":12},{"not_picked":["Setup"],"picked":"SKIP","floor":13},{"not_picked":[],"picked":"After Image","floor":16},{"not_picked":[],"picked":"Flying Knee","floor":18},{"not_picked":[],"picked":"Skewer","floor":19},{"not_picked":[],"picked":"Cloak And Dagger","floor":25},{"not_picked":["Dagger Throw"],"picked":"SKIP","floor":27},{"not_picked":[],"picked":"Dodge and Roll","floor":28},{"not_picked":["Deflect"],"picked":"SKIP","floor":29}],"player_experience":1551840,"relics_obtained":[{"floor":8,"key":"Ninja Scroll"},{"floor":9,"key":"Pen Nib"},{"floor":26,"key":"Regal Pillow"}],"event_choices":[{"damage_healed":0,"gold_gain":0,"player_choice":"Left Gold","damage_taken":0,"max_hp_gain":0,"max_hp_loss":0,"event_name":"World of Goop","floor":14,"gold_loss":36},{"cards_removed":["Strike_G"],"damage_healed":0,"gold_gain":0,"player_choice":"Elegance","damage_taken":0,"max_hp_gain":0,"max_hp_loss":0,"event_name":"Back to Basics","floor":21,"gold_loss":0},{"damage_healed":0,"gold_gain":0,"player_choice":"Read","damage_taken":0,"max_hp_gain":0,"max_hp_loss":0,"event_name":"The Library","floor":24,"gold_loss":0,"cards_obtained":["Infinite Blades"]}],"is_beta":false,"boss_relics":[{"not_picked":["Fusion Hammer","Runic Dome"],"picked":"Sozu"}],"items_purged_floors":[3,20],"is_endless":false,"potions_floor_spawned":[2,13,16,18,19,25,28,29],"killed_by":"3 Cultists","ascension_level":12}