{"gold_per_floor":[114,125,141,141,121,151,165,165,190,190,209,242,258,258,258,258],"floor_reached":16,"playtime":1113,"items_purged":[],"score":211,"play_id":"c1845da1-ef32-41e1-bbb9-4e2d30ebbee7","local_time":"20180716231659","is_ascension_mode":true,"campfire_choices":[{"floor":8,"key":"REST"},{"floor":15,"key":"REST"}],"neow_cost":"","seed_source_timestamp":436279909485011,"circlet_count":0,"master_deck":["Defend_G","Defend_G","Defend_G","Defend_G","Defend_G+1","Strike_G","Strike_G","Strike_G","Strike_G","Strike_G","Survivor","Neutralize","Cloak And Dagger","Setup+1","Dagger Throw","Dagger Spray+1","Dagger Throw","Finisher","Backstab","Infinite Blades"],"relics":["Ring of the Snake","Pen Nib","Centennial Puzzle","Anchor"],"potions_floor_usage":[6,6,12,12,16],"damage_taken":[{"damage":0,"enemies":"Jaw Worm","floor":1,"turns":5},{"damage":0,"enemies":"2 Louse","floor":2,"turns":2},{"damage":0,"enemies":"Cultist","floor":3,"turns":4},{"damage":43,"enemies":"Gremlin Nob","floor":6,"turns":5},{"damage":18,"enemies":"Exordium Wildlife","floor":7,"turns":7},{"damage":2,"enemies":"Large Slime","floor":11,"turns":7},{"damage":16,"enemies":"Lagavulin","floor":12,"turns":6},{"damage":0,"enemies":"Looter","floor":13,"turns":1}],"seed_played":"-3377474183165974569","potions_obtained":[{"floor":1,"key":"SteroidPotion"},{"floor":3,"key":"AttackPotion"},{"floor":5,"key":"FairyPotion"},{"floor":6,"key":"FearPotion"},{"floor":11,"key":"EssenceOfSteel"},{"floor":13,"key":"Dexterity Potion"}],"is_trial":false,"path_per_floor":["M","M","M","?","?","E","M","R","T","?","M","E","M","?","R"],"character_chosen":"THE_SILENT","items_purchased":[],"campfire_rested":2,"item_purchase_floors":[],"current_hp_per_floor":[63,63,63,63,63,20,2,23,23,46,44,28,28,14,35,0],"gold":258,"neow_bonus":"","is_prod":false,"is_daily":false,"chose_seed":false,"campfire_upgraded":0,"win_rate":0,"timestamp":1531748819,"path_taken":["M","M","M","?","?","E","M","R","T","?","M","E","?","?","R","BOSS"],"build_version":"2018-07-12","purchased_purges":0,"victory":false,"max_hp_per_floor":[70,70,70,70,70,70,70,70,70,70,70,70,70,70,70,70],"card_choices":[{"not_picked":["Concentrate","Acrobatics"],"picked":"Cloak And Dagger","floor":1},{"not_picked":["Bane","Acrobatics"],"picked":"Setup","floor":2},{"not_picked":["Outmaneuver","Dagger Spray"],"picked":"Dagger Throw","floor":3},{"not_picked":["Malaise","Deflect"],"picked":"Dagger Spray","floor":6},{"not_picked":["Slice","Heel Hook"],"picked":"Dagger Throw","floor":7},{"not_picked":["Dagger Spray","Prepared"],"picked":"Finisher","floor":11},{"not_picked":["Bane","Concentrate"],"picked":"Backstab","floor":12},{"not_picked":["Prepared","Acrobatics"],"picked":"Infinite Blades","floor":13}],"player_experience":167268,"relics_obtained":[{"floor":6,"key":"Pen Nib"},{"floor":9,"key":"Centennial Puzzle"},{"floor":12,"key":"Anchor"}],"event_choices":[{"event_name":"Living Wall","player_choice":"Grow","floor":4,"damage_taken":0},{"event_name":"The Woman in Blue","player_choice":"Bought 1 Potion","floor":5,"damage_taken":0},{"event_name":"Big Fish","player_choice":"Banana","floor":10,"damage_taken":0},{"event_name":"Shining Light","player_choice":"Entered Light","floor":14,"damage_taken":0}],"boss_relics":[],"items_purged_floors":[],"is_endless":false,"potions_floor_spawned":[1,3,6,11,13],"killed_by":"The Guardian","ascension_level":6}