{"gold_per_floor":[111,128,52,65,83,83,109,79,79,107,107,141,154,164,164,164],"floor_reached":16,"playtime":1349,"items_purged":[],"score":146,"play_id":"6d93c009-a596-4592-8b3a-7c21cd91eabd","local_time":"20180717011517","is_ascension_mode":true,"campfire_choices":[{"data":"Footwork","floor":6,"key":"SMITH"},{"data":"After Image","floor":15,"key":"SMITH"}],"neow_cost":"CURSE","seed_source_timestamp":443141570939712,"circlet_count":0,"master_deck":["Defend_G","Defend_G","Defend_G","Defend_G","Defend_G","Strike_G","Strike_G","Strike_G","Strike_G","Strike_G","Survivor","Neutralize","Parasite","Backstab","Backflip","Footwork+1","Deadly Poison","PiercingWail","Crippling Poison","After Image+1","PiercingWail","Caltrops","Wraith Form v2","Crippling Poison"],"relics":["Ring of the Snake","Bird Faced Urn","Odd Mushroom","Bag of Preparation","Kunai","Ornamental Fan","Centennial Puzzle"],"potions_floor_usage":[10,10,12,16],"damage_taken":[{"damage":12,"enemies":"Cultist","floor":1,"turns":7},{"damage":1,"enemies":"Small Slimes","floor":2,"turns":3},{"damage":0,"enemies":"Jaw Worm","floor":4,"turns":6},{"damage":5,"enemies":"Exordium Wildlife","floor":5,"turns":6},{"damage":10,"floor":7,"turns":7},{"damage":0,"enemies":"Looter","floor":8,"turns":4},{"damage":11,"enemies":"3 Sentries","floor":10,"turns":12},{"damage":17,"enemies":"Lagavulin","floor":12,"turns":12},{"damage":5,"enemies":"Blue Slaver","floor":13,"turns":4},{"damage":2,"enemies":"Exordium Thugs","floor":14,"turns":6},{"damage":76,"enemies":"Slime Boss","floor":16,"turns":15}],"seed_played":"3460333069397250514","potions_obtained":[{"floor":2,"key":"Dexterity Potion"},{"floor":5,"key":"Regen Potion"},{"floor":7,"key":"GamblersBrew"},{"floor":12,"key":"Energy Potion"},{"floor":13,"key":"FairyPotion"}],"is_trial":false,"path_per_floor":["M","M","$","M","M","R","?","M","T","E","T","E","M","M","R"],"character_chosen":"THE_SILENT","items_purchased":["Footwork"],"campfire_rested":0,"item_purchase_floors":[3],"current_hp_per_floor":[51,50,50,52,49,49,41,43,43,51,51,38,39,45,45,0],"gold":164,"neow_bonus":"ONE_RARE_RELIC","is_prod":false,"is_daily":false,"chose_seed":false,"campfire_upgraded":2,"win_rate":0,"timestamp":1531755917,"path_taken":["M","M","$","M","?","R","?","M","T","E","?","E","?","M","R","BOSS"],"build_version":"2018-07-12","purchased_purges":0,"victory":false,"max_hp_per_floor":[70,70,70,70,70,70,70,70,70,70,70,70,70,70,70,70],"card_choices":[{"not_picked":["Slice","Distraction"],"picked":"Backstab","floor":1},{"not_picked":["Dodge and Roll","Heel Hook"],"picked":"Backflip","floor":2},{"not_picked":["Blur","Quick Slash"],"picked":"Deadly Poison","floor":4},{"not_picked":["Deflect","Dagger Throw"],"picked":"PiercingWail","floor":5},{"not_picked":["Blade Dance","Prepared"],"picked":"Crippling Poison","floor":7},{"not_picked":["Flechettes","Dodge and Roll"],"picked":"After Image","floor":8},{"not_picked":["Malaise","Bane"],"picked":"PiercingWail","floor":10},{"not_picked":["Flechettes","Flying Knee"],"picked":"Caltrops","floor":12},{"not_picked":["Riddle With Holes","Flying Knee"],"picked":"Wraith Form v2","floor":13},{"not_picked":["Dagger Throw","Acrobatics"],"picked":"Crippling Poison","floor":14}],"player_experience":170342,"relics_obtained":[{"floor":7,"key":"Odd Mushroom"},{"floor":9,"key":"Bag of Preparation"},{"floor":10,"key":"Kunai"},{"floor":11,"key":"Ornamental Fan"},{"floor":12,"key":"Centennial Puzzle"}],"event_choices":[{"event_name":"Mushrooms","player_choice":"Fought Mushrooms","floor":7,"damage_taken":0}],"boss_relics":[],"items_purged_floors":[],"is_endless":false,"potions_floor_spawned":[2,5,7,12,13],"killed_by":"Slime Boss","ascension_level":6}