{"gold_per_floor":[116,127,12,12,27,27,42,53,53,53],"floor_reached":10,"playtime":367,"items_purged":[],"score":114,"play_id":"4fa7863a-2977-410a-be76-56c8b2207848","local_time":"20181231102320","is_ascension_mode":true,"campfire_choices":[{"floor":6,"key":"REST"}],"neow_cost":"NONE","seed_source_timestamp":975462334967250,"circlet_count":0,"master_deck":["AscendersBane","Strike_B","Strike_B","Strike_B","Strike_B","Defend_B","Defend_B","Defend_B","Defend_B","Zap","Dualcast","Storm","Streamline","Leap","Go for the Eyes","Force Field","Defragment","Doom and Gloom","Storm","FTL","Reinforced Body","Hologram","Darkness"],"relics":["Orrery","Art of War"],"potions_floor_usage":[7,10],"damage_taken":[{"damage":4,"enemies":"Cultist","floor":1,"turns":4},{"damage":18,"enemies":"2 Louse","floor":2,"turns":4},{"damage":17,"enemies":"Small Slimes","floor":5,"turns":3},{"damage":23,"enemies":"Exordium Wildlife","floor":7,"turns":5},{"damage":13,"enemies":"Large Slime","floor":8,"turns":6},{"damage":13,"enemies":"3 Louse","floor":10,"turns":1}],"seed_played":"-7554893295386107209","potions_obtained":[{"floor":1,"key":"Dexterity Potion"},{"floor":5,"key":"Dexterity Potion"},{"floor":8,"key":"PowerPotion"}],"is_trial":false,"path_per_floor":["M","M","$","?","M","R","M","M","T","M"],"character_chosen":"DEFECT","items_purchased":["Storm","FTL"],"campfire_rested":1,"item_purchase_floors":[3,3],"current_hp_per_floor":[60,42,42,42,25,46,23,10,10,0],"gold":53,"neow_bonus":"BOSS_RELIC","is_prod":false,"is_daily":false,"chose_seed":false,"campfire_upgraded":0,"win_rate":0,"timestamp":1546269800,"path_taken":["M","M","?","?","M","R","M","M","T","M"],"build_version":"2018-12-20","purchased_purges":0,"victory":false,"max_hp_per_floor":[71,71,71,71,71,71,71,71,71,71],"card_choices":[{"not_picked":["Ball Lightning","Sweeping Beam"],"picked":"Storm","floor":0},{"not_picked":["Hologram","Barrage"],"picked":"Streamline","floor":0},{"not_picked":["Redo","Hologram"],"picked":"Leap","floor":0},{"not_picked":["Streamline","Reprogram"],"picked":"Go for the Eyes","floor":0},{"not_picked":["Skim","Aggregate"],"picked":"Force Field","floor":0},{"not_picked":["Go for the Eyes","Turbo"],"picked":"Defragment","floor":1},{"not_picked":["Hologram","Aggregate"],"picked":"Doom and Gloom","floor":2},{"not_picked":["Chaos","Meteor Strike"],"picked":"Reinforced Body","floor":5},{"not_picked":["Redo","Turbo"],"picked":"Hologram","floor":7},{"not_picked":["Gash","Blizzard"],"picked":"Darkness","floor":8}],"player_experience":1966608,"relics_obtained":[{"floor":9,"key":"Art of War"}],"event_choices":[{"damage_healed":0,"gold_gain":0,"player_choice":"Ignored","damage_taken":0,"max_hp_gain":0,"max_hp_loss":0,"event_name":"Shining Light","floor":4,"gold_loss":0}],"is_beta":false,"boss_relics":[],"items_purged_floors":[],"is_endless":false,"potions_floor_spawned":[1,5,8],"killed_by":"3 Louse","ascension_level":18}