{"gold_per_floor":[117,129,146,146,146,173,188,188,214,241,84,8,28,28,28,128,128,141,176,190,190,205,205,215,215,242,242,267,302,302,312,312,407,407,417,417,417,428,447,472,694,714,787,439,450,469,469,496,496,496,496,496,27,54,54],"floor_reached":55,"playtime":2932,"items_purged":[],"score":812,"play_id":"eb45cdf6-1bc8-4e5e-a9f1-a14381ccb4bd","local_time":"20181205114103","is_ascension_mode":false,"campfire_choices":[{"floor":8.0,"key":"REST"},{"data":"Inflame","floor":15.0,"key":"SMITH"},{"floor":23.0,"key":"RECALL"},{"data":"Metallicize","floor":25.0,"key":"SMITH"},{"floor":27.0,"key":"REST"},{"data":"True Grit","floor":30.0,"key":"SMITH"},{"data":"Rage","floor":32.0,"key":"SMITH"},{"floor":49.0,"key":"REST"},{"data":"Madness","floor":52.0,"key":"SMITH"}],"neow_cost":"NONE","seed_source_timestamp":227913414276498,"circlet_count":0,"master_deck":["Strike_R+1","Strike_R","Strike_R","Strike_R+1","Defend_R","Defend_R","Defend_R","Defend_R","Bash+1","Inflame+1","Rage+1","Armaments+1","Twin Strike","Cleave","Metallicize+1","Shrug It Off","True Grit+1","Battle Trance","Immolate","Perfected Strike+1","Perfected Strike","Body Slam+1","Inflame+1","Impervious","Shockwave","Feed","Pommel Strike+1","Finesse","Pommel Strike+1","Ghostly Armor+1","Shockwave+1","Battle Trance+1","Perfected Strike","Disarm","Spot Weakness","Madness+1","Madness","Wild Strike","Demon Form","Feel No Pain"],"special_seed":0,"relics":["Burning Blood","Happy Flower","Vajra","Lantern","Anchor","Sozu","Red Mask","Whetstone","Gremlin Horn","Eternal Feather","Question Card","Mummified Hand","Pear","Ancient Tea Set","Bag of Marbles","Strawberry","Centennial Puzzle"],"potions_floor_usage":[],"damage_taken":[{"damage":6.0,"enemies":"Cultist","floor":1.0,"turns":4.0},{"damage":5.0,"enemies":"2 Louse","floor":2.0,"turns":3.0},{"damage":7.0,"enemies":"Small Slimes","floor":3.0,"turns":2.0},{"damage":39.0,"enemies":"3 Sentries","floor":6.0,"turns":11.0},{"damage":10.0,"enemies":"Exordium Wildlife","floor":7.0,"turns":5.0},{"damage":18.0,"enemies":"Lagavulin","floor":10.0,"turns":5.0},{"damage":8.0,"enemies":"Gremlin Gang","floor":13.0,"turns":4.0},{"damage":9.0,"enemies":"Slime Boss","floor":16.0,"turns":8.0},{"damage":0.0,"enemies":"3 Byrds","floor":18.0,"turns":4.0},{"damage":15.0,"enemies":"Masked Bandits","floor":19.0,"turns":4.0},{"damage":0.0,"enemies":"Spheric Guardian","floor":20.0,"turns":2.0},{"damage":23.0,"enemies":"Shelled Parasite and Fungi","floor":22.0,"turns":4.0},{"damage":0.0,"enemies":"Centurion and Healer","floor":24.0,"turns":4.0},{"damage":10.0,"enemies":"Gremlin Leader","floor":29.0,"turns":4.0},{"damage":0.0,"enemies":"Cultist and Chosen","floor":31.0,"turns":3.0},{"damage":53.0,"enemies":"Champ","floor":33.0,"turns":10.0},{"damage":10.0,"enemies":"3 Darklings","floor":35.0,"turns":3.0},{"damage":3.0,"enemies":"3 Shapes","floor":38.0,"turns":5.0},{"damage":0.0,"enemies":"Sphere and 2 Shapes","floor":39.0,"turns":2.0},{"damage":16.0,"enemies":"Reptomancer","floor":40.0,"turns":4.0},{"damage":2.0,"enemies":"4 Shapes","floor":42.0,"turns":4.0},{"damage":19.0,"enemies":"Maw","floor":45.0,"turns":6.0},{"damage":11.0,"enemies":"Jaw Worm Horde","floor":46.0,"turns":3.0},{"damage":28.0,"enemies":"Nemesis","floor":48.0,"turns":5.0},{"damage":38.0,"enemies":"Awakened One","floor":50.0,"turns":10.0},{"damage":30.0,"enemies":"Shield and Spear","floor":54.0,"turns":4.0},{"damage":77,"enemies":"The Heart","floor":55,"turns":8}],"seed_played":"6655224018474057494","potions_obtained":[{"floor":1.0,"key":"GamblersBrew"},{"floor":2.0,"key":"AttackPotion"},{"floor":6.0,"key":"FearPotion"},{"floor":7.0,"key":"SpeedPotion"}],"is_trial":false,"path_per_floor":["M","M","M","?","?","E","M","R","T","E","$","$","M","?","R","B",null,"M","?","M","?","M","R","M","R","T","R","T","E","R","M","R","B",null,"M","?","?","M","M","E","?","M","T","$","M","M","?","E","R","B",null,"R","$","E","B"],"character_chosen":"IRONCLAD","items_purchased":["Anchor","Shrug It Off","True Grit","Perfected Strike","Disarm","Pear","Demon Form","Bag of Marbles","Strawberry"],"campfire_rested":3,"item_purchase_floors":[11,12,12,44,44,44,53,53,53],"current_hp_per_floor":[80,80,79,79,79,46,42,66,66,54,54,54,52,78,78,75,80,80,71,77,77,60,60,66,66,66,80,80,76,76,80,80,33,80,76,76,76,79,83,73,73,77,77,87,74,69,57,35,83,51,93,93,100,76,0],"gold":54,"neow_bonus":"UPGRADE_CARD","is_prod":false,"is_daily":false,"chose_seed":false,"campfire_upgraded":5,"win_rate":0,"timestamp":1544028063,"path_taken":["M","?","M","?","?","E","M","R","T","E","?","$","?","?","R","BOSS","M","?","M","?","M","R","M","R","T","R","?","E","R","M","R","BOSS","M","?","?","M","M","E","?","M","T","$","M","M","?","E","R","BOSS","R","$","E","BOSS"],"build_version":"2018-11-15","purchased_purges":0,"victory":false,"max_hp_per_floor":[80,80,80,80,80,80,80,80,80,80,80,80,80,80,80,80,80,80,80,80,80,80,80,80,80,80,80,80,80,80,80,80,80,80,80,80,80,80,83,83,83,83,83,93,93,93,93,93,93,93,93,93,100,100,100],"card_choices":[{"not_picked":["Body Slam","Combust"],"picked":"Inflame","floor":1.0},{"not_picked":["Blood for Blood","Body Slam"],"picked":"Rage","floor":2.0},{"not_picked":["Corruption","Warcry"],"picked":"Armaments","floor":3.0},{"not_picked":["Wild Strike","Perfected Strike"],"picked":"Twin Strike","floor":6.0},{"not_picked":["Feel No Pain","Clash"],"picked":"Cleave","floor":7.0},{"not_picked":["Clothesline","Feed"],"picked":"Metallicize","floor":10.0},{"not_picked":["Shrug It Off","Flex"],"picked":"Battle Trance","floor":13.0},{"not_picked":["Berserk","Double Tap"],"picked":"Immolate","floor":16.0},{"not_picked":["Havoc","Rupture"],"picked":"Perfected Strike+1","floor":18.0},{"not_picked":["Shockwave","Seeing Red+1"],"picked":"Perfected Strike","floor":19.0},{"not_picked":["Cleave","Corruption","Clothesline"],"picked":"SKIP","floor":20.0},{"not_picked":["Clothesline","Burning Pact"],"picked":"Body Slam+1","floor":22.0},{"not_picked":["Reckless Charge+1","Entrench+1"],"picked":"Inflame+1","floor":24.0},{"not_picked":["Clothesline","Flex"],"picked":"Impervious","floor":29.0},{"not_picked":["Combust","Anger"],"picked":"Shockwave","floor":31.0},{"not_picked":["Fiend Fire","Impervious"],"picked":"Feed","floor":33.0},{"not_picked":["Iron Wave","Warcry+1"],"picked":"Pommel Strike+1","floor":35.0},{"not_picked":["Purity","PanicButton"],"picked":"Finesse","floor":36.0},{"not_picked":["Anger","Wild Strike+1"],"picked":"Pommel Strike+1","floor":38.0},{"not_picked":["Warcry","Anger"],"picked":"Ghostly Armor+1","floor":39.0},{"not_picked":["Berserk","Body Slam+1"],"picked":"Shockwave+1","floor":40.0},{"not_picked":["Anger","Warcry+1","Uppercut+1"],"picked":"Battle Trance+1","floor":42.0},{"not_picked":["Headbutt+1","Anger","Warcry","Clash"],"picked":"SKIP","floor":45.0},{"not_picked":["Uppercut+1","Inflame+1","Seeing Red+1"],"picked":"Spot Weakness","floor":46.0},{"not_picked":["Flex+1","Heavy Blade","Anger"],"picked":"Wild Strike","floor":48.0},{"not_picked":["Searing Blow+1","Fiend Fire","Rupture+1"],"picked":"Feel No Pain","floor":54.0}],"player_experience":1767572,"relics_obtained":[{"floor":6.0,"key":"Happy Flower"},{"floor":9.0,"key":"Vajra"},{"floor":10.0,"key":"Lantern"},{"floor":19.0,"key":"Red Mask"},{"floor":28.0,"key":"Whetstone"},{"floor":29.0,"key":"Gremlin Horn"},{"floor":40.0,"key":"Question Card"},{"floor":43.0,"key":"Mummified Hand"},{"floor":48.0,"key":"Ancient Tea Set"},{"floor":54.0,"key":"Centennial Puzzle"}],"event_choices":[{"damage_healed":0.0,"max_hp_gain":0.0,"max_hp_loss":0.0,"gold_gain":0.0,"event_name":"Liars Game","player_choice":"Ignored","floor":4.0,"gold_loss":0.0,"damage_taken":0.0},{"damage_healed":0.0,"max_hp_gain":0.0,"max_hp_loss":0.0,"gold_gain":0.0,"event_name":"Living Wall","player_choice":"Grow","floor":5.0,"gold_loss":0.0,"damage_taken":0.0,"cards_upgraded":["Armaments"]},{"damage_healed":26.0,"max_hp_gain":0.0,"max_hp_loss":0.0,"gold_gain":0.0,"event_name":"Big Fish","player_choice":"Banana","floor":14.0,"gold_loss":0.0,"damage_taken":0.0},{"damage_healed":0.0,"max_hp_gain":0.0,"max_hp_loss":0.0,"gold_gain":0.0,"event_name":"Masked Bandits","player_choice":"Fought Bandits","floor":19.0,"gold_loss":0.0,"damage_taken":0.0},{"damage_healed":0.0,"max_hp_gain":0.0,"max_hp_loss":0.0,"gold_gain":0.0,"event_name":"Vampires","player_choice":"Ignored","floor":21.0,"gold_loss":0.0,"damage_taken":0.0},{"damage_healed":0.0,"max_hp_gain":0.0,"max_hp_loss":0.0,"gold_gain":0.0,"event_name":"SensoryStone","player_choice":"Memory 1","floor":36.0,"gold_loss":0.0,"damage_taken":0.0},{"cards_removed":["Strike_R"],"damage_healed":0.0,"max_hp_gain":0.0,"max_hp_loss":0.0,"gold_gain":0.0,"event_name":"Falling","player_choice":"Removed Attack","floor":37.0,"gold_loss":0.0,"damage_taken":0.0},{"damage_healed":0.0,"max_hp_gain":0.0,"max_hp_loss":0.0,"gold_gain":222.0,"event_name":"Tomb of Lord Red Mask","player_choice":"Wore Mask","floor":41.0,"gold_loss":0.0,"damage_taken":0.0},{"damage_healed":0.0,"max_hp_gain":0.0,"max_hp_loss":0.0,"gold_gain":0.0,"event_name":"Winding Halls","player_choice":"Embrace Madness","floor":47.0,"gold_loss":0.0,"damage_taken":12.0,"cards_obtained":["Madness","Madness"]}],"is_beta":false,"boss_relics":[{"not_picked":["Velvet Choker","Ectoplasm"],"picked":"Sozu"},{"not_picked":["Coffee Dripper","White Beast Statue"],"picked":"Eternal Feather"}],"items_purged_floors":[],"is_endless":false,"potions_floor_spawned":[1,2,6,7,24,29,31,35,38,54],"killed_by":"The Heart","ascension_level":0}