{"gold_per_floor":[111,261,261,281,0,31,31,51,76,93,68,82,82,82,82,154,154,172,33,33,51,51],"floor_reached":22,"playtime":631,"items_purged":[],"score":397,"play_id":"9bb521e5-438e-4cab-84c1-590b2dfd6d4b","local_time":"20190129192459","is_ascension_mode":true,"campfire_choices":[{"data":"Zap","floor":7,"key":"SMITH"},{"data":"Defragment","floor":15,"key":"SMITH"}],"neow_cost":"NONE","seed_source_timestamp":457155240340853,"circlet_count":0,"master_deck":["AscendersBane","Strike_B","Strike_B","Strike_B","Strike_B","Defend_B","Defend_B","Defend_B","Defend_B","Zap+1","Dualcast","Sweeping Beam","Self Repair","Machine Learning","FTL","Defragment+1","Gash","Steam","Buffer","FTL","Gash","Defragment","Beam Cell"],"relics":["Cracked Core","NeowsBlessing","Shuriken","Omamori","Bag of Marbles","Cursed Key"],"potions_floor_usage":[16,16],"damage_taken":[{"damage":0,"enemies":"Jaw Worm","floor":1,"turns":1},{"damage":0,"enemies":"2 Louse","floor":4,"turns":1},{"damage":0,"enemies":"Gremlin Nob","floor":6,"turns":1},{"damage":0,"enemies":"Small Slimes","floor":8,"turns":3},{"damage":10,"enemies":"3 Louse","floor":10,"turns":3},{"damage":22,"enemies":"Exordium Thugs","floor":12,"turns":3},{"damage":11,"enemies":"Slime Boss","floor":16,"turns":7},{"damage":32,"enemies":"Shell Parasite","floor":18,"turns":7},{"damage":17,"enemies":"Spheric Guardian","floor":21,"turns":4},{"damage":38,"enemies":"Snake Plant","floor":22,"turns":2}],"seed_played":"8645807386485547924","potions_obtained":[{"floor":4,"key":"EssenceOfSteel"},{"floor":6,"key":"AttackPotion"},{"floor":8,"key":"Dexterity Potion"},{"floor":12,"key":"PowerPotion"}],"is_trial":false,"path_per_floor":["M","?","?","M","$","E","R","M","T","M","$","M","?","?","R","B",null,"M","$","?","M","M"],"character_chosen":"DEFECT","items_purchased":["Shuriken","Gash","Gash","Defragment"],"campfire_rested":0,"item_purchase_floors":[5,11,19,19],"current_hp_per_floor":[64,64,64,64,64,71,71,71,71,68,68,53,53,71,71,67,70,45,45,45,35,0],"gold":51,"neow_bonus":"THREE_ENEMY_KILL","is_prod":false,"is_daily":false,"chose_seed":false,"campfire_upgraded":2,"win_rate":0,"timestamp":1548807899,"path_taken":["M","?","?","M","$","E","R","M","T","M","$","M","?","?","R","BOSS","M","$","?","M","M"],"build_version":"2019-01-23","purchased_purges":0,"victory":false,"max_hp_per_floor":[71,71,71,71,71,71,71,71,71,71,71,71,71,71,71,71,71,71,71,71,71,71],"card_choices":[{"not_picked":["Leap","Force Field"],"picked":"Sweeping Beam","floor":1},{"not_picked":["Beam Cell","Compile Driver"],"picked":"Self Repair","floor":4},{"not_picked":["Conserve Battery","Barrage"],"picked":"Machine Learning","floor":6},{"not_picked":["Ball Lightning","Stack"],"picked":"FTL","floor":8},{"not_picked":["Turbo","Barrage"],"picked":"Defragment","floor":10},{"not_picked":["Scrape","Stack"],"picked":"Steam","floor":12},{"not_picked":["Hyperbeam","Biased Cognition"],"picked":"Buffer","floor":16},{"not_picked":["Rip and Tear","Recycle"],"picked":"FTL","floor":18},{"not_picked":["Rebound","Go for the Eyes"],"picked":"Beam Cell","floor":21}],"player_experience":2212073,"relics_obtained":[{"floor":6,"key":"Omamori"},{"floor":9,"key":"Bag of Marbles"}],"event_choices":[{"damage_healed":0,"gold_gain":150,"player_choice":"AGREE","damage_taken":0,"max_hp_gain":0,"max_hp_loss":0,"event_name":"Liars Game","floor":2,"gold_loss":0,"cards_obtained":["Doubt"]},{"cards_removed":["Doubt"],"damage_healed":0,"gold_gain":0,"player_choice":"Forget","damage_taken":0,"max_hp_gain":0,"max_hp_loss":0,"event_name":"Living Wall","floor":3,"gold_loss":0},{"damage_healed":0,"gold_gain":0,"player_choice":"Ignored","damage_taken":0,"max_hp_gain":0,"max_hp_loss":0,"event_name":"Shining Light","floor":13,"gold_loss":0},{"damage_healed":23,"gold_gain":0,"player_choice":"Banana","damage_taken":0,"max_hp_gain":0,"max_hp_loss":0,"event_name":"Big Fish","floor":14,"gold_loss":0},{"damage_healed":0,"gold_gain":0,"player_choice":"Ignored","damage_taken":0,"max_hp_gain":0,"max_hp_loss":0,"event_name":"WeMeetAgain","floor":20,"gold_loss":0}],"is_beta":false,"boss_relics":[{"not_picked":["Runic Dome","White Beast Statue"],"picked":"Cursed Key"}],"items_purged_floors":[],"is_endless":false,"potions_floor_spawned":[4,6,8,12],"killed_by":"Snake Plant","ascension_level":18}