{"gold_per_floor":[116,127,137,147,160,189,189,222,247,260,274,274,274,293,293,392,392,404,66,66,16,16,16,27,27,27,46,59,59,92,92,92,187,187,202,221,221,221,13,13,25,42,42,42,42,59,9,9],"floor_reached":48,"playtime":2426,"items_purged":["Strike_G","Shame","Strike_G","Strike_G"],"score":489,"play_id":"10182901-e715-462d-9598-abc23ae5070e","local_time":"20181211192746","is_ascension_mode":false,"campfire_choices":[{"floor":7.0,"key":"REST"},{"floor":12.0,"key":"REST"},{"floor":15.0,"key":"REST"},{"floor":23,"key":"RECALL"},{"floor":25,"key":"REST"},{"floor":29,"key":"REST"},{"floor":32,"key":"REST"},{"floor":40,"key":"REST"},{"floor":45,"key":"REST"}],"neow_cost":"NONE","seed_source_timestamp":267287437507008,"circlet_count":0,"master_deck":["Defend_G","Defend_G","Defend_G","Defend_G","Strike_G","Strike_G","Survivor","Neutralize","Deflect","Deadly Poison","Flying Knee","Riddle With Holes","Finisher","Quick Slash","Dodge and Roll","Dagger Throw","Backflip","Decay","Dagger Spray","After Image","Blade Dance","Infinite Blades","Crippling Poison","Dodge and Roll","Backflip+1","Sucker Punch+1","Glass Knife","After Image","Deadly Poison","Envenom","Madness","Madness","A Thousand Cuts","Parasite","Noxious Fumes","Noxious Fumes+1","Footwork+1"],"special_seed":0,"relics":["Runic Pyramid","Pen Nib","Unceasing Top","Bronze Scales","Philosopher\u0027s Stone","Blood Vial","Smiling Mask","Paper Crane","Strawberry","Lizard Tail","Mummified Hand"],"potions_floor_usage":[24,30,30,33,46],"damage_taken":[{"damage":0.0,"enemies":"Jaw Worm","floor":1.0,"turns":4.0},{"damage":0.0,"enemies":"Cultist","floor":2.0,"turns":4.0},{"damage":0.0,"enemies":"Small Slimes","floor":3.0,"turns":3.0},{"damage":0.0,"enemies":"Blue Slaver","floor":4.0,"turns":4.0},{"damage":8.0,"enemies":"Exordium Thugs","floor":5.0,"turns":4.0},{"damage":43.0,"enemies":"Gremlin Nob","floor":6.0,"turns":5.0},{"damage":22.0,"enemies":"3 Sentries","floor":8.0,"turns":8.0},{"damage":3.0,"enemies":"Exordium Wildlife","floor":10.0,"turns":4.0},{"damage":4.0,"enemies":"3 Louse","floor":11.0,"turns":2.0},{"damage":14.0,"enemies":"Lots of Slimes","floor":14.0,"turns":2.0},{"damage":32.0,"enemies":"Hexaghost","floor":16.0,"turns":10.0},{"damage":9.0,"enemies":"Shell Parasite","floor":18.0,"turns":4.0},{"damage":37,"enemies":"2 Thieves","floor":24,"turns":3},{"damage":18,"enemies":"Shelled Parasite and Fungi","floor":27,"turns":4},{"damage":8,"enemies":"Snake Plant","floor":28,"turns":4},{"damage":11,"enemies":"Gremlin Leader","floor":30,"turns":6},{"damage":45,"enemies":"Collector","floor":33,"turns":10},{"damage":11,"enemies":"Orb Walker","floor":35,"turns":4},{"damage":30,"enemies":"3 Darklings","floor":36,"turns":5},{"damage":11,"enemies":"Writhing Mass","floor":41,"turns":7},{"damage":53,"enemies":"Jaw Worm Horde","floor":42,"turns":5},{"damage":21,"enemies":"3 Darklings","floor":46,"turns":4},{"damage":48,"enemies":"Writhing Mass","floor":48,"turns":5}],"seed_played":"5110805145573509496","potions_obtained":[{"floor":5.0,"key":"Explosive Potion"},{"floor":6.0,"key":"Swift Potion"},{"floor":8.0,"key":"Fire Potion"},{"floor":10.0,"key":"Fruit Juice"},{"floor":16.0,"key":"SkillPotion"},{"floor":18.0,"key":"GamblersBrew"},{"floor":24,"key":"Weak Potion"},{"floor":27,"key":"Energy Potion"},{"floor":42,"key":"SkillPotion"}],"is_trial":false,"path_per_floor":["M","M","M","M","M","E","R","E","T","M","M","R","?","M","R","B",null,"M","$","?","$","?","R","M","R","T","M","M","R","E","T","R","B",null,"M","M","?","?","$","R","M","M","T","?","R","M","$","M"],"character_chosen":"THE_SILENT","items_purchased":["Infinite Blades","Blood Vial","Crippling Poison","A Thousand Cuts"],"campfire_rested":8,"item_purchase_floors":[19,19,19,39],"current_hp_per_floor":[70,70,70,70,62,19,40,18,18,20,16,38,38,24,46,14,75,66,66,66,66,66,66,31,53,53,37,31,53,51,51,75,32,82,71,43,43,33,33,57,48,39,39,39,63,44,44,0],"gold":9,"neow_bonus":"BOSS_RELIC","is_prod":false,"is_daily":false,"chose_seed":false,"campfire_upgraded":0,"win_rate":0,"timestamp":1544574466,"path_taken":["M","M","M","M","M","E","R","E","T","M","M","R","?","M","R","BOSS","M","$","?","$","?","R","M","R","T","M","M","R","E","?","R","BOSS","M","M","?","?","$","R","M","M","T","?","R","M","$","M"],"build_version":"2018-12-06","purchased_purges":4,"victory":false,"max_hp_per_floor":[70,70,70,70,70,70,70,70,70,75,75,75,75,75,75,75,75,75,75,75,75,75,75,75,75,75,75,75,75,82,82,82,82,82,82,82,82,82,82,82,82,82,82,82,82,82,82,82],"card_choices":[{"not_picked":["Acrobatics","Well Laid Plans"],"picked":"Deflect","floor":1.0},{"not_picked":["Concentrate","Calculated Gamble"],"picked":"Deadly Poison","floor":2.0},{"not_picked":["Escape Plan","PiercingWail"],"picked":"Flying Knee","floor":3.0},{"not_picked":["Sucker Punch","Backstab"],"picked":"Riddle With Holes","floor":4.0},{"not_picked":["Well Laid Plans","Flying Knee"],"picked":"Finisher","floor":5.0},{"not_picked":["Blur","Poisoned Stab"],"picked":"Quick Slash","floor":6.0},{"not_picked":["Venomology","Endless Agony"],"picked":"Dodge and Roll","floor":8.0},{"not_picked":["Well Laid Plans","Expertise"],"picked":"Dagger Throw","floor":10.0},{"not_picked":["Quick Slash","Caltrops"],"picked":"Backflip","floor":11.0},{"not_picked":["Bane","Doppelganger"],"picked":"Dagger Spray","floor":14.0},{"not_picked":["Phantasmal Killer","Grand Finale"],"picked":"After Image","floor":16.0},{"not_picked":["Poisoned Stab","Finisher"],"picked":"Blade Dance","floor":18.0},{"not_picked":["Skewer","Sucker Punch+1"],"picked":"Dodge and Roll","floor":24},{"not_picked":["Caltrops+1","Quick Slash"],"picked":"Backflip+1","floor":27},{"not_picked":["Flying Knee","Endless Agony+1"],"picked":"Sucker Punch+1","floor":28},{"not_picked":["Dodge and Roll","Leg Sweep"],"picked":"Glass Knife","floor":30},{"not_picked":["Venomology","Malaise"],"picked":"After Image","floor":33},{"not_picked":["Poisoned Stab+1","Sucker Punch+1"],"picked":"Deadly Poison","floor":35},{"not_picked":["Prepared+1","Slice+1"],"picked":"Envenom","floor":36},{"not_picked":["Slice","Crippling Poison"],"picked":"Noxious Fumes","floor":41},{"not_picked":["Bane","Concentrate+1"],"picked":"Noxious Fumes+1","floor":42},{"not_picked":["PiercingWail","Backflip+1"],"picked":"Footwork+1","floor":46}],"player_experience":1861604,"relics_obtained":[{"floor":6.0,"key":"Pen Nib"},{"floor":8.0,"key":"Unceasing Top"},{"floor":9.0,"key":"Bronze Scales"},{"floor":26,"key":"Paper Crane"},{"floor":30,"key":"Strawberry"},{"floor":43,"key":"Mummified Hand"}],"event_choices":[{"damage_healed":0.0,"max_hp_gain":0.0,"max_hp_loss":0.0,"gold_gain":0.0,"event_name":"Wheel of Change","player_choice":"Cursed","floor":13.0,"gold_loss":0.0,"damage_taken":0.0,"cards_obtained":["Decay"]},{"damage_healed":0,"gold_gain":0,"player_choice":"Stole Relic","damage_taken":0,"relics_obtained":["Smiling Mask"],"max_hp_gain":0,"max_hp_loss":0,"event_name":"Addict","floor":20,"gold_loss":0,"cards_obtained":["Shame"]},{"damage_healed":0,"gold_gain":0,"player_choice":"Ignored","damage_taken":0,"max_hp_gain":0,"max_hp_loss":0,"event_name":"Cursed Tome","floor":22,"gold_loss":0},{"cards_removed":["Defend_G"],"damage_healed":0,"gold_gain":0,"player_choice":"Removed Skill","damage_taken":0,"max_hp_gain":0,"max_hp_loss":0,"event_name":"Falling","floor":37,"gold_loss":0},{"damage_healed":0,"gold_gain":0,"player_choice":"Embrace Madness","damage_taken":10,"max_hp_gain":0,"max_hp_loss":0,"event_name":"Winding Halls","floor":38,"gold_loss":0,"cards_obtained":["Madness","Madness"]},{"damage_healed":0,"gold_gain":0,"player_choice":"Ignored","damage_taken":0,"max_hp_gain":0,"max_hp_loss":0,"event_name":"Mysterious Sphere","floor":44,"gold_loss":0}],"is_beta":false,"boss_relics":[{"not_picked":["WristBlade","Eternal Feather"],"picked":"Philosopher\u0027s Stone"},{"not_picked":["White Beast Statue","Astrolabe"],"picked":"Lizard Tail"}],"items_purged_floors":[19,21,39,47],"is_endless":false,"potions_floor_spawned":[5,6,8,10,16,18,24,27,42,46],"killed_by":"Writhing Mass","ascension_level":0}