{"gold_per_floor":[109,34,47,58,77,112,112,112,142,142,92,92,112,132,132,228,228,238,256,206,218,70,100,117,117,171,171,171],"floor_reached":28,"playtime":1212,"items_purged":["Strike_R","Strike_R"],"score":264,"play_id":"60007d68-b5a2-4aaf-820a-e59c4489e31a","local_time":"20181213105147","is_ascension_mode":true,"campfire_choices":[{"data":"Limit Break","floor":7,"key":"SMITH"},{"data":"Bash","floor":12,"key":"SMITH"},{"data":"Armaments","floor":15,"key":"SMITH"},{"data":"Demon Form","floor":27,"key":"SMITH"}],"neow_cost":"NONE","seed_source_timestamp":1243759196145761,"circlet_count":0,"master_deck":["Strike_R","Strike_R","Strike_R","Defend_R","Defend_R","Defend_R","Bash+1","Limit Break+1","Clothesline","Inflame","Flex","Iron Wave","Demon Form+1","Armaments+1","Shrug It Off+1"],"relics":["Burning Blood","Centennial Puzzle","Singing Bowl","Tiny Chest","Coffee Dripper","Dead Branch","Red Skull"],"potions_floor_usage":[14,16,23,24,24],"damage_taken":[{"damage":6,"enemies":"Cultist","floor":1,"turns":3},{"damage":8,"enemies":"Small Slimes","floor":3,"turns":3},{"damage":7,"enemies":"2 Louse","floor":4,"turns":4},{"damage":14,"enemies":"2 Fungi Beasts","floor":5,"turns":4},{"damage":21,"enemies":"Lagavulin","floor":6,"turns":7},{"damage":17,"enemies":"Large Slime","floor":13,"turns":4},{"damage":0,"enemies":"Gremlin Gang","floor":14,"turns":3},{"damage":34,"enemies":"Hexaghost","floor":16,"turns":7},{"damage":25,"enemies":"2 Thieves","floor":18,"turns":4},{"damage":6,"enemies":"Spheric Guardian","floor":19,"turns":3},{"damage":30,"enemies":"Snecko","floor":21,"turns":5},{"damage":27,"enemies":"Book of Stabbing","floor":23,"turns":6},{"damage":17,"enemies":"Sentry and Sphere","floor":24,"turns":4},{"damage":26,"enemies":"Chosen and Byrds","floor":28,"turns":4}],"seed_played":"4110259204666173606","potions_obtained":[{"floor":3,"key":"SkillPotion"},{"floor":5,"key":"SkillPotion"},{"floor":6,"key":"Weak Potion"},{"floor":16,"key":"GamblersBrew"},{"floor":18,"key":"Strength Potion"},{"floor":23,"key":"PowerPotion"},{"floor":24,"key":"EssenceOfSteel"}],"is_trial":false,"path_per_floor":["M","$","M","M","M","E","R","?","T","?","?","R","M","M","R","B",null,"M","M","?","M","$","E","M","$","T","R","M"],"character_chosen":"IRONCLAD","items_purchased":["Block Potion"],"campfire_rested":0,"item_purchase_floors":[22],"current_hp_per_floor":[80,80,78,77,69,54,54,42,42,68,68,68,57,63,63,37,82,65,67,67,45,45,26,15,15,15,15,0],"gold":171,"neow_bonus":"ONE_RANDOM_RARE_CARD","is_prod":false,"is_daily":false,"chose_seed":false,"campfire_upgraded":4,"win_rate":0,"timestamp":1544665907,"path_taken":["M","$","?","M","M","E","R","?","T","?","?","R","M","M","R","BOSS","M","M","?","M","$","E","?","?","T","R","M"],"build_version":"2018-12-06","purchased_purges":2,"victory":false,"max_hp_per_floor":[80,80,80,80,80,80,80,80,80,80,80,80,80,80,80,82,82,84,86,86,88,88,90,90,90,90,90,90],"card_choices":[{"not_picked":["Shrug It Off","Twin Strike"],"picked":"Clothesline","floor":1},{"not_picked":["Twin Strike","Rage"],"picked":"Inflame","floor":3},{"not_picked":["Armaments","Hemokinesis"],"picked":"Flex","floor":4},{"not_picked":["Shrug It Off","Headbutt"],"picked":"Iron Wave","floor":5},{"not_picked":["Sever Soul","Body Slam","Rage"],"picked":"SKIP","floor":6},{"not_picked":["Ghostly Armor","Combust"],"picked":"Demon Form","floor":13},{"not_picked":["Thunderclap","Rampage"],"picked":"Armaments","floor":14},{"not_picked":["Immolate","Bludgeon","Dark Embrace"],"picked":"Singing Bowl","floor":16},{"not_picked":["Perfected Strike","Pommel Strike","Body Slam"],"picked":"Singing Bowl","floor":18},{"not_picked":["Ghostly Armor","Dual Wield","Intimidate"],"picked":"Singing Bowl","floor":19},{"not_picked":["Twin Strike+1","Wild Strike","Blood for Blood+1"],"picked":"Singing Bowl","floor":21},{"not_picked":["Iron Wave","Blood for Blood+1","Cleave"],"picked":"Singing Bowl","floor":23},{"not_picked":["Warcry","Searing Blow"],"picked":"Shrug It Off+1","floor":24}],"player_experience":178569,"relics_obtained":[{"floor":6,"key":"Centennial Puzzle"},{"floor":9,"key":"Tiny Chest"},{"floor":23,"key":"Dead Branch"},{"floor":26,"key":"Red Skull"}],"event_choices":[{"damage_healed":0,"gold_gain":0,"player_choice":"Success","damage_taken":12,"relics_obtained":["Singing Bowl"],"max_hp_gain":0,"max_hp_loss":0,"event_name":"Scrap Ooze","floor":8,"gold_loss":0},{"damage_healed":26,"gold_gain":0,"player_choice":"Banana","damage_taken":0,"max_hp_gain":0,"max_hp_loss":0,"event_name":"Big Fish","floor":10,"gold_loss":0},{"cards_removed":["Defend_R"],"damage_healed":0,"gold_gain":0,"player_choice":"Card Removal","damage_taken":0,"max_hp_gain":0,"max_hp_loss":0,"event_name":"The Cleric","floor":11,"gold_loss":50},{"damage_healed":0,"gold_gain":0,"player_choice":"Bet on Owner","damage_taken":0,"max_hp_gain":0,"max_hp_loss":0,"event_name":"The Joust","floor":20,"gold_loss":50}],"is_beta":false,"boss_relics":[{"not_picked":["White Beast Statue","Philosopher\u0027s Stone"],"picked":"Coffee Dripper"}],"items_purged_floors":[2,22],"is_endless":false,"potions_floor_spawned":[3,5,6,16,18,23,24],"killed_by":"Chosen and Byrds","ascension_level":2}