{"gold_per_floor":[110,125,125,140,13,13,24,24,48,68,68,81,181,28,28,127,127,144,144,5,0,15,49,49,49,72,85,85,185,201,235,235,330,330,342,135,135,148,161,161,181,181,206,206,221,221,221,239,239,239],"floor_reached":50,"playtime":3263,"items_purged":["Regret","Strike_B"],"score":732,"play_id":"0dfc034d-a297-4d8b-8d21-9004dcc51595","local_time":"20180716140823","is_ascension_mode":true,"campfire_choices":[{"data":"Zap","floor":6.0,"key":"SMITH"},{"data":"Coolheaded","floor":8.0,"key":"SMITH"},{"data":"Loop","floor":11.0,"key":"SMITH"},{"data":"Consume","floor":15.0,"key":"SMITH"},{"floor":24.0,"key":"REST"},{"data":"Leap","floor":28.0,"key":"SMITH"},{"floor":32.0,"key":"REST"},{"floor":40.0,"key":"REST"},{"floor":46,"key":"REST"},{"floor":49,"key":"REST"}],"neow_cost":"NONE","seed_source_timestamp":474568408912038,"circlet_count":0,"master_deck":["Strike_B","Defend_B","Defend_B","Defend_B","Defend_B","Zap+1","Dualcast","AscendersBane","Coolheaded+1","Consume+1","Leap+1","Loop+1","Storm","Blizzard","Echo Form","Defragment+1","Storm","Cold Snap","Streamline+1","Echo Form","Leap","Leap","Rainbow","Streamline","Mayhem","Amplify","Conserve Battery","Echo Form","White Noise+1","Glacier"],"special_seed":0,"relics":["Cracked Core","Bag of Marbles","Oddly Smooth Stone","Bag of Preparation","Anchor","Snecko Eye","Orichalcum","Boot","Cables","Runic Dome","Blood Vial"],"potions_floor_usage":[50],"damage_taken":[{"damage":4.0,"enemies":"Small Slimes","floor":1.0,"turns":3.0},{"damage":3.0,"enemies":"Jaw Worm","floor":2.0,"turns":4.0},{"damage":3.0,"enemies":"Cultist","floor":4.0,"turns":3.0},{"damage":1.0,"enemies":"3 Louse","floor":7.0,"turns":3.0},{"damage":0.0,"enemies":"Red Slaver","floor":10.0,"turns":3.0},{"damage":17.0,"enemies":"Gremlin Gang","floor":12.0,"turns":6.0},{"damage":36.0,"enemies":"The Guardian","floor":16.0,"turns":13.0},{"damage":0.0,"enemies":"Chosen","floor":18.0,"turns":4.0},{"damage":22.0,"enemies":"2 Thieves","floor":21.0,"turns":5.0},{"damage":7.0,"enemies":"Snake Plant","floor":22.0,"turns":6.0},{"damage":18.0,"enemies":"Book of Stabbing","floor":23.0,"turns":6.0},{"damage":0.0,"enemies":"Sentry and Sphere","floor":27.0,"turns":3.0},{"damage":3.0,"enemies":"Centurion and Healer","floor":30.0,"turns":5.0},{"damage":38.0,"enemies":"Slavers","floor":31.0,"turns":6.0},{"damage":31.0,"enemies":"Collector","floor":33.0,"turns":14.0},{"damage":9.0,"enemies":"3 Shapes","floor":35.0,"turns":5.0},{"damage":16.0,"enemies":"Flame Bruiser 1 Orb","floor":38.0,"turns":3.0},{"damage":21.0,"enemies":"Maw","floor":39.0,"turns":5.0},{"damage":24,"enemies":"Spire Growth","floor":41,"turns":4},{"damage":0,"enemies":"Transient","floor":45,"turns":5},{"damage":19,"enemies":"Maw","floor":48,"turns":5},{"damage":46,"enemies":"Awakened One","floor":50,"turns":3}],"seed_played":"2582921158578284459","potions_obtained":[{"floor":2.0,"key":"SkillPotion"},{"floor":4.0,"key":"Block Potion"},{"floor":16.0,"key":"Explosive Potion"},{"floor":22.0,"key":"Fire Potion"},{"floor":27.0,"key":"PowerPotion"},{"floor":31.0,"key":"Explosive Potion"},{"floor":33.0,"key":"SpeedPotion"},{"floor":38.0,"key":"SpeedPotion"},{"floor":39.0,"key":"Fire Potion"}],"is_trial":false,"path_per_floor":["M","M","?","M","$","R","M","R","T","M","R","M","?","$","R","B",null,"M","?","$","M","M","E","R","?","T","M","R","?","M","E","R","B",null,"M","$","?","M","M","R","M","$","T","?","M","R","?","M","R"],"character_chosen":"DEFECT","items_purchased":["Leap","Anchor","Storm","Mayhem"],"campfire_rested":5,"item_purchase_floors":[5,14,20,36],"current_hp_per_floor":[64,61,61,58,58,58,57,57,57,57,57,40,40,40,40,4,57,57,57,57,35,28,10,32,57,57,57,57,57,54,16,38,7,58,49,49,49,33,12,34,10,10,10,10,12,34,34,17,39,0],"gold":239,"neow_bonus":"RANDOM_COMMON_RELIC","is_prod":false,"is_daily":false,"chose_seed":false,"campfire_upgraded":5,"win_rate":0,"timestamp":1531742903,"path_taken":["M","M","?","M","$","R","M","R","T","M","R","M","?","?","R","BOSS","M","?","$","M","M","E","R","?","T","M","R","?","?","E","R","BOSS","M","$","?","?","M","R","M","$","T","?","M","R","?","M","R","BOSS"],"build_version":"2018-07-13","purchased_purges":2,"victory":false,"max_hp_per_floor":[75,75,75,75,75,75,75,75,75,75,75,75,75,75,75,75,75,75,75,75,75,75,75,75,75,75,75,75,75,75,75,75,75,75,75,75,75,75,75,75,75,75,75,75,75,75,75,75,75,75],"card_choices":[{"not_picked":["Beam Cell","Melter","Static Discharge"],"picked":"SKIP","floor":1.0},{"not_picked":["Reprogram","Rip and Tear"],"picked":"Coolheaded","floor":2.0},{"not_picked":["Cold Snap","Stack"],"picked":"Consume","floor":4.0},{"not_picked":["Beam Cell","Skim"],"picked":"Loop","floor":7.0},{"not_picked":["Rebound","Streamline"],"picked":"Storm","floor":10.0},{"not_picked":["Melter","Hyperbeam"],"picked":"Blizzard","floor":12.0},{"not_picked":["Meteor Strike","Amplify"],"picked":"Echo Form","floor":16.0},{"not_picked":["Gash+1","Consume+1"],"picked":"Defragment+1","floor":18.0},{"not_picked":["Static Discharge","Gash"],"picked":"Cold Snap","floor":21.0},{"not_picked":["Coolheaded","Beam Cell"],"picked":"Streamline+1","floor":22.0},{"not_picked":["Sweeping Beam","Reinforced Body"],"picked":"Echo Form","floor":23.0},{"not_picked":["Ball Lightning","Double Energy"],"picked":"Leap","floor":27.0},{"not_picked":["Hologram","Steam","Compile Driver"],"picked":"SKIP","floor":30.0},{"not_picked":["Auto Shields","Biased Cognition"],"picked":"Leap","floor":31.0},{"not_picked":["Amplify","Seek"],"picked":"Rainbow","floor":33.0},{"not_picked":["Compile Driver+1","Ball Lightning+1"],"picked":"Streamline","floor":35.0},{"not_picked":["Steam","Go for the Eyes"],"picked":"Amplify","floor":38.0},{"not_picked":["Stack+1","Redo+1","Lockon+1"],"picked":"SKIP","floor":39.0},{"not_picked":["Melter+1","Compile Driver"],"picked":"Conserve Battery","floor":41},{"not_picked":["Conserve Battery+1","Beam Cell+1"],"picked":"White Noise+1","floor":45},{"not_picked":["Beam Cell","Self Repair+1"],"picked":"Glacier","floor":48}],"player_experience":326161,"relics_obtained":[{"floor":9.0,"key":"Bag of Preparation"},{"floor":23.0,"key":"Orichalcum"},{"floor":26.0,"key":"Boot"},{"floor":31.0,"key":"Cables"},{"floor":43,"key":"Blood Vial"}],"event_choices":[{"event_name":"Big Fish","player_choice":"Box","floor":3.0,"damage_taken":0.0},{"event_name":"Golden Shrine","player_choice":"Pray","floor":13.0,"damage_taken":0.0},{"event_name":"Purifier","player_choice":"One Purge","floor":19.0,"damage_taken":0.0},{"event_name":"The Library","player_choice":"Heal","floor":25.0,"damage_taken":0.0},{"event_name":"Golden Shrine","player_choice":"Pray","floor":29.0,"damage_taken":0.0},{"event_name":"Tomb of Lord Red Mask","player_choice":"Ignored","floor":37.0,"damage_taken":0.0},{"event_name":"Duplicator","player_choice":"One dupe","floor":44,"damage_taken":0},{"event_name":"Falling","player_choice":"Removed Attack","floor":47,"damage_taken":0}],"boss_relics":[{"not_picked":["Fusion Hammer","Empty Cage"],"picked":"Snecko Eye"},{"not_picked":["Coffee Dripper","Orrery"],"picked":"Runic Dome"}],"items_purged_floors":[5,20],"is_endless":false,"potions_floor_spawned":[2,4,16,22,27,31,33,38,39,41],"killed_by":"Awakened One","ascension_level":11}