{"path_per_floor":["M","$","M","$","M","E","M","R","T","M","R","E","R","M","R"],"character_chosen":"THE_SILENT","items_purchased":["Steam"],"gold_per_floor":[112,64,74,74,92,120,136,136,136,148,148,180,180,190,190,190],"floor_reached":16,"campfire_rested":0,"playtime":616,"item_purchase_floors":[2],"current_hp_per_floor":[70,70,70,70,70,59,59,59,59,59,59,54,54,54,54,0],"items_purged":[],"gold":190,"score":112,"play_id":"69fdea54-d4b0-44b8-94be-d8b53e4f978f","local_time":"20180618212342","daily_mods":["Diverse","Time Dilation","Lethality"],"is_prod":false,"is_daily":false,"chose_seed":true,"is_ascension_mode":false,"campfire_upgraded":4,"win_rate":0,"timestamp":1529349822,"campfire_choices":[{"data":"Crippling Poison","floor":8,"key":"SMITH"},{"data":"Sucker Punch","floor":11,"key":"SMITH"},{"data":"Neutralize","floor":13,"key":"SMITH"},{"data":"Cleave","floor":15,"key":"SMITH"}],"path_taken":["M","$","M","?","?","E","M","R","T","M","R","E","R","M","R","BOSS"],"build_version":"2018-06-14v2","seed_source_timestamp":3530337676419671,"purchased_purges":0,"victory":false,"master_deck":["Defend_G","Defend_G","Defend_G","Defend_G","Defend_G","Strike_G","Strike_G","Strike_G","Strike_G","Strike_G","Survivor","Neutralize+1","Sucker Punch+1","Steam","BootSequence","Deflect","Crippling Poison+1","Heel Hook","Cleave+1","Darkness"],"max_hp_per_floor":[70,70,70,70,70,70,70,70,70,70,70,70,70,70,70,70],"special_seed":29952015251857,"relics":["Ring of the Snake","Bottled Lightning","Thread and Needle","Peace Pipe"],"card_choices":[{"not_picked":["Rip and Tear","Acrobatics"],"picked":"Sucker Punch","floor":1},{"not_picked":["Coolheaded","Expertise"],"picked":"BootSequence","floor":3},{"not_picked":["Clothesline","PiercingWail"],"picked":"Deflect","floor":5},{"not_picked":["Searing Blow","Berserk"],"picked":"Crippling Poison","floor":6},{"not_picked":["Acrobatics","Doom and Gloom"],"picked":"Heel Hook","floor":7},{"not_picked":["PiercingWail","Dodge and Roll"],"picked":"Cleave","floor":10},{"not_picked":["Quick Slash","Scrape","Double Energy"],"picked":"SKIP","floor":12},{"not_picked":["Deadly Poison","Havoc"],"picked":"Darkness","floor":14}],"player_experience":880218,"potions_floor_usage":[16],"damage_taken":[{"damage":0,"enemies":"Cultist","floor":1,"turns":2},{"damage":0,"enemies":"Small Slimes","floor":3,"turns":3},{"damage":0,"enemies":"Jaw Worm","floor":5,"turns":3},{"damage":11,"enemies":"3 Sentries","floor":6,"turns":8},{"damage":0,"enemies":"Exordium Wildlife","floor":7,"turns":4},{"damage":0,"enemies":"2 Fungi Beasts","floor":10,"turns":2},{"damage":5,"enemies":"Gremlin Nob","floor":12,"turns":4},{"damage":0,"enemies":"Looter","floor":14,"turns":2},{"damage":55,"enemies":"The Guardian","floor":16,"turns":10}],"relics_obtained":[{"floor":6,"key":"Bottled Lightning"},{"floor":9,"key":"Thread and Needle"},{"floor":12,"key":"Peace Pipe"}],"event_choices":[],"boss_relics":[],"items_purged_floors":[],"is_endless":false,"potions_floor_spawned":[1,14],"seed_played":"1056596749765599077","killed_by":"The Guardian","ascension_level":0,"potions_obtained":[{"floor":1,"key":"EssenceOfSteel"},{"floor":14,"key":"Ancient Potion"}],"is_trial":true}