{"gold_per_floor":[117,131,12,22,22,22,38,38,38,38,38,38,38,38,38,38],"floor_reached":16,"playtime":825,"items_purged":["Pain"],"score":196,"play_id":"234acdea-9512-47ad-a6a2-176b89de3a40","local_time":"20190208144646","is_ascension_mode":true,"campfire_choices":[{"data":"Defragment","floor":6,"key":"SMITH"},{"floor":8,"key":"REST"},{"floor":12,"key":"REST"},{"data":"Zap","floor":13,"key":"SMITH"},{"data":"Rip and Tear","floor":15,"key":"SMITH"}],"neow_cost":"NONE","seed_source_timestamp":433738947252861,"circlet_count":0,"master_deck":["AscendersBane","Strike_B","Strike_B","Strike_B","Defend_B","Defend_B","Defend_B","Defend_B","Zap+1","Dualcast","Normality","Doubt","Reinforced Body","Conserve Battery","Defragment+1","Conserve Battery","BootSequence","Rip and Tear+1"],"relics":["Calling Bell","Anchor","Symbiotic Virus","WingedGreaves","Toxic Egg 2"],"potions_floor_usage":[4,10],"damage_taken":[{"damage":4,"enemies":"2 Louse","floor":1,"turns":3},{"damage":3,"enemies":"Small Slimes","floor":2,"turns":3},{"damage":7,"enemies":"Jaw Worm","floor":4,"turns":3},{"damage":17,"enemies":"Exordium Thugs","floor":7,"turns":5},{"damage":46,"enemies":"3 Sentries","floor":10,"turns":9},{"damage":53,"enemies":"Hexaghost","floor":16,"turns":9}],"seed_played":"5931487361377325486","potions_obtained":[{"floor":1,"key":"Poison Potion"},{"floor":2,"key":"Ancient Potion"},{"floor":7,"key":"SmokeBomb"}],"is_trial":false,"path_per_floor":["M","M","$","M","$","R","M","R","T","E","?","R","R","?","R","B"],"character_chosen":"DEFECT","items_purchased":["Defragment"],"campfire_rested":2,"item_purchase_floors":[3],"current_hp_per_floor":[60,57,57,50,50,50,33,54,54,8,31,52,52,52,52,0],"gold":38,"neow_bonus":"BOSS_RELIC","is_prod":false,"is_daily":false,"chose_seed":false,"campfire_upgraded":3,"win_rate":0,"timestamp":1549655206,"path_taken":["M","M","$","M","$","R","M","R","T","E","?","R","R","?","R","BOSS"],"build_version":"2019-01-23","purchased_purges":1,"victory":false,"max_hp_per_floor":[71,71,71,71,71,71,71,71,71,71,71,71,71,71,71,71],"card_choices":[{"not_picked":["Rebound","Streamline"],"picked":"Reinforced Body","floor":1},{"not_picked":["Hello World","Stack"],"picked":"Conserve Battery","floor":2},{"not_picked":["Hologram","Compile Driver"],"picked":"Conserve Battery","floor":4},{"not_picked":["Go for the Eyes","Reprogram"],"picked":"BootSequence","floor":7}],"player_experience":2356676,"relics_obtained":[{"floor":0,"key":"Anchor"},{"floor":0,"key":"Symbiotic Virus"},{"floor":0,"key":"WingedGreaves"},{"floor":9,"key":"Toxic Egg 2"}],"event_choices":[{"damage_healed":23,"gold_gain":0,"player_choice":"Banana","damage_taken":0,"max_hp_gain":0,"max_hp_loss":0,"event_name":"Big Fish","floor":11,"gold_loss":0},{"damage_healed":0,"gold_gain":0,"cards_transformed":["Strike_B"],"player_choice":"Change","damage_taken":0,"max_hp_gain":0,"max_hp_loss":0,"event_name":"Living Wall","floor":14,"gold_loss":0,"cards_obtained":["Rip and Tear"]}],"is_beta":false,"boss_relics":[],"items_purged_floors":[3],"is_endless":false,"potions_floor_spawned":[1,2,7],"killed_by":"Hexaghost","ascension_level":20}