{"gold_per_floor":[360,360,234,234,234,234,248,148,202,202,216,216,100,120,120,245,245,264,189,202,226,245,285,305,305,386,425,425,425,445,445,445,576,639,659,704,717,741,764,803,470,470,520,853,853,871,871,292,292,292],"floor_reached":50,"playtime":2395,"items_purged":["Strike_B","Strike_B","Parasite","Strike_B"],"score":575,"play_id":"78981de8-58cf-464b-aa66-f2ef781371ca","local_time":"20181212213703","is_ascension_mode":false,"campfire_choices":[{"data":"Zap","floor":6,"key":"SMITH"},{"data":"Doom and Gloom","floor":10,"key":"SMITH"},{"data":"Dualcast","floor":12,"key":"SMITH"},{"data":"Go for the Eyes","floor":15,"key":"SMITH"},{"floor":25,"key":"REST"},{"data":"Dark Shackles","floor":28,"key":"SMITH"},{"floor":32,"key":"REST"},{"data":"Echo Form","floor":42,"key":"SMITH"},{"data":"Capacitor","floor":49,"key":"SMITH"}],"neow_cost":"CURSE","seed_source_timestamp":1194889967110579,"circlet_count":0,"master_deck":["Strike_B+1","Defend_B","Defend_B","Zap+1","Dualcast+1","Streamline","Doom and Gloom+1","Dark Shackles+1","Go for the Eyes+1","Cold Snap","Echo Form+1","Glacier+1","Ball Lightning","Go for the Eyes+1","Electrodynamics","Capacitor+1"],"relics":["Cracked Core","Tiny Chest","Busted Crown","FossilizedHelix","Kunai","Enchiridion","Tiny House","Bag of Marbles","Emotion Chip","Runic Capacitor","DataDisk","Oddly Smooth Stone","Toy Ornithopter"],"potions_floor_usage":[23,24,33,37,40,40,50],"damage_taken":[{"damage":1,"enemies":"2 Louse","floor":1,"turns":2},{"damage":0,"enemies":"Small Slimes","floor":7,"turns":2},{"damage":3,"enemies":"Jaw Worm","floor":11,"turns":3},{"damage":0,"enemies":"Looter","floor":14,"turns":2},{"damage":2,"enemies":"Hexaghost","floor":16,"turns":7},{"damage":3,"enemies":"3 Byrds","floor":18,"turns":4},{"damage":17,"enemies":"2 Thieves","floor":20,"turns":4},{"damage":3,"enemies":"Centurion and Healer","floor":21,"turns":6},{"damage":9,"enemies":"Snake Plant","floor":22,"turns":4},{"damage":33,"enemies":"Gremlin Leader","floor":23,"turns":5},{"damage":0,"enemies":"3 Cultists","floor":24,"turns":4},{"damage":3,"enemies":"Book of Stabbing","floor":27,"turns":5},{"damage":0,"enemies":"Snecko","floor":30,"turns":3},{"damage":0,"enemies":"Collector","floor":33,"turns":9},{"damage":0,"enemies":"Orb Walker","floor":35,"turns":4},{"damage":0,"enemies":"3 Darklings","floor":37,"turns":4},{"damage":0,"enemies":"4 Shapes","floor":38,"turns":3},{"damage":10,"enemies":"Writhing Mass","floor":39,"turns":6},{"damage":39,"enemies":"Giant Head","floor":40,"turns":11},{"damage":1,"enemies":"Spire Growth","floor":46,"turns":4},{"damage":36,"enemies":"Donu and Deca","floor":50,"turns":6}],"seed_played":"4938047458053829878","potions_obtained":[{"floor":11,"key":"FocusPotion"},{"floor":14,"key":"Strength Potion"},{"floor":16,"key":"LiquidBronze"},{"floor":18,"key":"Energy Potion"},{"floor":21,"key":"PowerPotion"},{"floor":24,"key":"Explosive Potion"},{"floor":30,"key":"Weak Potion"},{"floor":34,"key":"Fire Potion"},{"floor":37,"key":"EssenceOfSteel"},{"floor":38,"key":"Fire Potion"}],"is_trial":false,"path_per_floor":["M","?","$","?","?","R","M","$","T","R","M","R","$","M","R","B",null,"M","?","M","M","M","E","M","R","T","E","R","?","M","?","R","B",null,"M","T","M","M","M","E","$","R","T","?","?","M","?","$","R","B"],"character_chosen":"DEFECT","items_purchased":["Streamline","Dark Shackles","Go for the Eyes","Runic Capacitor","Oddly Smooth Stone","Toy Ornithopter","Capacitor"],"campfire_rested":2,"item_purchase_floors":[3,13,13,41,48,48,48],"current_hp_per_floor":[74,74,74,67,49,49,49,49,49,49,46,46,46,46,46,44,75,72,72,55,52,43,10,10,32,32,29,29,13,13,13,35,35,80,80,80,80,80,70,31,31,31,31,31,31,30,30,30,30,0],"gold":292,"neow_bonus":"TWO_FIFTY_GOLD","is_prod":false,"is_daily":false,"chose_seed":false,"campfire_upgraded":7,"win_rate":0,"timestamp":1544618223,"path_taken":["M","?","$","?","?","R","M","?","T","R","M","R","$","M","R","BOSS","M","?","M","M","M","E","M","R","T","E","R","?","M","?","R","BOSS","M","?","M","M","?","E","$","R","T","?","?","M","?","$","R","BOSS"],"build_version":"2018-12-06","purchased_purges":4,"victory":false,"max_hp_per_floor":[75,75,75,75,75,75,75,75,75,75,75,75,75,75,75,75,75,75,75,75,75,75,75,75,75,75,75,75,75,75,75,75,75,80,80,80,80,80,80,80,77,77,77,77,73,73,73,73,73,73],"card_choices":[{"not_picked":["Stack","Skim","Compile Driver"],"picked":"SKIP","floor":1},{"not_picked":["Coolheaded","Gash"],"picked":"Doom and Gloom","floor":7},{"not_picked":["Steam","Rebound","Barrage"],"picked":"SKIP","floor":11},{"not_picked":["Buffer","Steam Power"],"picked":"Cold Snap","floor":14},{"not_picked":["Rainbow","Reboot"],"picked":"Echo Form","floor":16},{"not_picked":[],"picked":"Glacier+1","floor":18},{"not_picked":["Sunder"],"picked":"SKIP","floor":20},{"not_picked":["Steam"],"picked":"SKIP","floor":21},{"not_picked":[],"picked":"Ball Lightning","floor":22},{"not_picked":["Scrape"],"picked":"SKIP","floor":23},{"not_picked":["Glacier"],"picked":"SKIP","floor":24},{"not_picked":["Chill"],"picked":"SKIP","floor":27},{"not_picked":["Coolheaded"],"picked":"SKIP","floor":30},{"not_picked":["Glacier+1"],"picked":"SKIP","floor":35},{"not_picked":["Chaos"],"picked":"SKIP","floor":37},{"not_picked":["Rebound+1"],"picked":"SKIP","floor":38},{"not_picked":["Stack"],"picked":"SKIP","floor":39},{"not_picked":[],"picked":"Electrodynamics","floor":40},{"not_picked":["Hello World+1"],"picked":"SKIP","floor":46}],"player_experience":164828,"relics_obtained":[{"floor":9,"key":"Tiny Chest"},{"floor":23,"key":"FossilizedHelix"},{"floor":27,"key":"Kunai"},{"floor":29,"key":"Enchiridion"},{"floor":36,"key":"Bag of Marbles"},{"floor":40,"key":"Emotion Chip"},{"floor":43,"key":"DataDisk"}],"event_choices":[{"cards_removed":["Normality"],"damage_healed":0,"gold_gain":0,"player_choice":"Forget","damage_taken":0,"max_hp_gain":0,"max_hp_loss":0,"event_name":"Living Wall","floor":2,"gold_loss":0},{"cards_removed":["Defend_B"],"damage_healed":0,"gold_gain":0,"player_choice":"Card Removal","damage_taken":7,"max_hp_gain":0,"max_hp_loss":0,"event_name":"Golden Wing","floor":4,"gold_loss":0},{"damage_healed":0,"gold_gain":0,"player_choice":"Take Damage","damage_taken":18,"relics_obtained":["Golden Idol"],"max_hp_gain":0,"max_hp_loss":0,"event_name":"Golden Idol","floor":5,"gold_loss":0},{"cards_removed":["Defend_B"],"damage_healed":0,"gold_gain":0,"player_choice":"Gave Gold","damage_taken":0,"max_hp_gain":0,"max_hp_loss":0,"event_name":"Beggar","floor":19,"gold_loss":75},{"damage_healed":0,"gold_gain":0,"player_choice":"Obtained Book","damage_taken":16,"max_hp_gain":0,"max_hp_loss":0,"event_name":"Cursed Tome","floor":29,"gold_loss":0},{"damage_healed":0,"gold_gain":0,"player_choice":"Copied","damage_taken":0,"max_hp_gain":0,"max_hp_loss":0,"event_name":"Duplicator","floor":31,"gold_loss":0,"cards_obtained":["Go for the Eyes"]},{"damage_healed":0,"gold_gain":333,"player_choice":"Gave Idol","damage_taken":0,"max_hp_gain":0,"max_hp_loss":0,"event_name":"The Moai Head","floor":44,"relics_lost":["Golden Idol"],"gold_loss":0},{"damage_healed":0,"gold_gain":0,"player_choice":"Max HP","damage_taken":0,"max_hp_gain":0,"max_hp_loss":4,"event_name":"Winding Halls","floor":45,"gold_loss":0},{"damage_healed":0,"gold_gain":0,"player_choice":"Ignored","damage_taken":0,"max_hp_gain":0,"max_hp_loss":0,"event_name":"Tomb of Lord Red Mask","floor":47,"gold_loss":0}],"is_beta":false,"boss_relics":[{"not_picked":["Black Star","Cursed Key"],"picked":"Busted Crown"},{"not_picked":["Snecko Eye","FrozenCore"],"picked":"Tiny House"}],"items_purged_floors":[3,8,41,48],"is_endless":false,"potions_floor_spawned":[11,14,16,18,21,24,30,37,38],"killed_by":"Donu and Deca","ascension_level":0}