{"gold_per_floor":[117,117,117,129,182,182,216,228,255,4,4,31,47,61,61,61],"floor_reached":16,"playtime":1045,"items_purged":[],"score":171,"play_id":"1004833e-6ff5-4c20-9cfa-bdfbbd5ae03e","local_time":"20180807143240","is_ascension_mode":true,"campfire_choices":[{"data":"Neutralize","floor":6,"key":"SMITH"},{"data":"Infinite Blades","floor":11,"key":"SMITH"},{"data":"Footwork","floor":15,"key":"SMITH"}],"neow_cost":"TEN_PERCENT_HP_LOSS","seed_source_timestamp":994348613585162,"circlet_count":0,"master_deck":["Defend_G","Defend_G","Defend_G","Defend_G","Defend_G","Strike_G","Strike_G","Strike_G","Strike_G","Survivor","Neutralize+1","AscendersBane","Underhanded Strike","Tactician","Dagger Throw","Infinite Blades+1","Reflex","Flying Knee","Backflip","Cloak And Dagger","Infinite Blades","Quick Slash","Footwork+1","Prepared","Prepared"],"relics":["Ring of the Snake","Torii","Boot","Blood Vial","Bag of Preparation"],"potions_floor_usage":[7,7,16],"damage_taken":[{"damage":1,"enemies":"Small Slimes","floor":1,"turns":8},{"damage":7,"enemies":"Jaw Worm","floor":4,"turns":5},{"damage":17,"enemies":"Gremlin Nob","floor":7,"turns":5},{"damage":1,"enemies":"Cultist","floor":8,"turns":3},{"damage":10,"enemies":"Lagavulin","floor":12,"turns":6},{"damage":9,"enemies":"Exordium Thugs","floor":13,"turns":5},{"damage":8,"enemies":"2 Fungi Beasts","floor":14,"turns":4},{"damage":24,"enemies":"The Guardian","floor":16,"turns":14}],"seed_played":"1458768409383107660","potions_obtained":[{"floor":1,"key":"LiquidBronze"},{"floor":3,"key":"SneckoOil"},{"floor":3,"key":"EssenceOfSteel"},{"floor":4,"key":"Fruit Juice"},{"floor":13,"key":"FearPotion"}],"is_trial":false,"path_per_floor":["M","?","?","M","?","R","E","M","T","$","R","E","M","M","R"],"character_chosen":"THE_SILENT","items_purchased":["Flying Knee","Backflip","Cloak And Dagger","Infinite Blades","Quick Slash"],"campfire_rested":0,"item_purchase_floors":[10,10,10,10,10],"current_hp_per_floor":[62,62,62,55,55,55,43,42,42,42,42,34,27,21,21,0],"gold":61,"neow_bonus":"ONE_RARE_RELIC","is_prod":false,"is_daily":false,"chose_seed":false,"campfire_upgraded":3,"win_rate":0,"timestamp":1533670360,"path_taken":["M","?","?","M","?","R","E","M","T","$","R","E","?","M","R","BOSS"],"build_version":"2018-08-06","purchased_purges":0,"victory":false,"max_hp_per_floor":[63,63,63,63,63,63,68,68,68,68,68,68,68,68,68,68],"card_choices":[{"not_picked":["Escape Plan","Catalyst"],"picked":"Underhanded Strike","floor":1},{"not_picked":["Dodge and Roll","Prepared"],"picked":"Dagger Throw","floor":4},{"not_picked":["Slice","Catalyst"],"picked":"Infinite Blades","floor":7},{"not_picked":["Catalyst","Accuracy"],"picked":"Reflex","floor":8},{"not_picked":["Deflect","Skewer"],"picked":"Footwork","floor":12},{"not_picked":["Distraction","PiercingWail"],"picked":"Prepared","floor":13},{"not_picked":["Cloak And Dagger","Masterful Stab"],"picked":"Prepared","floor":14}],"player_experience":357550,"relics_obtained":[{"floor":7,"key":"Boot"},{"floor":9,"key":"Blood Vial"},{"floor":12,"key":"Bag of Preparation"}],"event_choices":[{"event_name":"Living Wall","player_choice":"Change","floor":2,"damage_taken":0},{"event_name":"The Lab","player_choice":"Got Potions","floor":3,"damage_taken":0},{"event_name":"Golden Wing","player_choice":"Gained Gold","floor":5,"damage_taken":0}],"is_beta":true,"boss_relics":[],"items_purged_floors":[],"is_endless":false,"potions_floor_spawned":[1,4,13],"killed_by":"The Guardian","ascension_level":11}