{"path_per_floor":["M","M","M","$","M","R","M","R","T","?","M","R","M","M","R","B",null,"M","$","?","$","M","R","M","R","T","R","M","M","M","M","R","B",null,"M","$","M","M","?","R"],"character_chosen":"THE_SILENT","items_purchased":["Jack Of All Trades","Dagger Spray","Infinite Blades","All Out Attack","Outmaneuver","Explosive Potion"],"gold_per_floor":[115,134,149,23,37,37,51,51,51,2,22,22,42,56,56,153,153,168,168,203,0,19,19,30,30,30,30,47,61,77,88,88,193,193,207,132,150,168,390,390,390],"floor_reached":41,"campfire_rested":6,"playtime":4068,"current_hp_per_floor":[66,60,59,59,48,69,69,69,69,69,69,69,57,50,50,28,70,49,49,16,16,16,37,17,38,48,72,45,45,38,38,62,22,80,56,56,41,1,1,25,0],"items_purged":["Pain"],"gold":390,"score":441,"play_id":"36012eab-67f4-4c59-96a9-ad915e77fa49","local_time":"20180523014910","is_prod":false,"is_daily":false,"chose_seed":false,"is_ascension_mode":false,"campfire_upgraded":3,"timestamp":1527054550,"campfire_choices":[{"floor":6,"key":"REST"},{"data":"Bouncing Flask","floor":8,"key":"SMITH"},{"data":"Poisoned Stab","floor":12,"key":"SMITH"},{"data":"Jack Of All Trades","floor":15,"key":"SMITH"},{"floor":23,"key":"REST"},{"floor":25,"key":"REST"},{"floor":27,"key":"REST"},{"floor":32,"key":"REST"},{"floor":40,"key":"REST"}],"path_taken":["M","M","M","$","M","R","M","R","T","?","M","R","?","M","R","BOSS","M","$","?","$","M","R","M","R","T","R","M","M","?","M","R","BOSS","M","$","M","M","?","R","M"],"build_version":"2018-05-17","seed_source_timestamp":163381429451591,"purchased_purges":1,"victory":false,"master_deck":["Defend_G","Defend_G","Defend_G","Defend_G","Defend_G","Strike_G","Strike_G","Strike_G","Survivor","Neutralize","Poisoned Stab+1","Bouncing Flask+1","Heel Hook","Leg Sweep","Jack Of All Trades+1","Dagger Spray","Prepared","Footwork","After Image","Deadly Poison","Dagger Spray","Wraith Form v2","Acrobatics+1","Quick Slash+1","Infinite Blades","All Out Attack","Outmaneuver","Backflip+1","Flying Knee+1","Catalyst+1","Poisoned Stab+1","Quick Slash+1","Noxious Fumes","Envenom","Eviscerate+1","Sucker Punch+1","Endless Agony+1","Crippling Poison","Finisher"],"max_hp_per_floor":[70,70,70,70,70,70,70,70,70,70,70,70,70,70,70,70,70,70,70,70,70,70,70,70,70,80,80,80,80,80,80,80,80,80,80,80,80,80,80,80,80],"relics":["Ring of the Snake","Ginger","Cursed Key","Red Mask","Pear","Astrolabe"],"card_choices":[{"not_picked":["Sucker Punch","Underhanded Strike"],"picked":"Poisoned Stab","floor":0},{"not_picked":["Leg Sweep","Flying Knee"],"picked":"Bouncing Flask","floor":1},{"not_picked":["Escape Plan","Dagger Throw"],"picked":"Heel Hook","floor":2},{"not_picked":["Dagger Throw","Sucker Punch"],"picked":"Leg Sweep","floor":3},{"not_picked":["Flying Knee","Flechettes"],"picked":"Prepared","floor":5},{"not_picked":["PiercingWail","Flechettes"],"picked":"Footwork","floor":7},{"not_picked":["PiercingWail","Backflip"],"picked":"After Image","floor":11},{"not_picked":["Bane","Deflect"],"picked":"Deadly Poison","floor":13},{"not_picked":["Blade Dance","PiercingWail"],"picked":"Dagger Spray","floor":14},{"not_picked":["Venomology","Bullet Time"],"picked":"Wraith Form v2","floor":16},{"not_picked":["Dagger Spray+1","Deflect"],"picked":"Acrobatics+1","floor":18},{"not_picked":["Heel Hook","Deflect"],"picked":"Quick Slash+1","floor":20},{"not_picked":["Eviscerate","PiercingWail"],"picked":"Backflip+1","floor":22},{"not_picked":["Riddle With Holes","Footwork"],"picked":"Flying Knee+1","floor":24},{"not_picked":["Blade Dance","Well Laid Plans"],"picked":"Catalyst+1","floor":28},{"not_picked":["Riddle With Holes","Skewer"],"picked":"Poisoned Stab+1","floor":29},{"not_picked":["Reflex","Acrobatics"],"picked":"Quick Slash+1","floor":30},{"not_picked":["Blade Dance","Blur+1"],"picked":"Noxious Fumes","floor":31},{"not_picked":["Tactician","Wraith Form v2"],"picked":"Envenom","floor":33},{"not_picked":["Dagger Throw","Finisher+1"],"picked":"Endless Agony+1","floor":35},{"not_picked":["Deadly Poison","PiercingWail+1"],"picked":"Crippling Poison","floor":37},{"not_picked":["Sucker Punch","Blur"],"picked":"Finisher","floor":38}],"player_experience":68641,"potions_floor_usage":[5,16,16,24,30,33,33,33],"damage_taken":[{"damage":4,"enemies":"2 Louse","floor":1,"turns":3},{"damage":6,"enemies":"Jaw Worm","floor":2,"turns":3},{"damage":1,"enemies":"Cultist","floor":3,"turns":3},{"damage":11,"enemies":"Lots of Slimes","floor":5,"turns":2},{"damage":0,"enemies":"Exordium Wildlife","floor":7,"turns":2},{"damage":0,"enemies":"Large Slime","floor":11,"turns":6},{"damage":12,"enemies":"Exordium Thugs","floor":13,"turns":5},{"damage":7,"enemies":"Exordium Wildlife","floor":14,"turns":3},{"damage":22,"enemies":"Slime Boss","floor":16,"turns":7},{"damage":21,"enemies":"Spheric Guardian","floor":18,"turns":6},{"damage":33,"enemies":"Masked Bandits","floor":20,"turns":4},{"damage":0,"enemies":"Shell Parasite","floor":22,"turns":4},{"damage":20,"enemies":"Centurion and Healer","floor":24,"turns":7},{"damage":27,"enemies":"Sentry and Sphere","floor":28,"turns":5},{"damage":0,"enemies":"Snake Plant","floor":29,"turns":3},{"damage":7,"enemies":"Centurion and Healer","floor":30,"turns":6},{"damage":0,"enemies":"Sentry and Sphere","floor":31,"turns":4},{"damage":40,"enemies":"Champ","floor":33,"turns":10},{"damage":24,"enemies":"3 Darklings","floor":35,"turns":5},{"damage":15,"enemies":"3 Shapes","floor":37,"turns":6},{"damage":40,"enemies":"Sphere and 2 Shapes","floor":38,"turns":4},{"damage":28,"enemies":"4 Shapes","floor":41,"turns":3}],"relics_obtained":[{"floor":9,"key":"Ginger"},{"floor":20,"key":"Red Mask"},{"floor":26,"key":"Pear"}],"event_choices":[{"event_name":"World of Goop","player_choice":"Left","floor":10,"damage_taken":0},{"event_name":"Masked Bandits","player_choice":"Fought over 168 gold","floor":20,"damage_taken":0},{"event_name":"Tomb of Lord Red Mask","player_choice":"Wore Mask","floor":39,"damage_taken":0}],"boss_relics":[{"not_picked":["Runic Dome","Sozu"],"picked":"Cursed Key"},{"not_picked":["Orrery","Black Star"],"picked":"Astrolabe"}],"potions_floor_spawned":[1,5,14,18,22,29,31],"seed_played":"8331122607287453971","killed_by":"4 Shapes","ascension_level":0,"potions_obtained":[{"floor":1,"key":"Explosive Potion"},{"floor":5,"key":"EssenceOfSteel"},{"floor":14,"key":"PowerPotion"},{"floor":18,"key":"SteroidPotion"},{"floor":22,"key":"GamblersBrew"},{"floor":29,"key":"SkillPotion"},{"floor":31,"key":"GamblersBrew"}],"is_trial":false}