{"gold_per_floor":[110,128,128,148,167,167,187,187,187,187,187,207,187,204,204,301,301,314,325,339,352,362,362,380,380,407,431,441,455,467,467,467,572,572,592,592,592,363,383,383,383,417,417,433,34,34,50,66,66,66],"floor_reached":51,"playtime":2588,"items_purged":["Strike_R","Parasite"],"score":964,"play_id":"8012c646-3919-4b68-9f20-7509c93dc468","local_time":"20190215231024","is_ascension_mode":true,"campfire_choices":[{"data":"Searing Blow+1","floor":6.0,"key":"SMITH"},{"data":"Searing Blow+2","floor":8.0,"key":"SMITH"},{"data":"Searing Blow+3","floor":10.0,"key":"SMITH"},{"data":"Searing Blow+4","floor":15.0,"key":"SMITH"},{"data":"Searing Blow+5","floor":23.0,"key":"SMITH"},{"data":"Searing Blow+6","floor":25.0,"key":"SMITH"},{"data":"Searing Blow+7","floor":32.0,"key":"SMITH"},{"data":"Searing Blow+8","floor":40.0,"key":"SMITH"},{"data":"Searing Blow+9","floor":46.0,"key":"SMITH"},{"data":"Searing Blow+10","floor":49.0,"key":"SMITH"}],"neow_cost":"NONE","seed_source_timestamp":2150218495447817,"circlet_count":0,"master_deck":["Strike_R","Defend_R","Defend_R+1","Defend_R","Defend_R+1","Bash","Searing Blow+11","Thunderclap","True Grit","Armaments","Fiend Fire","Metallicize","Battle Trance","Metallicize","Shrug It Off","Shrug It Off+1","Warcry+1","Impervious","Twin Strike+1","Rupture+1","Inflame+1","True Grit+1","Madness","Madness","Good Instincts","Ghostly Armor+1","Shockwave","Warcry+1"],"special_seed":0,"relics":["Burning Blood","Blood Vial","Meat on the Bone","Velvet Choker","Pen Nib","Anchor","Astrolabe","Lantern","Bag of Preparation","Blue Candle","HandDrill"],"potions_floor_usage":[50,50,50,50,50,50],"damage_taken":[{"damage":14.0,"enemies":"Small Slimes","floor":1.0,"turns":4.0},{"damage":1.0,"enemies":"Cultist","floor":2.0,"turns":4.0},{"damage":4.0,"enemies":"2 Louse","floor":4.0,"turns":3.0},{"damage":4.0,"enemies":"2 Fungi Beasts","floor":5.0,"turns":4.0},{"damage":37.0,"enemies":"Gremlin Gang","floor":7.0,"turns":9.0},{"damage":9.0,"enemies":"Red Slaver","floor":12.0,"turns":3.0},{"damage":0.0,"enemies":"Large Slime","floor":14.0,"turns":5.0},{"damage":24.0,"enemies":"Slime Boss","floor":16.0,"turns":7.0},{"damage":7.0,"enemies":"Shell Parasite","floor":18.0,"turns":6.0},{"damage":19.0,"enemies":"2 Thieves","floor":19.0,"turns":2.0},{"damage":11.0,"enemies":"Snecko","floor":20.0,"turns":4.0},{"damage":9.0,"enemies":"Cultist and Chosen","floor":21.0,"turns":3.0},{"damage":30.0,"enemies":"Centurion and Healer","floor":22.0,"turns":4.0},{"damage":0.0,"enemies":"3 Cultists","floor":24.0,"turns":4.0},{"damage":15.0,"enemies":"Shelled Parasite and Fungi","floor":28.0,"turns":6.0},{"damage":19.0,"enemies":"Snake Plant","floor":29.0,"turns":4.0},{"damage":0.0,"enemies":"Centurion and Healer","floor":30.0,"turns":5.0},{"damage":31.0,"enemies":"Collector","floor":33.0,"turns":5.0},{"damage":4.0,"enemies":"3 Shapes","floor":35.0,"turns":6.0},{"damage":8.0,"enemies":"3 Darklings","floor":39.0,"turns":9.0},{"damage":0.0,"enemies":"Nemesis","floor":42.0,"turns":5.0},{"damage":19.0,"enemies":"Writhing Mass","floor":44.0,"turns":4.0},{"damage":8.0,"enemies":"Sphere and 2 Shapes","floor":47.0,"turns":8.0},{"damage":10.0,"enemies":"Maw","floor":48.0,"turns":5.0},{"damage":56,"enemies":"Donu and Deca","floor":50,"turns":12}],"seed_played":"6733560217645398417","potions_obtained":[{"floor":1.0,"key":"BloodPotion"},{"floor":5.0,"key":"Weak Potion"},{"floor":12.0,"key":"Fire Potion"},{"floor":13.0,"key":"GamblersBrew"},{"floor":18.0,"key":"Poison Potion"},{"floor":19.0,"key":"AttackPotion"},{"floor":21.0,"key":"Explosive Potion"},{"floor":28.0,"key":"EntropicBrew"},{"floor":29.0,"key":"Regen Potion"},{"floor":44.0,"key":"Fire Potion"},{"floor":47.0,"key":"Regen Potion"}],"is_trial":false,"path_per_floor":["M","M","?","M","M","R","M","R","T","R","?","M","?","M","R","B",null,"M","M","M","M","M","R","M","R","T","T","M","M","M","?","R","B",null,"M","?","?","$","M","R","?","E","T","M","$","R","M","M","R","B",null],"character_chosen":"IRONCLAD","items_purchased":["Lantern","HandDrill","Fruit Juice"],"campfire_rested":0,"item_purchase_floors":[38,45,45],"current_hp_per_floor":[66,73,73,77,80,80,57,57,57,57,41,52,52,60,60,56,74,75,64,61,60,50,50,58,58,58,58,51,52,74,74,74,51,73,77,67,67,67,67,67,67,75,75,64,69,69,69,67,67,46],"gold":66,"neow_bonus":"RANDOM_COMMON_RELIC","is_prod":false,"is_daily":false,"chose_seed":false,"campfire_upgraded":10,"win_rate":0,"timestamp":1550272224,"path_taken":["M","M","?","M","?","R","M","R","T","R","?","M","?","M","R","BOSS","M","M","M","M","?","R","M","R","T","?","M","M","M","?","R","BOSS","M","?","?","$","M","R","?","E","T","M","$","R","M","M","R","BOSS"],"build_version":"2019-01-23","purchased_purges":2,"victory":true,"max_hp_per_floor":[80,80,80,80,80,80,80,80,80,80,80,80,80,80,80,80,80,80,80,80,80,80,80,80,80,80,80,80,80,80,80,80,80,80,80,80,80,80,80,80,80,80,80,80,82,82,82,82,82,82],"card_choices":[{"not_picked":["Dropkick","Sword Boomerang"],"picked":"Searing Blow","floor":1.0},{"not_picked":["Combust","Anger"],"picked":"Thunderclap","floor":2.0},{"not_picked":["Blood for Blood","Thunderclap"],"picked":"True Grit","floor":4.0},{"not_picked":["Wild Strike","Iron Wave"],"picked":"Armaments","floor":5.0},{"not_picked":["Rampage","Anger","Havoc"],"picked":"SKIP","floor":7.0},{"not_picked":["Inflame","Heavy Blade","Entrench"],"picked":"SKIP","floor":12.0},{"not_picked":["Clothesline","Inflame","Armaments"],"picked":"SKIP","floor":14.0},{"not_picked":["Limit Break","Berserk"],"picked":"Fiend Fire","floor":16.0},{"not_picked":["Clothesline","Pommel Strike"],"picked":"Metallicize","floor":18.0},{"not_picked":["Uppercut","Bloodletting+1"],"picked":"Battle Trance","floor":19.0},{"not_picked":["Anger","Havoc+1","Perfected Strike+1"],"picked":"SKIP","floor":20.0},{"not_picked":["Fire Breathing","Spot Weakness","Flex+1"],"picked":"SKIP","floor":21.0},{"not_picked":["Sword Boomerang","Clash","Clothesline"],"picked":"SKIP","floor":22.0},{"not_picked":["Power Through","Juggernaut"],"picked":"Metallicize","floor":24.0},{"not_picked":["Havoc+1","Sword Boomerang"],"picked":"Shrug It Off","floor":28.0},{"not_picked":["Pommel Strike","Wild Strike"],"picked":"Shrug It Off+1","floor":29.0},{"not_picked":["Entrench","Dual Wield+1"],"picked":"Warcry+1","floor":30.0},{"not_picked":["Demon Form","Dark Embrace"],"picked":"Impervious","floor":33.0},{"not_picked":["Thunderclap","Flex"],"picked":"True Grit+1","floor":35.0},{"not_picked":["Forethought","Enlightenment"],"picked":"Good Instincts","floor":37.0},{"not_picked":["Havoc+1","Searing Blow"],"picked":"Ghostly Armor+1","floor":39.0},{"not_picked":["Flex+1","Shrug It Off"],"picked":"Shockwave","floor":42.0},{"not_picked":["Corruption","Blood for Blood+1","Rampage+1"],"picked":"SKIP","floor":44.0},{"not_picked":["Inflame","Body Slam"],"picked":"Warcry+1","floor":47.0},{"not_picked":["Power Through+1","Blood for Blood","Clash+1"],"picked":"SKIP","floor":48.0}],"player_experience":231533,"relics_obtained":[{"floor":9.0,"key":"Meat on the Bone"},{"floor":26.0,"key":"Pen Nib"},{"floor":27.0,"key":"Anchor"},{"floor":42.0,"key":"Bag of Preparation"},{"floor":43.0,"key":"Blue Candle"}],"event_choices":[{"damage_healed":0.0,"max_hp_gain":0.0,"max_hp_loss":0.0,"gold_gain":0.0,"event_name":"Upgrade Shrine","player_choice":"Upgraded","floor":3.0,"gold_loss":0.0,"damage_taken":0.0,"cards_upgraded":["Searing Blow"]},{"damage_healed":0.0,"max_hp_gain":0.0,"max_hp_loss":0.0,"gold_gain":0.0,"event_name":"Shining Light","player_choice":"Entered Light","floor":11.0,"gold_loss":0.0,"damage_taken":16.0,"cards_upgraded":["Defend_R","Defend_R"]},{"damage_healed":0.0,"max_hp_gain":0.0,"max_hp_loss":0.0,"gold_gain":0.0,"event_name":"The Woman in Blue","player_choice":"Bought 1 Potion","floor":13.0,"gold_loss":0.0,"damage_taken":0.0},{"damage_healed":0.0,"max_hp_gain":0.0,"max_hp_loss":0.0,"gold_gain":0.0,"event_name":"Ghosts","player_choice":"Ignored","floor":31.0,"gold_loss":0.0,"damage_taken":0.0},{"damage_healed":0.0,"max_hp_gain":0.0,"max_hp_loss":0.0,"gold_gain":0.0,"event_name":"Winding Halls","player_choice":"Embrace Madness","floor":36.0,"gold_loss":0.0,"damage_taken":10.0,"cards_obtained":["Madness","Madness"]},{"damage_healed":0.0,"max_hp_gain":0.0,"max_hp_loss":0.0,"gold_gain":0.0,"event_name":"SensoryStone","player_choice":"Memory 1","floor":37.0,"gold_loss":0.0,"damage_taken":0.0},{"damage_healed":0.0,"max_hp_gain":0.0,"max_hp_loss":0.0,"gold_gain":0.0,"event_name":"Tomb of Lord Red Mask","player_choice":"Ignored","floor":41.0,"gold_loss":0.0,"damage_taken":0.0}],"is_beta":false,"boss_relics":[{"not_picked":["Philosopher\u0027s Stone","Runic Cube"],"picked":"Velvet Choker"},{"not_picked":["Fusion Hammer","Snecko Eye"],"picked":"Astrolabe"}],"items_purged_floors":[38,45],"is_endless":false,"potions_floor_spawned":[1,5,12,18,19,21,28,29,44,47],"ascension_level":7}