{"gold_per_floor":[110,121,121,121,121,121,155,155,178,34,51,70,70,70,70,171,171,171,171,25,25,25,25,25,25,25,25,25,25,25,25,25,25,25,25,25,0,0,0,0,0,0,0,0,0,0,0,0,0,0,0,0,0,0,0],"floor_reached":56,"playtime":3212,"items_purged":["Defend_R","Defend_R"],"score":1368,"play_id":"b9d42735-bbcc-4b20-a54a-027b96ef6972","local_time":"20190207230855","is_ascension_mode":false,"campfire_choices":[{"data":"Headbutt","floor":6.0,"key":"SMITH"},{"floor":8.0,"key":"RECALL"},{"data":"Iron Wave","floor":13.0,"key":"SMITH"},{"data":"Disarm","floor":15.0,"key":"SMITH"},{"data":"1","floor":23.0,"key":"LIFT"},{"data":"2","floor":25.0,"key":"LIFT"},{"data":"3","floor":30.0,"key":"LIFT"},{"data":"Barricade","floor":32.0,"key":"SMITH"},{"data":"Body Slam","floor":40.0,"key":"SMITH"},{"data":"Shrug It Off","floor":42.0,"key":"SMITH"},{"data":"Demon Form","floor":44.0,"key":"SMITH"},{"data":"Impervious","floor":46.0,"key":"SMITH"},{"data":"Adrenaline","floor":49.0,"key":"SMITH"},{"data":"Defend_R","floor":52.0,"key":"SMITH"}],"neow_cost":"NONE","seed_source_timestamp":1205071794237062,"circlet_count":0,"master_deck":["Strike_R","Strike_R+1","Defend_R","Defend_R+1","Bash+1","Flame Barrier+1","Disarm+1","Iron Wave+1","Adrenaline+1","Demon Form+1","Shrug It Off+1","Shrug It Off+1","Shrug It Off+1","Barricade+1","Carnage+1","Body Slam+1","Impervious+1","Shrug It Off+1","Shrug It Off+1"],"special_seed":0,"relics":["Burning Blood","Calipers","Ectoplasm","MutagenicStrength","Girya","Singing Bowl","Whetstone","Omamori","Bag of Preparation","Velvet Choker","Red Mask","Mercury Hourglass","Pear","Pen Nib"],"potions_floor_usage":[55,55,55],"damage_taken":[{"damage":5.0,"enemies":"Small Slimes","floor":1.0,"turns":3.0},{"damage":0.0,"enemies":"2 Louse","floor":2.0,"turns":2.0},{"damage":38.0,"enemies":"Gremlin Nob","floor":7.0,"turns":5.0},{"damage":4.0,"enemies":"Cultist","floor":11.0,"turns":3.0},{"damage":1.0,"enemies":"3 Louse","floor":12.0,"turns":3.0},{"damage":10.0,"enemies":"Hexaghost","floor":16.0,"turns":11.0},{"damage":0.0,"enemies":"Shell Parasite","floor":18.0,"turns":6.0},{"damage":12.0,"enemies":"Colosseum Slavers","floor":21.0,"turns":6.0},{"damage":13.0,"enemies":"Colosseum Nobs","floor":21.0,"turns":6.0},{"damage":0.0,"enemies":"Chosen","floor":22.0,"turns":4.0},{"damage":0.0,"enemies":"Shelled Parasite and Fungi","floor":24.0,"turns":6.0},{"damage":11.0,"enemies":"3 Cultists","floor":28.0,"turns":6.0},{"damage":0.0,"enemies":"Book of Stabbing","floor":29.0,"turns":5.0},{"damage":0.0,"enemies":"Champ","floor":33.0,"turns":11.0},{"damage":0.0,"enemies":"3 Darklings","floor":35.0,"turns":6.0},{"damage":0.0,"enemies":"Orb Walker","floor":36.0,"turns":3.0},{"damage":0.0,"enemies":"Spire Growth","floor":39.0,"turns":6.0},{"damage":0.0,"enemies":"Sphere and 2 Shapes","floor":41.0,"turns":5.0},{"damage":0.0,"enemies":"Giant Head","floor":45.0,"turns":5.0},{"damage":0.0,"enemies":"3 Darklings","floor":47.0,"turns":6.0},{"damage":0.0,"enemies":"Spire Growth","floor":48.0,"turns":4.0},{"damage":7.0,"enemies":"Donu and Deca","floor":50.0,"turns":9.0},{"damage":0.0,"enemies":"Shield and Spear","floor":54.0,"turns":7.0},{"damage":97,"enemies":"The Heart","floor":55,"turns":13}],"seed_played":"-1968946574661225839","potions_obtained":[{"floor":2.0,"key":"Explosive Potion"},{"floor":11.0,"key":"SpeedPotion"},{"floor":21.0,"key":"Block Potion"},{"floor":24.0,"key":"SpeedPotion"}],"is_trial":false,"path_per_floor":["M","M","?","?","?","R","E","R","T","$","M","M","R","?","R","B",null,"M","?","$","?","M","R","M","R","T","?","M","E","R","$","R","B",null,"M","M","?","?","M","R","M","R","T","R","E","R","M","M","R","B",null,"R","$","E","B",null],"character_chosen":"IRONCLAD","items_purchased":["Disarm","Shrug It Off"],"campfire_rested":0,"item_purchase_floors":[10,20],"current_hp_per_floor":[88,88,81,81,81,81,49,49,49,49,51,56,56,56,56,52,88,88,88,88,75,83,83,89,89,89,89,84,90,90,90,90,90,90,92,94,94,94,96,96,96,96,96,96,106,106,108,110,110,109,110,110,110,112,21],"gold":0,"neow_bonus":"TEN_PERCENT_HP_BONUS","is_prod":false,"is_daily":false,"chose_seed":false,"campfire_upgraded":10,"win_rate":0,"timestamp":1549577335,"path_taken":["M","M","?","?","?","R","E","R","T","$","M","?","R","?","R","BOSS","M","?","$","?","M","R","M","R","T","?","M","E","R","?","R","BOSS","M","M","?","?","M","R","M","R","T","R","E","R","M","M","R","BOSS","R","$","E","BOSS"],"build_version":"2019-02-06","purchased_purges":2,"victory":true,"max_hp_per_floor":[88,88,88,88,88,88,88,88,88,88,88,88,88,88,88,88,88,88,88,88,88,90,90,90,90,90,90,90,90,90,90,90,90,90,92,94,94,94,96,96,96,96,96,96,106,106,108,110,110,110,110,110,110,112,112],"card_choices":[{"not_picked":["Heavy Blade","Thunderclap"],"picked":"Flame Barrier","floor":1.0},{"not_picked":["Sentinel","Flex"],"picked":"Headbutt","floor":2.0},{"not_picked":["Twin Strike","Flex","Thunderclap"],"picked":"SKIP","floor":7.0},{"not_picked":["Heavy Blade","Havoc","Feel No Pain"],"picked":"SKIP","floor":11.0},{"not_picked":["Second Wind","Bloodletting"],"picked":"Iron Wave","floor":12.0},{"not_picked":["Bludgeon","Impervious"],"picked":"Demon Form","floor":16.0},{"not_picked":["Clothesline","Clash"],"picked":"Shrug It Off+1","floor":18.0},{"not_picked":["Twin Strike","Iron Wave+1"],"picked":"Shrug It Off+1","floor":21.0},{"not_picked":["Twin Strike+1","Anger+1","Warcry"],"picked":"Singing Bowl","floor":22.0},{"not_picked":["Sever Soul","Burning Pact"],"picked":"Barricade","floor":24.0},{"not_picked":["Anger","Blood for Blood"],"picked":"Carnage+1","floor":28.0},{"not_picked":["Flex","Reckless Charge"],"picked":"Body Slam","floor":29.0},{"not_picked":["Immolate","Juggernaut"],"picked":"Impervious","floor":33.0},{"not_picked":["Pommel Strike+1","Hemokinesis","Havoc+1"],"picked":"Singing Bowl","floor":35.0},{"not_picked":["Flex+1","Clash+1","Havoc"],"picked":"Singing Bowl","floor":36.0},{"not_picked":["Wild Strike","Perfected Strike","Heavy Blade"],"picked":"Singing Bowl","floor":39.0},{"not_picked":["Second Wind","Flex+1"],"picked":"Shrug It Off+1","floor":41.0},{"not_picked":["Pommel Strike+1","Perfected Strike"],"picked":"Shrug It Off+1","floor":45.0},{"not_picked":["Feel No Pain","Hemokinesis+1","Flex"],"picked":"Singing Bowl","floor":47.0},{"not_picked":["Havoc+1","Immolate","True Grit+1"],"picked":"Singing Bowl","floor":48.0},{"not_picked":["Thunderclap","Havoc","Blood for Blood+1"],"picked":"Singing Bowl","floor":54.0}],"player_experience":436079,"relics_obtained":[{"floor":7.0,"key":"Calipers"},{"floor":21.0,"key":"Girya"},{"floor":21.0,"key":"Singing Bowl"},{"floor":26.0,"key":"Whetstone"},{"floor":29.0,"key":"Bag of Preparation"},{"floor":43.0,"key":"Mercury Hourglass"},{"floor":45.0,"key":"Pear"},{"floor":54.0,"key":"Pen Nib"}],"event_choices":[{"cards_removed":["Strike_R"],"damage_healed":0.0,"max_hp_gain":0.0,"max_hp_loss":0.0,"gold_gain":0.0,"event_name":"Golden Wing","player_choice":"Card Removal","floor":3.0,"gold_loss":0.0,"damage_taken":7.0},{"cards_removed":["Strike_R"],"damage_healed":0.0,"max_hp_gain":0.0,"max_hp_loss":0.0,"gold_gain":0.0,"event_name":"Living Wall","player_choice":"Forget","floor":4.0,"gold_loss":0.0,"damage_taken":0.0},{"damage_healed":0.0,"max_hp_gain":0.0,"max_hp_loss":0.0,"gold_gain":0.0,"event_name":"Upgrade Shrine","player_choice":"Upgraded","floor":5.0,"gold_loss":0.0,"damage_taken":0.0,"cards_upgraded":["Flame Barrier"]},{"cards_removed":["Strike_R"],"damage_healed":0.0,"max_hp_gain":0.0,"max_hp_loss":0.0,"gold_gain":0.0,"event_name":"NoteForYourself","player_choice":"Took Card","floor":14.0,"gold_loss":0.0,"damage_taken":0.0,"cards_obtained":["Adrenaline"]},{"damage_healed":0.0,"max_hp_gain":0.0,"max_hp_loss":0.0,"gold_gain":0.0,"event_name":"Drug Dealer","player_choice":"Inject Mutagens","floor":19.0,"gold_loss":0.0,"damage_taken":0.0,"relics_obtained":["MutagenicStrength"]},{"damage_healed":0.0,"max_hp_gain":0.0,"max_hp_loss":0.0,"gold_gain":0.0,"event_name":"Colosseum","player_choice":"Fight","floor":21.0,"gold_loss":0.0,"damage_taken":0.0},{"damage_healed":0.0,"max_hp_gain":0.0,"max_hp_loss":0.0,"gold_gain":0.0,"event_name":"Colosseum","player_choice":"Fought Nobs","floor":21.0,"gold_loss":0.0,"damage_taken":0.0},{"damage_healed":0.0,"max_hp_gain":0.0,"max_hp_loss":0.0,"gold_gain":0.0,"event_name":"The Mausoleum","player_choice":"Opened","floor":27.0,"gold_loss":0.0,"damage_taken":0.0,"relics_obtained":["Omamori"]},{"damage_healed":0.0,"max_hp_gain":0.0,"max_hp_loss":0.0,"gold_gain":0.0,"event_name":"Tomb of Lord Red Mask","player_choice":"Paid","floor":37.0,"gold_loss":25.0,"damage_taken":0.0,"relics_obtained":["Red Mask"]},{"cards_removed":["Headbutt"],"damage_healed":0.0,"max_hp_gain":0.0,"max_hp_loss":0.0,"gold_gain":0.0,"event_name":"Falling","player_choice":"Removed Attack","floor":38.0,"gold_loss":0.0,"damage_taken":0.0}],"is_beta":true,"boss_relics":[{"not_picked":["Orrery","Empty Cage"],"picked":"Ectoplasm"},{"not_picked":["Black Blood","Philosopher\u0027s Stone"],"picked":"Velvet Choker"}],"items_purged_floors":[10,20],"is_endless":false,"potions_floor_spawned":[2,11,21,24,33,45,47,54],"ascension_level":0}