{"gold_per_floor":[117,128,128,128,138,164,164,181,181,193,213,10,36,46,46,144,144,156,176,176,53,70,98,9,25,25,25,25,41,41,52,52,155,155,167,220,220,233,333,333,333,361,361,84,103,3,17,30,30,30,30,30,30,61,61],"floor_reached":55,"playtime":3077,"items_purged":["Strike_B","Defend_B"],"score":786,"play_id":"7549e0e3-888e-4e01-ac0d-63a8a7b0e7b2","local_time":"20181205224848","is_ascension_mode":false,"campfire_choices":[{"floor":7,"key":"REST"},{"floor":15,"key":"REST"},{"floor":28,"key":"RECALL"},{"data":"Zap","floor":32,"key":"SMITH"},{"floor":40,"key":"REST"},{"data":"Buffer","floor":49,"key":"SMITH"},{"data":"Machine Learning","floor":52,"key":"SMITH"}],"neow_cost":"NONE","seed_source_timestamp":267878689352496,"circlet_count":0,"master_deck":["Defend_B","Defend_B","Defend_B","Zap+1","Dualcast","Gash","Hologram","Scrape","Streamline","Melter","Go for the Eyes","Glacier","BootSequence","Gash","Machine Learning+1","Beam Cell","Steam","Beam Cell","Coolheaded+1","Leap","Gash+1","Go for the Eyes","Sweeping Beam","Buffer+1","BootSequence+1","Conserve Battery+1","Go for the Eyes","Swift Strike","Go for the Eyes+1","Writhe","Gash","Glacier+1","Coolheaded+1"],"relics":["Sozu","Ancient Tea Set","Question Card","Bronze Scales","Lee\u0027s Waffle","Du-Vu Doll","Cursed Key","Pen Nib","Darkstone Periapt","Empty Cage","Ginger","StoneCalendar","Shuriken","Calipers","Pantograph","Lantern"],"potions_floor_usage":[],"damage_taken":[{"damage":1,"enemies":"2 Louse","floor":1,"turns":3},{"damage":0,"enemies":"Cultist","floor":2,"turns":4},{"damage":0,"enemies":"Small Slimes","floor":5,"turns":4},{"damage":36,"enemies":"Lagavulin","floor":6,"turns":7},{"damage":3,"enemies":"3 Louse","floor":8,"turns":3},{"damage":10,"enemies":"Looter","floor":10,"turns":3},{"damage":9,"enemies":"2 Fungi Beasts","floor":11,"turns":2},{"damage":21,"enemies":"Gremlin Nob","floor":13,"turns":4},{"damage":9,"enemies":"Large Slime","floor":14,"turns":4},{"damage":18,"enemies":"The Guardian","floor":16,"turns":10},{"damage":9,"enemies":"Shell Parasite","floor":18,"turns":4},{"damage":1,"enemies":"Chosen","floor":19,"turns":4},{"damage":11,"enemies":"Snake Plant","floor":22,"turns":4},{"damage":20,"enemies":"Gremlin Leader","floor":23,"turns":6},{"damage":10,"enemies":"Snecko","floor":25,"turns":5},{"damage":0,"enemies":"Chosen and Byrds","floor":29,"turns":4},{"damage":1,"enemies":"Shelled Parasite and Fungi","floor":31,"turns":5},{"damage":52,"enemies":"Collector","floor":33,"turns":16},{"damage":7,"enemies":"3 Shapes","floor":35,"turns":5},{"damage":61,"enemies":"2 Orb Walkers","floor":36,"turns":7},{"damage":12,"enemies":"3 Darklings","floor":38,"turns":7},{"damage":10,"enemies":"Mind Bloom Boss Battle","floor":39,"turns":8},{"damage":10,"enemies":"Giant Head","floor":42,"turns":9},{"damage":0,"enemies":"4 Shapes","floor":45,"turns":7},{"damage":6,"enemies":"Spire Growth","floor":47,"turns":6},{"damage":13,"enemies":"Sphere and 2 Shapes","floor":48,"turns":4},{"damage":27,"enemies":"Awakened One","floor":50,"turns":12},{"damage":36,"enemies":"Shield and Spear","floor":54,"turns":7},{"damage":73,"enemies":"The Heart","floor":55,"turns":5}],"seed_played":"2972040956906225411","potions_obtained":[],"is_trial":false,"path_per_floor":["M","M","?","?","M","E","R","M","T","M","M","$","E","M","R","B",null,"M","M","?","$","M","E","?","M","T","?","R","M","?","M","R","B",null,"M","?","?","M","?","R","?","E","T","$","M","$","M","M","R","B",null,"R","$","E","B"],"character_chosen":"DEFECT","items_purchased":["Lee\u0027s Waffle","Beam Cell","Gash","Pantograph"],"campfire_rested":3,"item_purchase_floors":[12,21,44,44],"current_hp_per_floor":[74,74,62,62,62,26,48,45,45,35,26,82,61,52,76,58,82,73,72,72,72,61,41,41,31,37,66,66,66,66,65,65,13,88,81,20,77,65,55,77,77,67,73,73,73,73,67,54,54,52,83,83,83,47,0],"gold":61,"neow_bonus":"BOSS_RELIC","is_prod":false,"is_daily":false,"chose_seed":false,"campfire_upgraded":3,"win_rate":0,"timestamp":1544068128,"path_taken":["M","M","?","?","?","E","R","M","T","M","M","$","E","M","R","BOSS","M","M","?","$","M","E","?","?","T","?","R","M","?","?","R","BOSS","M","?","?","M","?","R","?","E","T","$","M","?","M","?","R","BOSS","R","$","E","BOSS"],"build_version":"2018-11-15","purchased_purges":2,"victory":false,"max_hp_per_floor":[75,75,75,75,75,75,75,75,75,75,75,82,82,82,82,82,82,82,82,82,82,82,82,82,82,88,88,88,88,88,88,88,88,88,88,88,77,77,77,77,77,77,83,83,83,83,83,83,83,83,83,83,83,83,83],"card_choices":[{"not_picked":["Genetic Algorithm","Blizzard"],"picked":"Gash","floor":1},{"not_picked":["Aggregate","Turbo"],"picked":"Hologram","floor":2},{"not_picked":["Rebound","Redo"],"picked":"Scrape","floor":5},{"not_picked":["Barrage","Chaos"],"picked":"Streamline","floor":6},{"not_picked":["Heatsinks","Lockon","Coolheaded"],"picked":"Melter","floor":8},{"not_picked":["Glacier","Redo","Self Repair"],"picked":"Go for the Eyes","floor":10},{"not_picked":["Leap","Darkness","Barrage"],"picked":"Glacier","floor":11},{"not_picked":["Lockon","Sweeping Beam","White Noise"],"picked":"BootSequence","floor":13},{"not_picked":["Chill","Hologram","Heatsinks"],"picked":"Gash","floor":14},{"not_picked":["Reboot","Amplify","Buffer"],"picked":"Machine Learning","floor":16},{"not_picked":["Darkness","Compile Driver","Undo+1"],"picked":"Beam Cell","floor":18},{"not_picked":["Redo","Double Energy","Streamline"],"picked":"Steam","floor":19},{"not_picked":["Hello World","Compile Driver","Conserve Battery+1"],"picked":"Coolheaded+1","floor":22},{"not_picked":["Hologram+1","Rebound","Reinforced Body+1"],"picked":"Leap","floor":23},{"not_picked":["Melter","Sweeping Beam+1","Auto Shields"],"picked":"Gash+1","floor":25},{"not_picked":["Ball Lightning+1","Leap","Cold Snap+1"],"picked":"Go for the Eyes","floor":29},{"not_picked":["Consume","Barrage","Aggregate"],"picked":"Sweeping Beam","floor":31},{"not_picked":["Amplify","Electrodynamics","Thunder Strike"],"picked":"Buffer","floor":33},{"not_picked":["Cold Snap","Coolheaded","Reinforced Body+1"],"picked":"BootSequence+1","floor":35},{"not_picked":["Stack","Redo+1","Turbo"],"picked":"Conserve Battery+1","floor":36},{"not_picked":["Stack+1","Compile Driver","Lockon","Redo"],"picked":"SKIP","floor":38},{"not_picked":["Meteor Strike","Stack","Redo+1"],"picked":"Go for the Eyes","floor":39},{"not_picked":["Mind Blast","Mayhem","Dark Shackles"],"picked":"Swift Strike","floor":41},{"not_picked":["Barrage+1","Stack","Consume+1"],"picked":"Go for the Eyes+1","floor":42},{"not_picked":["Sweeping Beam","Leap","Heatsinks+1"],"picked":"Glacier+1","floor":45},{"not_picked":["Hyperbeam","Conserve Battery","Genetic Algorithm+1"],"picked":"Coolheaded+1","floor":47},{"not_picked":["Ball Lightning","Streamline","Compile Driver+1","Redo"],"picked":"SKIP","floor":48},{"not_picked":["Doom and Gloom","Heatsinks+1","Coolheaded+1","Compile Driver+1"],"picked":"SKIP","floor":54}],"player_experience":1775157,"relics_obtained":[{"floor":6,"key":"Question Card"},{"floor":9,"key":"Bronze Scales"},{"floor":13,"key":"Du-Vu Doll"},{"floor":23,"key":"Pen Nib"},{"floor":36,"key":"Ginger"},{"floor":39,"key":"StoneCalendar"},{"floor":42,"key":"Shuriken"},{"floor":43,"key":"Calipers"},{"floor":54,"key":"Lantern"}],"event_choices":[{"damage_healed":0,"gold_gain":0,"player_choice":"Success","damage_taken":12,"relics_obtained":["Ancient Tea Set"],"max_hp_gain":0,"max_hp_loss":0,"event_name":"Scrap Ooze","floor":3,"gold_loss":0},{"cards_removed":["Strike_B"],"damage_healed":0,"gold_gain":0,"player_choice":"Purged","damage_taken":0,"max_hp_gain":0,"max_hp_loss":0,"event_name":"Purifier","floor":4,"gold_loss":0},{"damage_healed":0,"gold_gain":0,"player_choice":"Ignored","damage_taken":0,"max_hp_gain":0,"max_hp_loss":0,"event_name":"Vampires","floor":20,"gold_loss":0},{"damage_healed":0,"gold_gain":0,"player_choice":"Paid Gold","damage_taken":0,"relics_obtained":["Darkstone Periapt"],"max_hp_gain":0,"max_hp_loss":0,"event_name":"WeMeetAgain","floor":24,"gold_loss":89},{"damage_healed":29,"gold_gain":0,"player_choice":"Heal","damage_taken":0,"max_hp_gain":0,"max_hp_loss":0,"event_name":"The Library","floor":27,"gold_loss":0},{"cards_removed":["Shame"],"damage_healed":0,"gold_gain":0,"player_choice":"Removed Curses","damage_taken":0,"max_hp_gain":0,"max_hp_loss":0,"event_name":"Fountain of Cleansing","floor":30,"gold_loss":0},{"damage_healed":0,"gold_gain":0,"player_choice":"Fight","damage_taken":0,"max_hp_gain":0,"max_hp_loss":0,"event_name":"Mysterious Sphere","floor":36,"gold_loss":0},{"damage_healed":77,"gold_gain":0,"player_choice":"Heal","damage_taken":0,"max_hp_gain":0,"max_hp_loss":11,"event_name":"The Moai Head","floor":37,"gold_loss":0},{"damage_healed":0,"gold_gain":0,"player_choice":"Fight","damage_taken":0,"max_hp_gain":0,"max_hp_loss":0,"event_name":"MindBloom","floor":39,"gold_loss":0},{"damage_healed":0,"gold_gain":0,"player_choice":"Memory 1","damage_taken":0,"max_hp_gain":0,"max_hp_loss":0,"event_name":"SensoryStone","floor":41,"gold_loss":0}],"is_beta":false,"boss_relics":[{"not_picked":["Busted Crown","Fusion Hammer"],"picked":"Cursed Key"},{"not_picked":["Coffee Dripper","Runic Dome"],"picked":"Empty Cage"}],"items_purged_floors":[21,46],"is_endless":false,"potions_floor_spawned":[1,2,6,13,14,16,18,25,39,45,47],"killed_by":"The Heart","ascension_level":0}