{"gold_per_floor":[109,109,59,59,73,73,87,4,55,130,130,165,180,180,180,278,278,292,392,491,504,520,520,34,69,69,95,95,95,95,107,107,207,207,225,244,244,244,244,244,95,95,95,95,95,108,119,130,130,130],"floor_reached":50,"playtime":4282,"items_purged":["Strike_G"],"score":526,"play_id":"cddfa6af-5468-45a9-9f3e-538adb402907","local_time":"20181206235157","is_ascension_mode":false,"campfire_choices":[{"data":"Footwork","floor":6,"key":"SMITH"},{"data":"Dodge and Roll","floor":11,"key":"SMITH"},{"data":"Neutralize","floor":15,"key":"SMITH"},{"data":"Footwork","floor":23,"key":"SMITH"},{"data":"PiercingWail","floor":28,"key":"SMITH"},{"floor":32,"key":"REST"},{"data":"Madness","floor":40,"key":"SMITH"},{"data":"Adrenaline","floor":42,"key":"SMITH"},{"floor":49,"key":"RECALL"}],"neow_cost":"NONE","seed_source_timestamp":682696378757410,"circlet_count":0,"master_deck":["Defend_G+1","Defend_G","Defend_G","Defend_G","Defend_G","Strike_G","Strike_G","Strike_G","Survivor","Neutralize+1","Dodge and Roll+1","PiercingWail+1","Dagger Spray+1","Catalyst","Masterful Stab","Footwork+1","Poisoned Stab","Adrenaline+1","Footwork+1","Bandage Up","Unload","Corpse Explosion","Deadly Poison","Crippling Poison","Deadly Poison+1","Bouncing Flask","Calculated Gamble","Die Die Die","Writhe","Madness+1","Bullet Time","Parasite","Deflect+1"],"relics":["Orrery","Juzu Bracelet","Paper Crane","White Beast Statue","Dream Catcher","Kunai","Darkstone Periapt","Shuriken","Ice Cream","Enchiridion","Velvet Choker","Bottled Tornado"],"potions_floor_usage":[12,18,22,25,25,27,31,33,46,47,48,50,50,50],"damage_taken":[{"damage":0,"enemies":"2 Louse","floor":1,"turns":4},{"damage":0,"enemies":"Cultist","floor":5,"turns":3},{"damage":0,"enemies":"Jaw Worm","floor":7,"turns":4},{"damage":24,"enemies":"Lagavulin","floor":12,"turns":18},{"damage":0,"enemies":"Looter","floor":13,"turns":4},{"damage":3,"enemies":"The Guardian","floor":16,"turns":19},{"damage":0,"enemies":"3 Byrds","floor":18,"turns":2},{"damage":3,"enemies":"Shell Parasite","floor":21,"turns":7},{"damage":13,"enemies":"Shelled Parasite and Fungi","floor":22,"turns":8},{"damage":0,"enemies":"Gremlin Leader","floor":25,"turns":6},{"damage":12,"enemies":"Book of Stabbing","floor":27,"turns":7},{"damage":21,"enemies":"Snake Plant","floor":31,"turns":4},{"damage":5,"enemies":"Automaton","floor":33,"turns":11},{"damage":18,"enemies":"3 Darklings","floor":35,"turns":5},{"damage":7,"enemies":"3 Shapes","floor":36,"turns":3},{"damage":6,"enemies":"Writhing Mass","floor":46,"turns":6},{"damage":34,"enemies":"Maw","floor":47,"turns":8},{"damage":0,"enemies":"4 Shapes","floor":48,"turns":5},{"damage":71,"enemies":"Time Eater","floor":50,"turns":11}],"seed_played":"-928073034936471708","potions_obtained":[{"floor":1,"key":"Weak Potion"},{"floor":13,"key":"Energy Potion"},{"floor":18,"key":"Strength Potion"},{"floor":21,"key":"FearPotion"},{"floor":22,"key":"SteroidPotion"},{"floor":25,"key":"EssenceOfSteel"},{"floor":27,"key":"AttackPotion"},{"floor":31,"key":"GhostInAJar"},{"floor":33,"key":"Poison Potion"},{"floor":35,"key":"Weak Potion"},{"floor":36,"key":"Strength Potion"},{"floor":46,"key":"SteroidPotion"},{"floor":47,"key":"GhostInAJar"},{"floor":48,"key":"GhostInAJar"}],"is_trial":false,"path_per_floor":["M","?","$","?","M","R","M","$","T","?","R","E","M","T","R","B",null,"M","?","?","M","M","R","$","E","T","E","R","?","?","M","R","B",null,"M","M","?","?","?","R","$","R","T","?","?","M","M","M","R","B"],"character_chosen":"THE_SILENT","items_purchased":["Poisoned Stab","Bandage Up","Dream Catcher","Kunai","Bullet Time"],"campfire_rested":1,"item_purchase_floors":[3,8,24,24,41],"current_hp_per_floor":[70,56,56,56,56,56,56,56,56,45,45,25,29,29,29,30,70,70,70,70,70,61,61,61,65,65,57,57,57,41,24,45,44,70,52,49,49,73,73,73,73,73,73,73,73,76,46,50,50,0],"gold":130,"neow_bonus":"BOSS_RELIC","is_prod":false,"is_daily":false,"chose_seed":false,"campfire_upgraded":7,"win_rate":0,"timestamp":1544107917,"path_taken":["M","?","$","?","?","R","M","$","T","?","R","E","M","?","R","BOSS","M","?","?","M","M","R","$","E","T","E","R","?","?","M","R","BOSS","M","M","?","?","?","R","$","R","T","?","?","M","M","M","R","BOSS"],"build_version":"2018-11-15","purchased_purges":1,"victory":false,"max_hp_per_floor":[70,70,70,70,70,70,70,70,70,70,70,70,70,70,70,70,70,70,70,70,70,70,70,70,70,70,70,70,70,70,70,70,70,70,70,70,70,76,76,76,76,76,76,76,76,82,82,82,82,82],"card_choices":[{"not_picked":["Choke","Masterful Stab"],"picked":"Dodge and Roll","floor":0},{"not_picked":["Blade Dance","Poisoned Stab"],"picked":"PiercingWail","floor":0},{"not_picked":["Sucker Punch","Poisoned Stab"],"picked":"Dagger Spray","floor":0},{"not_picked":["Flying Knee","Quick Slash"],"picked":"Catalyst","floor":0},{"not_picked":["Dagger Throw","Bane"],"picked":"Masterful Stab","floor":0},{"not_picked":["Poisoned Stab","Catalyst"],"picked":"Footwork","floor":1},{"not_picked":["Backflip","Slice"],"picked":"Adrenaline","floor":5},{"not_picked":["Acrobatics","Flying Knee"],"picked":"Footwork","floor":7},{"not_picked":["Slice","Bane","Heel Hook"],"picked":"SKIP","floor":12},{"not_picked":["Escape Plan","Flying Knee"],"picked":"Unload","floor":13},{"not_picked":["Bullet Time","Die Die Die"],"picked":"Corpse Explosion","floor":16},{"not_picked":["Riddle With Holes","Outmaneuver"],"picked":"Deadly Poison","floor":18},{"not_picked":["Sucker Punch+1","Blade Dance","Bane+1"],"picked":"SKIP","floor":21},{"not_picked":["Sucker Punch","Bane","Slice"],"picked":"SKIP","floor":22},{"not_picked":["Outmaneuver+1","Infinite Blades"],"picked":"Crippling Poison","floor":25},{"not_picked":["Underhanded Strike","Wraith Form v2"],"picked":"Deadly Poison+1","floor":27},{"not_picked":["Poisoned Stab","Quick Slash+1","Flying Knee"],"picked":"SKIP","floor":31},{"not_picked":["Flying Knee","Deflect"],"picked":"Calculated Gamble","floor":32},{"not_picked":["Night Terror","Envenom"],"picked":"Die Die Die","floor":33},{"not_picked":["Flying Knee+1","Sucker Punch+1","Masterful Stab"],"picked":"SKIP","floor":35},{"not_picked":["Bane","Poisoned Stab","Choke+1"],"picked":"SKIP","floor":36},{"not_picked":["Blind","Bandage Up"],"picked":"Madness","floor":39},{"not_picked":["Underhanded Strike","Poisoned Stab+1","Masterful Stab"],"picked":"SKIP","floor":46},{"not_picked":["Blade Dance+1","Outmaneuver+1","Bouncing Flask"],"picked":"SKIP","floor":47},{"not_picked":["Terror+1","Flechettes+1"],"picked":"Deflect+1","floor":48}],"player_experience":70290,"relics_obtained":[{"floor":12,"key":"Juzu Bracelet"},{"floor":14,"key":"Paper Crane"},{"floor":25,"key":"Darkstone Periapt"},{"floor":26,"key":"Shuriken"},{"floor":27,"key":"Ice Cream"},{"floor":30,"key":"Enchiridion"},{"floor":43,"key":"Bottled Tornado"}],"event_choices":[{"damage_healed":0,"gold_gain":0,"player_choice":"Entered Light","damage_taken":14,"max_hp_gain":0,"max_hp_loss":0,"event_name":"Shining Light","floor":2,"gold_loss":0,"cards_upgraded":["Dagger Spray","Defend_G"]},{"cards_removed":["Strike_G"],"damage_healed":0,"gold_gain":0,"player_choice":"Offered Basic","damage_taken":0,"max_hp_gain":0,"max_hp_loss":0,"event_name":"Bonfire Elementals","floor":4,"gold_loss":0},{"damage_healed":0,"gold_gain":75,"player_choice":"Gather Gold","damage_taken":11,"max_hp_gain":0,"max_hp_loss":0,"event_name":"World of Goop","floor":10,"gold_loss":0},{"damage_healed":0,"gold_gain":100,"player_choice":"Pray","damage_taken":0,"max_hp_gain":0,"max_hp_loss":0,"event_name":"Golden Shrine","floor":19,"gold_loss":0},{"damage_healed":0,"gold_gain":99,"player_choice":"Stole From Cult","damage_taken":0,"max_hp_gain":0,"max_hp_loss":0,"event_name":"Nest","floor":20,"gold_loss":0},{"damage_healed":0,"gold_gain":0,"player_choice":"Read","damage_taken":0,"max_hp_gain":0,"max_hp_loss":0,"event_name":"The Library","floor":29,"gold_loss":0,"cards_obtained":["Bouncing Flask"]},{"damage_healed":0,"gold_gain":0,"player_choice":"Obtained Book","damage_taken":16,"max_hp_gain":0,"max_hp_loss":0,"event_name":"Cursed Tome","floor":30,"gold_loss":0},{"damage_healed":0,"gold_gain":0,"player_choice":"Ignored","damage_taken":0,"max_hp_gain":0,"max_hp_loss":0,"event_name":"Tomb of Lord Red Mask","floor":37,"gold_loss":0},{"damage_healed":18,"gold_gain":0,"player_choice":"Writhe","damage_taken":0,"max_hp_gain":0,"max_hp_loss":0,"event_name":"Winding Halls","floor":38,"gold_loss":0,"cards_obtained":["Writhe"]},{"damage_healed":0,"gold_gain":0,"player_choice":"Memory 1","damage_taken":0,"max_hp_gain":0,"max_hp_loss":0,"event_name":"SensoryStone","floor":39,"gold_loss":0},{"damage_healed":0,"gold_gain":0,"player_choice":"Ignored","damage_taken":0,"max_hp_gain":0,"max_hp_loss":0,"event_name":"NoteForYourself","floor":44,"gold_loss":0},{"damage_healed":0,"gold_gain":0,"player_choice":"Bought 0 Potions","damage_taken":0,"max_hp_gain":0,"max_hp_loss":0,"event_name":"The Woman in Blue","floor":45,"gold_loss":0}],"is_beta":false,"boss_relics":[{"not_picked":["Snecko Eye","Runic Pyramid"],"picked":"White Beast Statue"},{"not_picked":["Black Star","WristBlade"],"picked":"Velvet Choker"}],"items_purged_floors":[24],"is_endless":false,"potions_floor_spawned":[1,13,18,21,22,25,27,31,33,35,36,46,47,48],"killed_by":"Time Eater","ascension_level":0}