{"gold_per_floor":[115,63,63,33,33,33,52,52,98,109,137,25,25],"floor_reached":13,"playtime":447,"items_purged":[],"score":150,"play_id":"842819ef-f596-4fce-88d5-9dc70c68eabf","local_time":"20190211224619","is_ascension_mode":true,"campfire_choices":[{"floor":6,"key":"REST"},{"data":"True Grit","floor":8,"key":"SMITH"}],"neow_cost":"NONE","seed_source_timestamp":722078360158939,"circlet_count":0,"master_deck":["AscendersBane","Strike_R","Strike_R","Strike_R","Strike_R","Strike_R","Defend_R","Defend_R","Defend_R","Defend_R","Bash","Burning Pact","Sentinel","Heavy Blade","True Grit+1","Clash","Uppercut","Fiend Fire","Spot Weakness","Havoc"],"relics":["Burning Blood","Question Card","Potion Belt","Charon\u0027s Ashes"],"potions_floor_usage":[11],"damage_taken":[{"damage":11,"enemies":"2 Louse","floor":1,"turns":4},{"damage":6,"enemies":"Cultist","floor":7,"turns":3},{"damage":9,"enemies":"Jaw Worm","floor":10,"turns":4},{"damage":41,"enemies":"3 Sentries","floor":11,"turns":9},{"damage":21,"enemies":"Lagavulin","floor":13,"turns":3}],"seed_played":"2040214938510979885","potions_obtained":[{"floor":1,"key":"Fire Potion"},{"floor":3,"key":"PowerPotion"},{"floor":3,"key":"LiquidBronze"},{"floor":11,"key":"FearPotion"}],"is_trial":false,"path_per_floor":["M","$","?","$","?","R","M","R","T","M","E","$","E"],"character_chosen":"IRONCLAD","items_purchased":["Heavy Blade","True Grit","Spot Weakness","Havoc"],"campfire_rested":1,"item_purchase_floors":[2,4,12,12],"current_hp_per_floor":[63,63,63,63,37,59,59,59,59,56,21,21,0],"gold":25,"neow_bonus":"THREE_CARDS","is_prod":false,"is_daily":false,"chose_seed":false,"campfire_upgraded":1,"win_rate":0,"timestamp":1549943179,"path_taken":["M","$","?","?","?","R","M","R","T","?","E","$","E"],"build_version":"2019-01-23","purchased_purges":0,"victory":false,"max_hp_per_floor":[75,75,75,75,75,75,75,75,75,75,75,75,75],"card_choices":[{"not_picked":["Wild Strike","Combust"],"picked":"Burning Pact","floor":0},{"not_picked":["Iron Wave","Ghostly Armor"],"picked":"Sentinel","floor":1},{"not_picked":["Rupture","Reckless Charge","Havoc"],"picked":"Clash","floor":7},{"not_picked":["Flex","Shrug It Off","Reckless Charge"],"picked":"Uppercut","floor":10},{"not_picked":["Dropkick","Second Wind","Clothesline"],"picked":"Fiend Fire","floor":11}],"player_experience":2413767,"relics_obtained":[{"floor":9,"key":"Potion Belt"},{"floor":11,"key":"Charon\u0027s Ashes"}],"event_choices":[{"damage_healed":0,"gold_gain":0,"player_choice":"Got Potions","damage_taken":0,"max_hp_gain":0,"max_hp_loss":0,"event_name":"Lab","floor":3,"gold_loss":0},{"damage_healed":0,"gold_gain":0,"player_choice":"Success","damage_taken":26,"relics_obtained":["Question Card"],"max_hp_gain":0,"max_hp_loss":0,"event_name":"Scrap Ooze","floor":5,"gold_loss":0}],"is_beta":false,"boss_relics":[],"items_purged_floors":[],"is_endless":false,"potions_floor_spawned":[1,11],"killed_by":"Lagavulin","ascension_level":17}