{"gold_per_floor":[113,125,125,144,158,158,171,206,271,134,134],"floor_reached":11,"playtime":540,"items_purged":[],"score":116,"play_id":"478edc65-2755-4e97-88e4-93316f4941d1","local_time":"20180808160422","is_ascension_mode":true,"campfire_choices":[{"data":"Neutralize","floor":6,"key":"SMITH"}],"neow_cost":"","seed_source_timestamp":1086760211150113,"circlet_count":0,"master_deck":["Defend_G","Defend_G","Defend_G","Defend_G","Defend_G","Strike_G","Strike_G","Strike_G","Strike_G","Strike_G","Survivor+1","Neutralize+1","AscendersBane","Blade Dance","Cloak And Dagger+1","Flying Knee","Sucker Punch","Unload"],"relics":["Ring of the Snake","MawBank","War Paint","Oddly Smooth Stone"],"potions_floor_usage":[8,11],"damage_taken":[{"damage":0,"enemies":"Cultist","floor":1,"turns":5},{"damage":0,"enemies":"Small Slimes","floor":2,"turns":3},{"damage":0,"enemies":"Jaw Worm","floor":4,"turns":4},{"damage":2,"enemies":"Blue Slaver","floor":5,"turns":5},{"damage":15,"enemies":"Lots of Slimes","floor":7,"turns":4},{"damage":27,"enemies":"Gremlin Nob","floor":8,"turns":5},{"damage":31,"enemies":"Lagavulin","floor":11,"turns":6}],"seed_played":"-8542604671219746759","potions_obtained":[{"floor":1,"key":"Poison Potion"},{"floor":4,"key":"Explosive Potion"},{"floor":5,"key":"Fruit Juice"}],"is_trial":false,"path_per_floor":["M","M","?","M","M","R","M","E","T","$"],"character_chosen":"THE_SILENT","items_purchased":["Oddly Smooth Stone"],"campfire_rested":0,"item_purchase_floors":[10],"current_hp_per_floor":[63,63,68,68,66,66,51,29,29,29,0],"gold":134,"neow_bonus":"","is_prod":false,"is_daily":false,"chose_seed":false,"campfire_upgraded":1,"win_rate":0,"timestamp":1533762262,"path_taken":["M","?","?","?","M","R","M","E","T","$","E"],"build_version":"2018-08-07v3","purchased_purges":0,"victory":false,"max_hp_per_floor":[70,70,75,75,75,75,75,80,80,80,80],"card_choices":[{"not_picked":["Deadly Poison","Acrobatics"],"picked":"Blade Dance","floor":1},{"not_picked":["Bouncing Flask","Acrobatics","Choke"],"picked":"SKIP","floor":2},{"not_picked":["Quick Slash","Crippling Poison"],"picked":"Cloak And Dagger","floor":4},{"not_picked":["Bane","Dagger Throw"],"picked":"Flying Knee","floor":5},{"not_picked":["Dagger Throw","Escape Plan"],"picked":"Sucker Punch","floor":7},{"not_picked":["Cloak And Dagger","Deflect"],"picked":"Unload","floor":8}],"player_experience":370715,"relics_obtained":[{"floor":8,"key":"MawBank"},{"floor":9,"key":"War Paint"}],"event_choices":[{"event_name":"Big Fish","player_choice":"Donut","floor":3,"damage_taken":0}],"is_beta":true,"boss_relics":[],"items_purged_floors":[],"is_endless":false,"potions_floor_spawned":[1,4,5],"killed_by":"Lagavulin","ascension_level":11}