{"gold_per_floor":[109,23,33,53,53,53,80,80,80,37,37,37,72,92,92,168,168,188,103,123,46,61,61,96,96,96,21,41,41,53,65,65,138,188,202,202,302,15,15,15,28,28,28,47,47],"floor_reached":45,"playtime":3423,"items_purged":["Strike_B","Strike_B"],"score":935,"play_id":"58f000bf-f72c-40f5-b8cc-30e0e3db3b51","local_time":"20190131153121","is_ascension_mode":true,"campfire_choices":[{"data":"Zap","floor":6.0,"key":"SMITH"},{"floor":8.0,"key":"REST"},{"data":"Rainbow","floor":12.0,"key":"SMITH"},{"floor":15.0,"key":"REST"},{"floor":23.0,"key":"REST"},{"data":"White Noise","floor":25.0,"key":"SMITH"},{"data":"Fission","floor":29.0,"key":"SMITH"},{"data":"Loop","floor":32.0,"key":"SMITH"},{"data":"Storm","floor":40.0,"key":"SMITH"},{"data":"Apotheosis","floor":42.0,"key":"SMITH"}],"neow_cost":"NONE","seed_source_timestamp":0,"circlet_count":0,"master_deck":["AscendersBane","Strike_B","Strike_B","Defend_B","Defend_B","Defend_B","Defend_B","Zap+1","Dualcast","Ball Lightning","Defragment+1","Leap","White Noise+1","Rainbow+1","Self Repair","Leap","BootSequence","Fission+1","Coolheaded","Leap","Beam Cell","Cold Snap","Doom and Gloom","Melter+1","Self Repair+1","Conserve Battery","Stack","Stack","Thunder Strike","Loop+1","Hologram","Leap","Echo Form","Coolheaded","Storm+1","Stack+1","Apotheosis+1","Madness","Madness","Capacitor","Self Repair","Storm"],"special_seed":0,"relics":["Cracked Core","NeowsBlessing","Prayer Wheel","Torii","Cables","Regal Pillow","Eternal Feather","Meat on the Bone","Mango","Gambling Chip","Tiny House","StoneCalendar","Letter Opener"],"potions_floor_usage":[45,45],"damage_taken":[{"damage":0.0,"enemies":"2 Louse","floor":1.0,"turns":1.0},{"damage":0.0,"enemies":"Jaw Worm","floor":3.0,"turns":1.0},{"damage":0.0,"enemies":"Small Slimes","floor":4.0,"turns":1.0},{"damage":32.0,"enemies":"Gremlin Nob","floor":7.0,"turns":4.0},{"damage":1.0,"enemies":"Lagavulin","floor":13.0,"turns":4.0},{"damage":7.0,"enemies":"Looter","floor":14.0,"turns":2.0},{"damage":34.0,"enemies":"Slime Boss","floor":16.0,"turns":6.0},{"damage":9.0,"enemies":"Shell Parasite","floor":18.0,"turns":5.0},{"damage":42.0,"enemies":"Chosen","floor":20.0,"turns":6.0},{"damage":32.0,"enemies":"Snecko","floor":22.0,"turns":6.0},{"damage":50.0,"enemies":"Slavers","floor":24.0,"turns":7.0},{"damage":51.0,"enemies":"Chosen and Byrds","floor":28.0,"turns":7.0},{"damage":19.0,"enemies":"Centurion and Healer","floor":30.0,"turns":8.0},{"damage":24.0,"enemies":"Sentry and Sphere","floor":31.0,"turns":6.0},{"damage":33.0,"enemies":"Champ","floor":33.0,"turns":13.0},{"damage":0.0,"enemies":"3 Shapes","floor":35.0,"turns":5.0},{"damage":33.0,"enemies":"Mind Bloom Boss Battle","floor":37.0,"turns":6.0},{"damage":44.0,"enemies":"3 Darklings","floor":41.0,"turns":5.0},{"damage":30.0,"enemies":"Spire Growth","floor":44.0,"turns":7.0},{"damage":67,"enemies":"Reptomancer","floor":45,"turns":3}],"seed_played":"-3348876949341829622","potions_obtained":[{"floor":4.0,"key":"SpeedPotion"},{"floor":13.0,"key":"Fire Potion"},{"floor":16.0,"key":"EssenceOfSteel"},{"floor":18.0,"key":"FocusPotion"},{"floor":24.0,"key":"GamblersBrew"},{"floor":30.0,"key":"FocusPotion"},{"floor":31.0,"key":"FocusPotion"},{"floor":34.0,"key":"SpeedPotion"},{"floor":35.0,"key":"SkillPotion"}],"is_trial":false,"path_per_floor":["M","$","M","M","?","R","E","R","T","$","?","R","E","M","R","B",null,"M","?","M","$","M","R","E","R","T","$","M","R","M","M","R","B",null,"M","?","?","$","?","R","M","R","T","M","E"],"character_chosen":"DEFECT","items_purchased":["Defragment","Self Repair","Doom and Gloom","Apotheosis"],"campfire_rested":3,"item_purchase_floors":[2,10,21,38],"current_hp_per_floor":[64,64,64,64,64,64,32,53,53,53,53,53,59,52,71,44,64,62,62,39,39,26,71,57,72,72,72,33,51,61,56,74,70,86,86,86,87,87,71,90,63,87,87,67,0],"gold":47,"neow_bonus":"THREE_ENEMY_KILL","is_prod":false,"is_daily":false,"chose_seed":false,"campfire_upgraded":7,"win_rate":0,"timestamp":1548966681,"path_taken":["M","$","M","M","?","R","E","R","T","?","?","R","E","M","R","BOSS","M","?","M","$","M","R","E","R","T","$","M","R","M","M","R","BOSS","M","?","?","$","?","R","M","R","T","M","E"],"build_version":"2019-01-23","purchased_purges":2,"victory":false,"max_hp_per_floor":[71,71,71,71,71,71,71,71,71,71,71,71,71,71,71,71,71,71,71,71,71,71,71,85,85,85,85,85,85,85,85,85,85,90,90,90,90,90,90,90,90,90,90,90,90],"card_choices":[{"not_picked":["Genetic Algorithm","Barrage"],"picked":"Ball Lightning","floor":1.0},{"not_picked":["Hologram","FTL"],"picked":"Leap","floor":3.0},{"not_picked":["Self Repair","Barrage"],"picked":"White Noise","floor":4.0},{"not_picked":["Steam","Gash"],"picked":"Rainbow","floor":7.0},{"not_picked":["Barrage","FTL"],"picked":"Leap","floor":13.0},{"not_picked":["Cold Snap","Doom and Gloom"],"picked":"BootSequence","floor":14.0},{"not_picked":["Gash","Turbo"],"picked":"Go for the Eyes","floor":14.0},{"not_picked":["Biased Cognition","Reboot"],"picked":"Fission","floor":16.0},{"not_picked":["Rebound","Barrage"],"picked":"Coolheaded","floor":18.0},{"not_picked":["Turbo+1","Stack"],"picked":"Leap","floor":18.0},{"not_picked":["Melter","Rebound"],"picked":"Beam Cell","floor":20.0},{"not_picked":["Sweeping Beam","Meteor Strike"],"picked":"Cold Snap","floor":20.0},{"not_picked":["Recycle+1","Fusion"],"picked":"Melter","floor":22.0},{"not_picked":["Beam Cell","Double Energy"],"picked":"Self Repair+1","floor":22.0},{"not_picked":["Force Field","Tempest"],"picked":"Conserve Battery","floor":24.0},{"not_picked":["Turbo","Gash"],"picked":"Stack","floor":28.0},{"not_picked":["Rebound","Leap"],"picked":"Stack","floor":28.0},{"not_picked":["Sweeping Beam","Redo"],"picked":"Thunder Strike","floor":30.0},{"not_picked":["Conserve Battery","FTL"],"picked":"Loop","floor":30.0},{"not_picked":["Scrape","Go for the Eyes"],"picked":"Hologram","floor":31.0},{"not_picked":["Beam Cell","Tempest"],"picked":"Leap","floor":31.0},{"not_picked":["Meteor Strike","Thunder Strike"],"picked":"Echo Form","floor":33.0},{"not_picked":["Rip and Tear","Steam+1"],"picked":"Coolheaded","floor":34.0},{"not_picked":["Steam Power","Rebound"],"picked":"Storm","floor":35.0},{"not_picked":["Conserve Battery","Reprogram+1"],"picked":"Stack+1","floor":35.0},{"not_picked":["Conserve Battery","Doom and Gloom+1"],"picked":"Capacitor","floor":41.0},{"not_picked":["Rebound","Compile Driver","Lockon"],"picked":"SKIP","floor":41.0},{"not_picked":["Skim+1","Steam"],"picked":"Self Repair","floor":44.0},{"not_picked":["Aggregate","Redo"],"picked":"Storm","floor":44.0}],"player_experience":2245520,"relics_obtained":[{"floor":7.0,"key":"Prayer Wheel"},{"floor":9.0,"key":"Torii"},{"floor":13.0,"key":"Regal Pillow"},{"floor":24.0,"key":"Mango"},{"floor":26.0,"key":"Gambling Chip"},{"floor":37.0,"key":"StoneCalendar"},{"floor":43.0,"key":"Letter Opener"}],"event_choices":[{"damage_healed":0.0,"max_hp_gain":0.0,"max_hp_loss":0.0,"gold_gain":0.0,"event_name":"Living Wall","player_choice":"Grow","floor":5.0,"gold_loss":0.0,"damage_taken":0.0,"cards_upgraded":["Defragment"]},{"damage_healed":0.0,"max_hp_gain":0.0,"max_hp_loss":0.0,"gold_gain":0.0,"event_name":"Dead Adventurer","player_choice":"Searched \u00271\u0027 times","floor":11.0,"gold_loss":0.0,"damage_taken":0.0,"relics_obtained":["Cables"]},{"damage_healed":0.0,"max_hp_gain":0.0,"max_hp_loss":0.0,"gold_gain":0.0,"event_name":"Addict","player_choice":"Obtained Relic","floor":19.0,"gold_loss":85.0,"damage_taken":0.0,"relics_obtained":["Meat on the Bone"]},{"cards_removed":["Go for the Eyes"],"damage_healed":0.0,"max_hp_gain":0.0,"max_hp_loss":0.0,"gold_gain":0.0,"event_name":"Falling","player_choice":"Removed Attack","floor":36.0,"gold_loss":0.0,"damage_taken":0.0},{"damage_healed":0.0,"max_hp_gain":0.0,"max_hp_loss":0.0,"gold_gain":0.0,"event_name":"MindBloom","player_choice":"Fight","floor":37.0,"gold_loss":0.0,"damage_taken":0.0},{"damage_healed":0.0,"max_hp_gain":0.0,"max_hp_loss":0.0,"gold_gain":0.0,"event_name":"Winding Halls","player_choice":"Embrace Madness","floor":39.0,"gold_loss":0.0,"damage_taken":16.0,"cards_obtained":["Madness","Madness"]}],"is_beta":false,"boss_relics":[{"not_picked":["Fusion Hammer","Runic Pyramid"],"picked":"Eternal Feather"},{"not_picked":["Runic Dome","Philosopher\u0027s Stone"],"picked":"Tiny House"}],"items_purged_floors":[27,38],"is_endless":false,"potions_floor_spawned":[4,13,16,18,24,30,31,35,41,44],"killed_by":"Reptomancer","ascension_level":19}