{"gold_per_floor":[19,19,19,34,34,34,73,73,98,98,116,160,56,69,69,190,190,206,206,221,221,246,246],"floor_reached":23,"playtime":2990,"items_purged":[],"score":246,"play_id":"5085a623-0b7f-41a3-b6bc-99859db5a98a","local_time":"20190210102848","is_ascension_mode":true,"campfire_choices":[{"floor":6,"key":"REST"},{"data":"Chaos","floor":8,"key":"SMITH"},{"data":"Fusion","floor":10,"key":"SMITH"},{"floor":15,"key":"REST"}],"neow_cost":"NO_GOLD","seed_source_timestamp":942585597165194,"circlet_count":0,"master_deck":["Strike_B+1","Strike_B+1","Strike_B+1","Strike_B+1","Defend_B","Defend_B","Defend_B","Defend_B","Zap","Dualcast","Buffer","Chaos+1","Glacier","Fusion+1","Recycle+1","Coolheaded","Defragment","Buffer","Coolheaded+1"],"relics":["Cracked Core","Golden Idol","Gambling Chip","Whetstone","Bottled Lightning","Inserter"],"potions_floor_usage":[7,16,16,16,23],"damage_taken":[{"damage":18,"enemies":"Small Slimes","floor":1,"turns":4},{"damage":0,"enemies":"Jaw Worm","floor":4,"turns":2},{"damage":0,"enemies":"3 Sentries","floor":7,"turns":11},{"damage":0,"enemies":"Cultist","floor":11,"turns":3},{"damage":13,"enemies":"Lagavulin","floor":12,"turns":11},{"damage":16,"enemies":"Exordium Wildlife","floor":14,"turns":3},{"damage":38,"enemies":"Hexaghost","floor":16,"turns":19},{"damage":13,"enemies":"Shell Parasite","floor":18,"turns":9},{"damage":11,"enemies":"Spheric Guardian","floor":20,"turns":10},{"damage":18,"enemies":"Snake Plant","floor":22,"turns":7},{"damage":39,"enemies":"Gremlin Leader","floor":23,"turns":6}],"seed_played":"-6429152566759982777","potions_obtained":[{"floor":1,"key":"EssenceOfSteel"},{"floor":7,"key":"Dexterity Potion"},{"floor":11,"key":"EssenceOfSteel"},{"floor":14,"key":"Block Potion"},{"floor":20,"key":"Strength Potion"}],"is_trial":false,"path_per_floor":["M","?","?","M","$","R","E","R","T","R","M","E","$","M","R","B",null,"M","?","M","?","M","E"],"character_chosen":"DEFECT","items_purchased":["Coolheaded","Defragment"],"campfire_rested":2,"item_purchase_floors":[13,13],"current_hp_per_floor":[57,42,24,24,24,46,46,46,46,46,46,33,33,17,39,1,75,62,62,51,51,33,0],"gold":246,"neow_bonus":"THREE_RARE_CARDS","is_prod":false,"is_daily":false,"chose_seed":false,"campfire_upgraded":2,"win_rate":0,"timestamp":1549756728,"path_taken":["M","?","?","M","?","R","E","R","T","R","M","E","$","?","R","BOSS","M","?","M","?","?","E"],"build_version":"2019-01-23","purchased_purges":0,"victory":false,"max_hp_per_floor":[75,75,75,75,75,75,75,75,75,75,75,75,75,75,75,75,75,75,75,75,75,75,75],"card_choices":[{"not_picked":["Seek","Machine Learning"],"picked":"Buffer","floor":0},{"not_picked":["Genetic Algorithm","Streamline"],"picked":"Chaos","floor":1},{"not_picked":["Streamline","Reinforced Body"],"picked":"Glacier","floor":4},{"not_picked":["Reinforced Body","Redo"],"picked":"Fusion","floor":7},{"not_picked":["Conserve Battery","Beam Cell"],"picked":"Recycle","floor":11},{"not_picked":["Steam","Sweeping Beam","Reinforced Body"],"picked":"SKIP","floor":12},{"not_picked":["Reprogram","Rebound","Melter"],"picked":"SKIP","floor":14},{"not_picked":["Amplify","Core Surge"],"picked":"Buffer","floor":16},{"not_picked":["Go for the Eyes","Leap"],"picked":"Coolheaded+1","floor":18},{"not_picked":["Go for the Eyes","Compile Driver","Redo"],"picked":"SKIP","floor":20},{"not_picked":["Melter","Turbo","Leap"],"picked":"SKIP","floor":22}],"player_experience":557386,"relics_obtained":[{"floor":7,"key":"Gambling Chip"},{"floor":9,"key":"Whetstone"},{"floor":12,"key":"Bottled Lightning"}],"event_choices":[{"damage_healed":0,"gold_gain":0,"player_choice":"Entered Light","damage_taken":15,"max_hp_gain":0,"max_hp_loss":0,"event_name":"Shining Light","floor":2,"gold_loss":0,"cards_upgraded":["Strike_B","Strike_B"]},{"damage_healed":0,"gold_gain":0,"player_choice":"Take Damage","damage_taken":18,"relics_obtained":["Golden Idol"],"max_hp_gain":0,"max_hp_loss":0,"event_name":"Golden Idol","floor":3,"gold_loss":0},{"damage_healed":0,"gold_gain":0,"player_choice":"Ignored","damage_taken":0,"max_hp_gain":0,"max_hp_loss":0,"event_name":"Ghosts","floor":19,"gold_loss":0},{"damage_healed":0,"gold_gain":0,"player_choice":"Upgraded","damage_taken":0,"max_hp_gain":0,"max_hp_loss":0,"event_name":"Upgrade Shrine","floor":21,"gold_loss":0,"cards_upgraded":["Recycle"]}],"is_beta":false,"boss_relics":[{"not_picked":["White Beast Statue","Runic Dome"],"picked":"Inserter"}],"items_purged_floors":[],"is_endless":false,"potions_floor_spawned":[1,7,11,14,20],"killed_by":"Gremlin Leader","ascension_level":2}