{"gold_per_floor":[109,124,124,124,9,41,41,87,114,114,149,162,162],"floor_reached":13,"playtime":317,"items_purged":[],"score":220,"play_id":"dfa369a7-a443-469a-af31-a85cb257c25e","local_time":"20190129190809","is_ascension_mode":true,"campfire_choices":[{"data":"White Noise","floor":7,"key":"SMITH"},{"data":"Zap","floor":10,"key":"SMITH"}],"neow_cost":"NONE","seed_source_timestamp":456432859884448,"circlet_count":0,"master_deck":["AscendersBane","Strike_B","Strike_B","Strike_B","Strike_B","Defend_B","Defend_B","Defend_B","Defend_B","Zap+1","Dualcast","Conserve Battery","Static Discharge","Gash","Loop","White Noise+1","BootSequence","Auto Shields"],"relics":["Cracked Core","NeowsBlessing","Turnip","Blood Vial","Strawberry","Lantern","Potion Belt"],"potions_floor_usage":[11],"damage_taken":[{"damage":0,"enemies":"Small Slimes","floor":1,"turns":1},{"damage":0,"enemies":"Jaw Worm","floor":2,"turns":1},{"damage":0,"enemies":"Gremlin Nob","floor":6,"turns":1},{"damage":28,"enemies":"Lagavulin","floor":11,"turns":5},{"damage":0,"enemies":"2 Louse","floor":12,"turns":3},{"damage":33,"enemies":"The Mushroom Lair","floor":13,"turns":3}],"seed_played":"-5601955816788624021","potions_obtained":[{"floor":1,"key":"FocusPotion"},{"floor":6,"key":"AttackPotion"}],"is_trial":false,"path_per_floor":["M","M","?","?","$","E","R","T","T","R","E","M","?"],"character_chosen":"DEFECT","items_purchased":["Gash","Loop"],"campfire_rested":0,"item_purchase_floors":[5,5],"current_hp_per_floor":[64,64,69,43,43,43,43,50,50,50,24,26,0],"gold":162,"neow_bonus":"THREE_ENEMY_KILL","is_prod":false,"is_daily":false,"chose_seed":false,"campfire_upgraded":2,"win_rate":0,"timestamp":1548806889,"path_taken":["M","M","?","?","$","E","R","?","T","R","E","M","?"],"build_version":"2019-01-23","purchased_purges":0,"victory":false,"max_hp_per_floor":[71,71,76,76,76,76,76,83,83,83,83,83,83],"card_choices":[{"not_picked":["Reprogram","Fusion"],"picked":"Conserve Battery","floor":1},{"not_picked":["Streamline","Hologram"],"picked":"Static Discharge","floor":2},{"not_picked":["Conserve Battery","Turbo"],"picked":"White Noise","floor":6},{"not_picked":["Redo","Fusion"],"picked":"BootSequence","floor":11},{"not_picked":["Steam Power","Sweeping Beam"],"picked":"Auto Shields","floor":12}],"player_experience":2211433,"relics_obtained":[{"floor":6,"key":"Blood Vial"},{"floor":8,"key":"Strawberry"},{"floor":9,"key":"Lantern"},{"floor":11,"key":"Potion Belt"}],"event_choices":[{"damage_healed":0,"gold_gain":0,"player_choice":"Donut","damage_taken":0,"max_hp_gain":5,"max_hp_loss":0,"event_name":"Big Fish","floor":3,"gold_loss":0},{"damage_healed":0,"gold_gain":0,"player_choice":"Success","damage_taken":26,"relics_obtained":["Turnip"],"max_hp_gain":0,"max_hp_loss":0,"event_name":"Scrap Ooze","floor":4,"gold_loss":0},{"damage_healed":0,"gold_gain":0,"player_choice":"Fought Mushrooms","damage_taken":0,"max_hp_gain":0,"max_hp_loss":0,"event_name":"Mushrooms","floor":13,"gold_loss":0}],"is_beta":false,"boss_relics":[],"items_purged_floors":[],"is_endless":false,"potions_floor_spawned":[1,6],"killed_by":"The Mushroom Lair","ascension_level":18}