{"gold_per_floor":[115,115,128,147,161,187,187,197,197,213,213,247,258,278,278,374,374,389,408,331,365,365,365,44,44],"floor_reached":25,"playtime":1903,"items_purged":[],"score":258,"play_id":"6ff19bad-fa2d-44d2-b895-d72ab58d451a","local_time":"20180714160713","is_ascension_mode":true,"campfire_choices":[{"data":"Footwork","floor":7,"key":"SMITH"},{"floor":11,"key":"REST"},{"floor":15,"key":"REST"},{"data":"A Thousand Cuts","floor":23,"key":"SMITH"}],"neow_cost":"NONE","seed_source_timestamp":236903177248746,"circlet_count":0,"master_deck":["Survivor","Neutralize","Footwork+1","Dodge and Roll","Burst","Deadly Poison","Bouncing Flask","Bouncing Flask","Footwork","Deflect","Glass Knife","Well Laid Plans","A Thousand Cuts+1","Accuracy","Calculated Gamble","Outmaneuver","Noxious Fumes","Infinite Blades","PiercingWail","Eviscerate","Deflect","Eviscerate","Expertise","PiercingWail","Dodge and Roll","J.A.X.","Infinite Blades","Catalyst","Footwork"],"relics":["Ring of the Snake","Strawberry","Peace Pipe","Juzu Bracelet","Vajra","Pandora\u0027s Box","Red Mask","TwistedFunnel"],"potions_floor_usage":[5,6,6,6,6,6,12,13,16,21,21],"damage_taken":[{"damage":13,"enemies":"Cultist","floor":1,"turns":6},{"damage":0,"enemies":"2 Louse","floor":3,"turns":4},{"damage":2,"enemies":"Jaw Worm","floor":4,"turns":5},{"damage":4,"enemies":"3 Louse","floor":5,"turns":10},{"damage":19,"enemies":"Gremlin Nob","floor":6,"turns":5},{"damage":8,"enemies":"Large Slime","floor":8,"turns":7},{"damage":15,"enemies":"2 Fungi Beasts","floor":10,"turns":5},{"damage":6,"enemies":"3 Sentries","floor":12,"turns":12},{"damage":2,"enemies":"Looter","floor":13,"turns":3},{"damage":9,"enemies":"3 Louse","floor":14,"turns":6},{"damage":2,"enemies":"The Guardian","floor":16,"turns":8},{"damage":0,"enemies":"Chosen","floor":18,"turns":5},{"damage":11,"enemies":"Spheric Guardian","floor":19,"turns":3},{"damage":34,"floor":21,"turns":6},{"damage":60,"enemies":"Cultist and Chosen","floor":25,"turns":8}],"seed_played":"-8789527313380157006","potions_obtained":[{"floor":2,"key":"EntropicBrew"},{"floor":2,"key":"EssenceOfSteel"},{"floor":2,"key":"EssenceOfSteel"},{"floor":5,"key":"Strength Potion"},{"floor":6,"key":"SkillPotion"},{"floor":12,"key":"Weak Potion"},{"floor":16,"key":"SpeedPotion"},{"floor":19,"key":"Ancient Potion"}],"is_trial":false,"path_per_floor":["M","?","M","M","M","E","R","M","T","M","R","E","M","M","R","B",null,"M","M","?","?","?","R","$"],"character_chosen":"THE_SILENT","items_purchased":["TwistedFunnel","Catalyst","Footwork"],"campfire_rested":2,"item_purchase_floors":[24,24,24],"current_hp_per_floor":[64,64,64,62,58,39,39,31,31,16,39,33,31,22,45,43,77,77,66,66,32,32,32,32,0],"gold":44,"neow_bonus":"RANDOM_COMMON_RELIC","is_prod":false,"is_daily":false,"chose_seed":false,"campfire_upgraded":2,"win_rate":0,"timestamp":1531550233,"path_taken":["M","?","M","M","M","E","R","M","T","M","R","E","M","M","R","BOSS","M","M","?","?","?","R","$","M"],"build_version":"2018-07-12","purchased_purges":0,"victory":false,"max_hp_per_floor":[77,77,77,77,77,77,77,77,77,77,77,77,77,77,77,77,77,77,77,77,77,77,77,77,77],"card_choices":[{"not_picked":["Poisoned Stab","Slice"],"picked":"Footwork","floor":1},{"not_picked":["Slice","Distraction"],"picked":"Dodge and Roll","floor":3},{"not_picked":["Prepared","Dodge and Roll"],"picked":"Burst","floor":4},{"not_picked":["Sucker Punch","Reflex"],"picked":"Deadly Poison","floor":5},{"not_picked":["Backstab","Deflect"],"picked":"Bouncing Flask","floor":6},{"not_picked":["PiercingWail","Dagger Spray"],"picked":"Bouncing Flask","floor":8},{"not_picked":["Flying Knee","Slice"],"picked":"Footwork","floor":10},{"not_picked":["Prepared","Backflip"],"picked":"Deflect","floor":12},{"not_picked":["Quick Slash","Slice"],"picked":"Glass Knife","floor":13},{"not_picked":["Reflex","Escape Plan"],"picked":"Well Laid Plans","floor":14},{"not_picked":["Glass Knife","Die Die Die"],"picked":"A Thousand Cuts","floor":16},{"not_picked":["Dagger Spray","Quick Slash+1"],"picked":"PiercingWail","floor":18},{"not_picked":["Slice","Bane+1"],"picked":"Dodge and Roll","floor":19},{"not_picked":["Terror","Deadly Poison"],"picked":"Infinite Blades","floor":21}],"player_experience":132166,"relics_obtained":[{"floor":6,"key":"Peace Pipe"},{"floor":9,"key":"Juzu Bracelet"},{"floor":12,"key":"Vajra"},{"floor":21,"key":"Red Mask"}],"event_choices":[{"event_name":"The Lab","player_choice":"Got Potions","floor":2,"damage_taken":0},{"event_name":"Drug Dealer","player_choice":"Got JAXXED","floor":20,"damage_taken":0},{"event_name":"Masked Bandits","player_choice":"Fought over 331 gold","floor":21,"damage_taken":0},{"event_name":"Ghosts","player_choice":"Ignored","floor":22,"damage_taken":0}],"boss_relics":[{"not_picked":["Empty Cage","Tiny House"],"picked":"Pandora\u0027s Box"}],"items_purged_floors":[],"is_endless":false,"potions_floor_spawned":[5,6,12,16,19],"killed_by":"Cultist and Chosen","ascension_level":4}