{"gold_per_floor":[110,35,35,35,47,47,60,60,85,85,105,69,83,158,158,235,235,253,42,56,56,56,56,56,56,81,97,123,150,150,179,179,250,250,266,64,64,81,303,303,323,323,323,341,341],"floor_reached":45,"playtime":1365,"items_purged":["Strike_R"],"score":758,"play_id":"7c340558-b912-48f0-ab73-9c24c43f8fd9","local_time":"20190210203456","is_ascension_mode":true,"campfire_choices":[{"data":"Carnage","floor":6,"key":"SMITH"},{"data":"Metallicize","floor":8,"key":"SMITH"},{"data":"Defend_R","floor":10,"key":"SMITH"},{"data":"Whirlwind","floor":15,"key":"SMITH"},{"floor":23,"key":"REST"},{"data":"Flex","floor":25,"key":"SMITH"},{"floor":32,"key":"REST"},{"data":"Limit Break","floor":40,"key":"SMITH"}],"neow_cost":"NONE","seed_source_timestamp":1593510782950813,"circlet_count":0,"master_deck":["AscendersBane","Defend_R+1","Defend_R","Defend_R","Defend_R","Bash+1","Carnage+1","Metallicize+1","Whirlwind+1","Double Tap","Flex+1","Finesse","Flex","Seeing Red","Spot Weakness+1","Limit Break+1","Headbutt+1","Infernal Blade+1","Fire Breathing+1","Shrug It Off","Sever Soul"],"relics":["Burning Blood","Velvet Choker","Orichalcum","Bag of Marbles","Red Mask","Nloth\u0027s Gift","Frozen Egg 2","Astrolabe","Chemical X","Question Card"],"potions_floor_usage":[16,16,33,33,35,45],"damage_taken":[{"damage":7,"enemies":"Jaw Worm","floor":1,"turns":3},{"damage":3,"enemies":"2 Louse","floor":5,"turns":3},{"damage":1,"enemies":"Cultist","floor":7,"turns":3},{"damage":5,"enemies":"2 Fungi Beasts","floor":11,"turns":3},{"damage":13,"enemies":"Blue Slaver","floor":13,"turns":3},{"damage":35,"enemies":"Slime Boss","floor":16,"turns":11},{"damage":2,"enemies":"Chosen","floor":18,"turns":4},{"damage":19,"enemies":"Spheric Guardian","floor":20,"turns":4},{"damage":14,"enemies":"Colosseum Slavers","floor":21,"turns":4},{"damage":6,"enemies":"Chosen and Byrds","floor":27,"turns":3},{"damage":0,"enemies":"Masked Bandits","floor":29,"turns":1},{"damage":57,"enemies":"Book of Stabbing","floor":31,"turns":6},{"damage":17,"enemies":"Collector","floor":33,"turns":6},{"damage":0,"enemies":"3 Shapes","floor":35,"turns":2},{"damage":4,"enemies":"3 Darklings","floor":38,"turns":3},{"damage":53,"enemies":"Transient","floor":41,"turns":5},{"damage":3,"enemies":"Spire Growth","floor":44,"turns":4},{"damage":30,"enemies":"Sphere and 2 Shapes","floor":45,"turns":5}],"seed_played":"603112932185406724","potions_obtained":[{"floor":1,"key":"SteroidPotion"},{"floor":5,"key":"SkillPotion"},{"floor":18,"key":"Poison Potion"},{"floor":31,"key":"Dexterity Potion"},{"floor":33,"key":"Explosive Potion"},{"floor":38,"key":"Strength Potion"},{"floor":41,"key":"Weak Potion"}],"is_trial":false,"path_per_floor":["M","?","?","$","M","R","M","R","T","R","M","$","M","?","R","B",null,"M","$","M","?","?","R","?","R","T","M","T","?","?","E","R","B",null,"M","$","?","M","?","R","M","?","T","M","M"],"character_chosen":"IRONCLAD","items_purchased":["Whirlwind","Flex","Finesse","Chemical X"],"campfire_rested":2,"item_purchase_floors":[12,19,19,36],"current_hp_per_floor":[67,67,67,67,70,70,75,75,75,75,75,75,68,57,57,28,63,67,67,54,46,46,68,68,68,68,68,68,74,74,23,45,34,65,71,71,71,73,73,73,26,26,26,29,0],"gold":341,"neow_bonus":"THREE_CARDS","is_prod":false,"is_daily":false,"chose_seed":false,"campfire_upgraded":6,"win_rate":0,"timestamp":1549798496,"path_taken":["M","?","?","$","M","R","M","R","T","R","M","$","?","?","R","BOSS","M","$","M","?","?","R","?","R","T","?","?","?","?","E","R","BOSS","M","$","?","M","?","R","M","?","T","M","?"],"build_version":"2019-01-23","purchased_purges":1,"victory":false,"max_hp_per_floor":[75,75,75,75,75,75,75,75,75,75,75,75,75,75,75,75,75,75,75,75,75,75,75,75,75,75,75,75,75,75,75,75,75,75,75,75,75,75,75,75,75,75,75,75,75],"card_choices":[{"not_picked":["Armaments","Body Slam"],"picked":"Carnage","floor":0},{"not_picked":["Entrench","Armaments"],"picked":"Metallicize","floor":1},{"not_picked":["Wild Strike","Cleave","Twin Strike"],"picked":"SKIP","floor":5},{"not_picked":["Pummel","Cleave","Heavy Blade"],"picked":"SKIP","floor":7},{"not_picked":["Searing Blow","Body Slam","Iron Wave"],"picked":"SKIP","floor":11},{"not_picked":["Havoc","Perfected Strike"],"picked":"Dropkick","floor":13},{"not_picked":["Reaper","Juggernaut"],"picked":"Double Tap","floor":16},{"not_picked":["Heavy Blade","Havoc","Body Slam+1"],"picked":"SKIP","floor":18},{"not_picked":["Wild Strike","Cleave","Iron Wave"],"picked":"SKIP","floor":20},{"not_picked":["Sword Boomerang","Heavy Blade"],"picked":"Flex","floor":23},{"not_picked":["Twin Strike","Wild Strike"],"picked":"Spot Weakness+1","floor":27},{"not_picked":["Wild Strike","Burning Pact","Brutality"],"picked":"SKIP","floor":31},{"not_picked":["Demon Form+1","Immolate"],"picked":"Limit Break","floor":33},{"not_picked":["Wild Strike","Sword Boomerang","Pummel"],"picked":"SKIP","floor":35},{"not_picked":["Wild Strike","Clash","Infernal Blade"],"picked":"SKIP","floor":38},{"not_picked":["Entrench","Rampage"],"picked":"Shrug It Off","floor":41},{"not_picked":["Clash","Searing Blow","Double Tap","Flex"],"picked":"SKIP","floor":44}],"player_experience":514470,"relics_obtained":[{"floor":9,"key":"Dream Catcher"},{"floor":26,"key":"Orichalcum"},{"floor":28,"key":"Bag of Marbles"},{"floor":29,"key":"Red Mask"},{"floor":31,"key":"Frozen Egg 2"},{"floor":43,"key":"Question Card"}],"event_choices":[{"cards_removed":["Strike_R"],"damage_healed":0,"gold_gain":0,"player_choice":"Card Removal","damage_taken":0,"max_hp_gain":0,"max_hp_loss":0,"event_name":"The Cleric","floor":2,"gold_loss":75},{"damage_healed":0,"gold_gain":0,"player_choice":"Upgraded","damage_taken":0,"max_hp_gain":0,"max_hp_loss":0,"event_name":"Upgrade Shrine","floor":3,"gold_loss":0,"cards_upgraded":["Bash"]},{"damage_healed":0,"gold_gain":75,"player_choice":"Gather Gold","damage_taken":11,"max_hp_gain":0,"max_hp_loss":0,"event_name":"World of Goop","floor":14,"gold_loss":0},{"damage_healed":0,"gold_gain":0,"player_choice":"Fight","damage_taken":0,"max_hp_gain":0,"max_hp_loss":0,"event_name":"Colosseum","floor":21,"gold_loss":0},{"damage_healed":0,"gold_gain":0,"player_choice":"Fled From Nobs","damage_taken":0,"max_hp_gain":0,"max_hp_loss":0,"event_name":"Colosseum","floor":21,"gold_loss":0},{"damage_healed":0,"gold_gain":0,"player_choice":"Read","damage_taken":0,"max_hp_gain":0,"max_hp_loss":0,"event_name":"The Library","floor":24,"gold_loss":0,"cards_obtained":["Seeing Red"]},{"damage_healed":0,"gold_gain":0,"player_choice":"Fought Bandits","damage_taken":0,"max_hp_gain":0,"max_hp_loss":0,"event_name":"Masked Bandits","floor":29,"gold_loss":0},{"damage_healed":0,"gold_gain":0,"player_choice":"Traded Relic","damage_taken":0,"relics_obtained":["Nloth\u0027s Gift"],"max_hp_gain":0,"max_hp_loss":0,"event_name":"N\u0027loth","floor":30,"relics_lost":["Dream Catcher"],"gold_loss":0},{"damage_healed":0,"gold_gain":0,"player_choice":"Memory 1","damage_taken":0,"max_hp_gain":0,"max_hp_loss":0,"event_name":"SensoryStone","floor":37,"gold_loss":0},{"damage_healed":0,"gold_gain":222,"player_choice":"Wore Mask","damage_taken":0,"max_hp_gain":0,"max_hp_loss":0,"event_name":"Tomb of Lord Red Mask","floor":39,"gold_loss":0},{"damage_healed":0,"gold_gain":0,"cards_transformed":["Strike_R"],"player_choice":"Transformed","damage_taken":0,"max_hp_gain":0,"max_hp_loss":0,"event_name":"Transmorgrifier","floor":42,"gold_loss":0,"cards_obtained":["Sever Soul"]}],"is_beta":false,"boss_relics":[{"not_picked":["Runic Cube","Fusion Hammer"],"picked":"Velvet Choker"},{"not_picked":["Lizard Tail","Black Star"],"picked":"Astrolabe"}],"items_purged_floors":[19],"is_endless":false,"potions_floor_spawned":[1,5,13,18,21,31,33,38,41],"killed_by":"Sphere and 2 Shapes","ascension_level":15}