{"gold_per_floor":[115,134,152,132,149,212,212,232,232,257,257,32,57,70,70,169,169,187,206,54,153,153,153,165,165,219,219,13,13,25,38,38,136,136,149,162,162,172,172,172,172,190,190,207,147,158,158,177,177,177],"floor_reached":50,"playtime":4460,"items_purged":["Writhe"],"score":559,"play_id":"61a91dd0-49cb-4226-8567-41bfa2e73bef","local_time":"20181029170953","is_ascension_mode":true,"campfire_choices":[{"floor":11,"key":"REST"},{"data":"Creative AI","floor":15,"key":"SMITH"},{"floor":23,"key":"REST"},{"floor":25,"key":"REST"},{"floor":27,"key":"REST"},{"floor":32,"key":"REST"},{"data":"Zap","floor":40,"key":"SMITH"},{"floor":47,"key":"REST"},{"floor":49,"key":"REST"}],"neow_cost":"NONE","seed_source_timestamp":780811949041965,"circlet_count":0,"master_deck":["Strike_B+1","Strike_B+1","Strike_B+1","Strike_B+1","Defend_B+1","Defend_B+1","Defend_B+1","Defend_B+1","Zap+1","Dualcast+1","Ball Lightning+1","Sweeping Beam+1","Creative AI+1","Steam+1","Conserve Battery+1","Defragment+1","BootSequence+1","Cold Snap+1","Loop+1","Consume+1","Biased Cognition+1","Conserve Battery+1","Go for the Eyes+1","Chill+1","Doom and Gloom+1","Leap+1","Redo+1","Core Surge+1","Reinforced Body+1","Leap+1"],"relics":["Cracked Core","Strawberry","Tiny Chest","Bottled Flame","Question Card","Runic Capacitor","PreservedInsect","Lizard Tail","Dodecahedron","Bag of Preparation","Regal Pillow","White Beast Statue","Mark of the Bloom","The Courier"],"potions_floor_usage":[5,5,5,5,6,6,10,16,24,36,48,48,48],"damage_taken":[{"damage":7,"enemies":"Jaw Worm","floor":1,"turns":3},{"damage":0,"enemies":"Cultist","floor":2,"turns":3},{"damage":3,"enemies":"Small Slimes","floor":3,"turns":3},{"damage":0,"enemies":"Looter","floor":5,"turns":1},{"damage":30,"enemies":"3 Sentries","floor":6,"turns":6},{"damage":0,"enemies":"Blue Slaver","floor":8,"turns":4},{"damage":23,"enemies":"Lagavulin","floor":10,"turns":6},{"damage":5,"enemies":"3 Sentries","floor":13,"turns":6},{"damage":0,"enemies":"3 Louse","floor":14,"turns":3},{"damage":10,"enemies":"Hexaghost","floor":16,"turns":10},{"damage":27,"enemies":"Shell Parasite","floor":18,"turns":8},{"damage":42,"enemies":"3 Byrds","floor":19,"turns":9},{"damage":9,"enemies":"Shelled Parasite and Fungi","floor":24,"turns":6},{"damage":35,"enemies":"Snecko","floor":30,"turns":6},{"damage":3,"enemies":"Centurion and Healer","floor":31,"turns":6},{"damage":53,"enemies":"Champ","floor":33,"turns":11},{"damage":20,"enemies":"Orb Walker","floor":35,"turns":5},{"damage":60,"enemies":"3 Darklings","floor":36,"turns":7},{"damage":27,"enemies":"4 Shapes","floor":38,"turns":10},{"damage":0,"enemies":"Sphere and 2 Shapes","floor":42,"turns":6},{"damage":0,"enemies":"Maw","floor":44,"turns":8},{"damage":0,"enemies":"Spire Growth","floor":46,"turns":5},{"damage":7,"enemies":"Transient","floor":48,"turns":5},{"damage":66,"enemies":"Time Eater","floor":50,"turns":5}],"seed_played":"8017599050931628473","potions_obtained":[{"floor":2,"key":"Energy Potion"},{"floor":3,"key":"Weak Potion"},{"floor":4,"key":"EntropicBrew"},{"floor":6,"key":"Weak Potion"},{"floor":14,"key":"Dexterity Potion"},{"floor":19,"key":"Dexterity Potion"},{"floor":30,"key":"Dexterity Potion"},{"floor":33,"key":"Explosive Potion"},{"floor":35,"key":"FearPotion"},{"floor":36,"key":"EssenceOfSteel"},{"floor":38,"key":"Strength Potion"},{"floor":48,"key":"Poison Potion"}],"is_trial":false,"path_per_floor":["M","M","M","?","M","E","?","M","T","E","R","$","E","M","R","B",null,"M","M","$","?","T","R","M","R","T","R","$","$","M","M","R","B",null,"M","M","?","M","?","R","?","M","T","M","$","M","R","M","R"],"character_chosen":"DEFECT","items_purchased":["Runic Capacitor","Cold Snap","Chill","Doom and Gloom","Leap","Regal Pillow"],"campfire_rested":7,"item_purchase_floors":[12,12,20,20,28,28],"current_hp_per_floor":[75,75,72,72,72,56,56,56,56,33,57,57,52,52,52,42,82,55,13,13,13,13,37,28,52,52,76,76,76,41,38,77,24,82,62,2,23,38,72,72,72,72,72,72,72,72,72,65,65,0],"gold":177,"neow_bonus":"RANDOM_COMMON_RELIC","is_prod":false,"is_daily":false,"chose_seed":false,"campfire_upgraded":2,"win_rate":0,"timestamp":1540850993,"path_taken":["M","M","M","?","M","E","?","M","T","E","R","$","E","M","R","BOSS","M","M","$","?","?","R","M","R","T","R","?","$","M","?","R","BOSS","M","M","?","M","?","R","?","M","T","M","$","M","R","M","R","BOSS"],"build_version":"2018-10-29","purchased_purges":1,"victory":false,"max_hp_per_floor":[82,82,82,82,82,82,82,82,82,82,82,82,82,82,82,82,82,82,82,82,82,82,82,82,82,82,82,82,82,82,82,82,82,82,82,82,82,82,72,72,72,72,72,72,72,72,72,72,72,72],"card_choices":[{"not_picked":["Beam Cell","Sunder"],"picked":"Ball Lightning","floor":1},{"not_picked":["Beam Cell","Steam"],"picked":"Sweeping Beam","floor":2},{"not_picked":["Chaos","Gash"],"picked":"Creative AI","floor":3},{"not_picked":["Compile Driver","Turbo"],"picked":"Steam","floor":5},{"not_picked":["Hologram","Barrage"],"picked":"Conserve Battery","floor":6},{"not_picked":["Stack","Heatsinks"],"picked":"Defragment","floor":8},{"not_picked":["Consume","Double Energy"],"picked":"BootSequence","floor":10},{"not_picked":["Hello World","Rebound","Buffer"],"picked":"Loop","floor":13},{"not_picked":["Genetic Algorithm","Compile Driver","White Noise"],"picked":"Consume","floor":14},{"not_picked":["Amplify","Rainbow","Reboot"],"picked":"Biased Cognition","floor":16},{"not_picked":["Hologram","Consume","Streamline"],"picked":"Conserve Battery+1","floor":18},{"not_picked":["Barrage","All For One","Hello World"],"picked":"Go for the Eyes","floor":19},{"not_picked":["Rebound+1","Stack","Ball Lightning","White Noise"],"picked":"SKIP","floor":24},{"not_picked":["White Noise","Stack","Cold Snap"],"picked":"Redo+1","floor":30},{"not_picked":["Conserve Battery+1","Turbo","Sweeping Beam","Reprogram"],"picked":"SKIP","floor":31},{"not_picked":["Creative AI","Hyperbeam","Reboot"],"picked":"Core Surge","floor":33},{"not_picked":["Rebound+1","Turbo","Conserve Battery+1","Steam"],"picked":"SKIP","floor":35},{"not_picked":["Coolheaded","Heatsinks+1","Beam Cell"],"picked":"Reinforced Body","floor":36},{"not_picked":["Turbo+1","Gash","Seek"],"picked":"Leap+1","floor":38},{"not_picked":["Sweeping Beam","Conserve Battery+1","Redo","Go for the Eyes+1"],"picked":"SKIP","floor":42},{"not_picked":["Sweeping Beam+1","Heatsinks","Rebound+1","Turbo"],"picked":"SKIP","floor":44},{"not_picked":["Redo","Meteor Strike","Barrage","Self Repair"],"picked":"SKIP","floor":46},{"not_picked":["Ball Lightning+1","Heatsinks+1","Redo","Rebound"],"picked":"SKIP","floor":48}],"player_experience":487292,"relics_obtained":[{"floor":6,"key":"Tiny Chest"},{"floor":9,"key":"Bottled Flame"},{"floor":10,"key":"Question Card"},{"floor":13,"key":"PreservedInsect"},{"floor":22,"key":"Dodecahedron"},{"floor":26,"key":"Bag of Preparation"},{"floor":43,"key":"The Courier"}],"event_choices":[{"damage_healed":0,"gold_gain":0,"player_choice":"Bought 1 Potion","damage_taken":0,"max_hp_gain":0,"max_hp_loss":0,"event_name":"The Woman in Blue","floor":4,"gold_loss":0},{"damage_healed":0,"gold_gain":0,"player_choice":"Ignored","damage_taken":0,"max_hp_gain":0,"max_hp_loss":0,"event_name":"Shining Light","floor":7,"gold_loss":0},{"damage_healed":0,"gold_gain":99,"player_choice":"Stole From Cult","damage_taken":0,"max_hp_gain":0,"max_hp_loss":0,"event_name":"Nest","floor":21,"gold_loss":0},{"damage_healed":21,"gold_gain":0,"player_choice":"Writhe","damage_taken":0,"max_hp_gain":0,"max_hp_loss":0,"event_name":"Winding Halls","floor":37,"gold_loss":0,"cards_obtained":["Writhe"]},{"damage_healed":72,"gold_gain":0,"player_choice":"Heal","damage_taken":0,"max_hp_gain":0,"max_hp_loss":10,"event_name":"The Moai Head","floor":39,"gold_loss":0},{"damage_healed":0,"gold_gain":0,"player_choice":"Upgrade","damage_taken":0,"relics_obtained":["Mark of the Bloom"],"max_hp_gain":0,"max_hp_loss":0,"event_name":"MindBloom","floor":41,"gold_loss":0,"cards_upgraded":["Strike_B","Strike_B","Strike_B","Strike_B","Defend_B","Defend_B","Defend_B","Defend_B","Dualcast","Ball Lightning","Sweeping Beam","Steam","Conserve Battery","Defragment","BootSequence","Cold Snap","Loop","Consume","Biased Cognition","Go for the Eyes","Chill","Doom and Gloom","Leap","Core Surge","Reinforced Body"]}],"is_beta":true,"boss_relics":[{"not_picked":["Velvet Choker","Calling Bell"],"picked":"Lizard Tail"},{"not_picked":["Runic Pyramid","Coffee Dripper"],"picked":"White Beast Statue"}],"items_purged_floors":[45],"is_endless":false,"potions_floor_spawned":[2,3,6,14,19,30,33,35,36,38,42,44,46,48],"killed_by":"Time Eater","ascension_level":4}