{"gold_per_floor":[115,215,229,229,239,239,270,445,445,477,477,477],"floor_reached":12,"playtime":644,"items_purged":[],"score":142,"play_id":"4aebbf4a-5c6f-40bf-a93f-f1ea2e32c577","local_time":"20180806124722","is_ascension_mode":true,"campfire_choices":[{"floor":6,"key":"REST"}],"neow_cost":"NONE","seed_source_timestamp":1019569449649959,"circlet_count":0,"master_deck":["Strike_B","Strike_B","Strike_B","Strike_B","Defend_B","Defend_B","Defend_B","Defend_B","Zap","Dualcast","AscendersBane","Melter","Blizzard","Redo","Redo","Doubt","FTL"],"relics":["Cracked Core","Happy Flower","Darkstone Periapt","Unceasing Top","Juzu Bracelet","Pen Nib"],"potions_floor_usage":[7,7],"damage_taken":[{"damage":5,"enemies":"Small Slimes","floor":1,"turns":3},{"damage":6,"enemies":"Cultist","floor":3,"turns":3},{"damage":12,"enemies":"Jaw Worm","floor":5,"turns":3},{"damage":8,"enemies":"3 Sentries","floor":7,"turns":6},{"damage":35,"enemies":"Lagavulin","floor":10,"turns":6},{"damage":33,"enemies":"Exordium Thugs","floor":12,"turns":3}],"seed_played":"-4151374846475446763","potions_obtained":[{"floor":1,"key":"Energy Potion"},{"floor":5,"key":"FocusPotion"},{"floor":10,"key":"Energy Potion"}],"is_trial":false,"path_per_floor":["M","?","M","T","M","R","E","?","T","E","?"],"character_chosen":"DEFECT","items_purchased":[],"campfire_rested":1,"item_purchase_floors":[],"current_hp_per_floor":[63,63,57,57,45,67,59,65,65,30,30,0],"gold":477,"neow_bonus":"RANDOM_COMMON_RELIC","is_prod":false,"is_daily":false,"chose_seed":false,"campfire_upgraded":0,"win_rate":0,"timestamp":1533574042,"path_taken":["M","?","M","?","M","R","E","?","T","E","?","M"],"build_version":"2018-08-02","purchased_purges":0,"victory":false,"max_hp_per_floor":[75,75,75,75,75,75,75,81,81,81,81,81],"card_choices":[{"not_picked":["Rip and Tear","Beam Cell"],"picked":"Melter","floor":1},{"not_picked":["Stack","Turbo"],"picked":"Blizzard","floor":3},{"not_picked":["Conserve Battery","Melter"],"picked":"Redo","floor":5},{"not_picked":["Stack","Steam"],"picked":"Redo","floor":7},{"not_picked":["Multi-Cast","Barrage"],"picked":"FTL","floor":10}],"player_experience":1454071,"relics_obtained":[{"floor":4,"key":"Darkstone Periapt"},{"floor":7,"key":"Unceasing Top"},{"floor":9,"key":"Juzu Bracelet"},{"floor":10,"key":"Pen Nib"}],"event_choices":[{"event_name":"Wheel of Change","player_choice":"Gold","floor":2,"damage_taken":0},{"event_name":"Liars Game","player_choice":"agreed","floor":8,"damage_taken":0},{"event_name":"Shining Light","player_choice":"Ignored","floor":11,"damage_taken":0}],"is_beta":false,"boss_relics":[],"items_purged_floors":[],"is_endless":false,"potions_floor_spawned":[1,5,10],"killed_by":"Exordium Thugs","ascension_level":13}