{"gold_per_floor":[114,128,139,165,165,165,165,165,218,218,19,19,49,60,60,164,164,178,191,116,132,143,143,158,188,268,283,283],"floor_reached":28,"playtime":1751,"items_purged":[],"score":378,"play_id":"6e026ba4-d539-427b-a76c-7a49cfcd2c3d","local_time":"20180711022444","is_ascension_mode":true,"campfire_choices":[{"data":"White Noise","floor":6.0,"key":"SMITH"},{"data":"Dualcast","floor":8.0,"key":"SMITH"},{"data":"Defragment","floor":10.0,"key":"SMITH"},{"floor":15.0,"key":"REST"},{"data":"Defragment","floor":23,"key":"SMITH"}],"neow_cost":"NONE","seed_source_timestamp":1808854941777,"circlet_count":0,"master_deck":["Strike_B","Strike_B","Defend_B","Defend_B+1","Defend_B","Defend_B","Zap+1","Dualcast+1","Echo Form","Defragment+1","Heatsinks","White Noise+1","Genetic Algorithm","Ball Lightning","FTL","Buffer","Glacier+1","Consume","Loop+1","Defragment+1","Leap","Sunder","Double Energy+1","Go for the Eyes+1","Electrodynamics","Loop","Leap","Defragment"],"special_seed":0,"relics":["Cracked Core","Potion Belt","Tiny Chest","Lee\u0027s Waffle","Prayer Wheel","Nuclear Battery","Red Mask","Smiling Mask"],"potions_floor_usage":[25,25,27],"damage_taken":[{"damage":1.0,"enemies":"Cultist","floor":1.0,"turns":4.0},{"damage":13.0,"enemies":"2 Louse","floor":2.0,"turns":4.0},{"damage":0.0,"enemies":"Small Slimes","floor":3.0,"turns":4.0},{"damage":30.0,"enemies":"Gremlin Nob","floor":13.0,"turns":4.0},{"damage":16.0,"enemies":"Exordium Wildlife","floor":14.0,"turns":4.0},{"damage":0.0,"enemies":"Slime Boss","floor":16.0,"turns":8.0},{"damage":0.0,"enemies":"Spheric Guardian","floor":18.0,"turns":3.0},{"damage":0.0,"enemies":"Shell Parasite","floor":19.0,"turns":7.0},{"damage":5,"enemies":"Cultist and Chosen","floor":21,"turns":10},{"damage":16,"enemies":"Centurion and Healer","floor":22,"turns":8},{"damage":6,"enemies":"Snake Plant","floor":24,"turns":5},{"damage":12,"floor":25,"turns":2},{"damage":0,"enemies":"Chosen and Byrds","floor":27,"turns":5},{"damage":43,"enemies":"Slaver and Parasite","floor":28,"turns":3}],"seed_played":"-5376741996341952788","potions_obtained":[{"floor":2.0,"key":"AttackPotion"},{"floor":13.0,"key":"Explosive Potion"},{"floor":14.0,"key":"Swift Potion"},{"floor":21,"key":"FocusPotion"},{"floor":22,"key":"Explosive Potion"},{"floor":24,"key":"Swift Potion"}],"is_trial":false,"path_per_floor":["M","M","M","T","?","R","?","R","T","R","$","$","E","M","R","B",null,"M","M","?","M","M","R","M","?","T","M"],"character_chosen":"DEFECT","items_purchased":["Lee\u0027s Waffle"],"campfire_rested":1,"item_purchase_floors":[11],"current_hp_per_floor":[67,54,54,54,39,39,39,39,39,39,82,82,52,43,67,67,78,78,78,78,73,57,57,51,39,39,39,0],"gold":283,"neow_bonus":"TRANSFORM_CARD","is_prod":false,"is_daily":false,"chose_seed":false,"campfire_upgraded":4,"win_rate":0,"timestamp":1531268684,"path_taken":["M","?","M","?","?","R","?","R","T","R","?","$","E","?","R","BOSS","M","M","?","?","M","R","M","?","T","M","M"],"build_version":"2018-07-09","purchased_purges":0,"victory":false,"max_hp_per_floor":[75,75,75,75,75,75,75,75,75,75,82,82,82,82,82,82,82,82,82,82,82,82,82,82,82,82,82,82],"card_choices":[{"not_picked":["Stack","Conserve Battery"],"picked":"Defragment","floor":1.0},{"not_picked":["Stack","Rebound"],"picked":"Heatsinks","floor":2.0},{"not_picked":["Hologram","Cold Snap"],"picked":"White Noise","floor":3.0},{"not_picked":["Reprogram","Stack"],"picked":"Genetic Algorithm","floor":13.0},{"not_picked":["Hologram","Force Field"],"picked":"Ball Lightning","floor":14.0},{"not_picked":["Redo","Gash"],"picked":"FTL","floor":14.0},{"not_picked":["Fission","Rainbow"],"picked":"Buffer","floor":16.0},{"not_picked":["Leap","Ball Lightning"],"picked":"Glacier+1","floor":18.0},{"not_picked":["Ball Lightning","Compile Driver"],"picked":"Consume","floor":18.0},{"not_picked":["Compile Driver+1","Undo"],"picked":"Loop+1","floor":19.0},{"not_picked":["Gash+1","Barrage"],"picked":"Defragment","floor":19.0},{"not_picked":["Streamline+1","Steam+1"],"picked":"Leap","floor":21},{"not_picked":["Force Field","Cold Snap"],"picked":"Sunder","floor":21},{"not_picked":["Rebound","Undo"],"picked":"Double Energy+1","floor":22},{"not_picked":["Steam Power","Redo"],"picked":"Go for the Eyes+1","floor":22},{"not_picked":["Coolheaded","Conserve Battery"],"picked":"Electrodynamics","floor":24},{"not_picked":["Aggregate","Beam Cell"],"picked":"Loop","floor":24},{"not_picked":["Stack+1","Auto Shields"],"picked":"Leap","floor":25},{"not_picked":["BootSequence","Turbo"],"picked":"Defragment","floor":27},{"not_picked":["Gash+1","Consume","Rainbow"],"picked":"SKIP","floor":27}],"player_experience":305849,"relics_obtained":[{"floor":4.0,"key":"Potion Belt"},{"floor":9.0,"key":"Tiny Chest"},{"floor":13.0,"key":"Prayer Wheel"},{"floor":25,"key":"Red Mask"},{"floor":26,"key":"Smiling Mask"}],"event_choices":[{"event_name":"Shining Light","player_choice":"Entered Light","floor":5.0,"damage_taken":0.0},{"event_name":"Dead Adventurer","player_choice":"Searched \u00270\u0027 times","floor":7.0,"damage_taken":0.0},{"event_name":"Beggar","player_choice":"Gave Gold","floor":20.0,"damage_taken":0.0},{"event_name":"Masked Bandits","player_choice":"Fought over 158 gold","floor":25,"damage_taken":0}],"boss_relics":[{"not_picked":["White Beast Statue","Tiny House"],"picked":"Nuclear Battery"}],"items_purged_floors":[],"is_endless":false,"potions_floor_spawned":[2,13,14,21,22,24],"killed_by":"Slaver and Parasite","ascension_level":8}