{"gold_per_floor":[112,112,126,201,213,213,229,36,82,82,96,107,107,123,123,222,222,235,185,197,197,210,210,210,210,256,87,106,106,117,42,42,42],"floor_reached":33,"playtime":1920,"items_purged":["Strike_B"],"score":339,"play_id":"30256557-2ea8-4b58-8678-fb540c4df8f4","local_time":"20180715152721","is_ascension_mode":false,"campfire_choices":[{"floor":6.0,"key":"REST"},{"data":"Zap","floor":10.0,"key":"SMITH"},{"data":"Chill","floor":13.0,"key":"SMITH"},{"floor":15.0,"key":"REST"},{"data":"Redo","floor":23,"key":"SMITH"},{"data":"Dualcast","floor":25,"key":"SMITH"},{"data":"Coolheaded","floor":29,"key":"SMITH"},{"floor":32,"key":"REST"}],"neow_cost":"","seed_source_timestamp":0,"circlet_count":0,"master_deck":["Strike_B","Strike_B","Strike_B","Defend_B","Defend_B","Defend_B","Defend_B","Zap+1","Dualcast+1","Chill+1","Sweeping Beam","Cold Snap","Glacier","Cold Snap","Seek","Barrage+1","Melter+1","Redo+1","Coolheaded+1","Leap","BootSequence+1","Self Repair"],"special_seed":0,"relics":["Cracked Core","Art of War","ClockworkSouvenir","Regal Pillow","Lizard Tail","Ice Cream","Juzu Bracelet"],"potions_floor_usage":[33,33],"damage_taken":[{"damage":0.0,"enemies":"Small Slimes","floor":1.0,"turns":2.0},{"damage":9.0,"enemies":"Jaw Worm","floor":3.0,"turns":3.0},{"damage":0.0,"enemies":"Cultist","floor":5.0,"turns":4.0},{"damage":0.0,"enemies":"Lots of Slimes","floor":7.0,"turns":3.0},{"damage":1.0,"enemies":"2 Fungi Beasts","floor":11.0,"turns":3.0},{"damage":3.0,"enemies":"Red Slaver","floor":12.0,"turns":3.0},{"damage":6.0,"enemies":"Looter","floor":14.0,"turns":3.0},{"damage":50.0,"enemies":"Slime Boss","floor":16.0,"turns":15.0},{"damage":3,"enemies":"Chosen","floor":18,"turns":7},{"damage":0,"enemies":"3 Byrds","floor":20,"turns":5},{"damage":2,"enemies":"Snecko","floor":22,"turns":5},{"damage":10,"enemies":"Centurion and Healer","floor":28,"turns":7},{"damage":32,"enemies":"3 Cultists","floor":30,"turns":8},{"damage":124,"enemies":"Automaton","floor":33,"turns":16}],"seed_played":"-4064022726707453851","potions_obtained":[{"floor":1.0,"key":"Block Potion"},{"floor":3.0,"key":"Weak Potion"},{"floor":7.0,"key":"PowerPotion"},{"floor":12.0,"key":"Regen Potion"},{"floor":20,"key":"FairyPotion"},{"floor":28,"key":"Swift Potion"}],"is_trial":true,"path_per_floor":["M","?","M","?","M","R","M","$","T","R","M","M","R","M","R","B",null,"M","?","M","?","M","R","T","R","T","$","M","R","M","$","R"],"character_chosen":"DEFECT","items_purchased":["ClockworkSouvenir","Coolheaded","Strength Potion","Self Repair"],"campfire_rested":3,"item_purchase_floors":[8,27,27,31],"current_hp_per_floor":[75,57,48,37,37,59,59,59,59,59,58,55,55,58,75,25,75,72,72,72,72,70,70,70,70,70,70,60,60,28,28,65,0],"gold":42,"neow_bonus":"","is_prod":false,"is_daily":false,"chose_seed":false,"campfire_upgraded":5,"win_rate":0,"timestamp":1531682841,"path_taken":["M","?","M","?","M","R","M","$","T","R","M","?","R","M","R","BOSS","M","?","M","?","M","R","?","R","T","$","M","R","M","?","R","BOSS"],"build_version":"2018-07-12","purchased_purges":1,"victory":false,"max_hp_per_floor":[75,75,75,75,75,75,75,75,75,75,75,75,75,75,75,75,75,75,75,75,75,75,75,75,75,75,75,75,75,75,75,75,75],"card_choices":[{"not_picked":["Steam","Beam Cell"],"picked":"Chill","floor":1.0},{"not_picked":["Rebound","Force Field","Sweeping Beam"],"picked":"SKIP","floor":3.0},{"not_picked":["Rebound","Force Field"],"picked":"Sweeping Beam","floor":3.0},{"not_picked":["Stack","Gash","Recycle"],"picked":"SKIP","floor":5.0},{"not_picked":["Rebound","White Noise","Stack"],"picked":"SKIP","floor":7.0},{"not_picked":["Turbo","BootSequence"],"picked":"Cold Snap","floor":11.0},{"not_picked":["Buffer","Compile Driver"],"picked":"Glacier","floor":12.0},{"not_picked":["Compile Driver","Gash"],"picked":"Cold Snap","floor":14.0},{"not_picked":["All For One","Biased Cognition"],"picked":"Seek","floor":16.0},{"not_picked":["Conserve Battery","Storm"],"picked":"Barrage+1","floor":18},{"not_picked":["Barrage","Ball Lightning"],"picked":"Melter+1","floor":20},{"not_picked":["Undo","Steam"],"picked":"Redo","floor":22},{"not_picked":["Steam","Conserve Battery"],"picked":"Leap","floor":28},{"not_picked":["Rainbow","Conserve Battery"],"picked":"BootSequence+1","floor":30}],"player_experience":1119757,"relics_obtained":[{"floor":9.0,"key":"Regal Pillow"},{"floor":24,"key":"Ice Cream"},{"floor":26,"key":"Juzu Bracelet"}],"event_choices":[{"event_name":"Scrap Ooze","player_choice":"success","floor":2.0,"damage_taken":18.0},{"event_name":"World of Goop","player_choice":"Gather Gold","floor":4.0,"damage_taken":0.0},{"event_name":"The Joust","player_choice":"Bet on Owner","floor":19,"damage_taken":0},{"event_name":"Match and Keep!","player_choice":"0 cards matched","floor":21,"damage_taken":0}],"boss_relics":[{"not_picked":["Ectoplasm","Astrolabe"],"picked":"Lizard Tail"}],"items_purged_floors":[27],"is_endless":true,"potions_floor_spawned":[1,3,7,12,20,28,30],"killed_by":"Automaton","ascension_level":0}