{"gold_per_floor":[113,188,205,222,56,89,101,101,101,17,17,32,32],"floor_reached":13,"playtime":438,"items_purged":[],"score":162,"play_id":"492625e2-a359-49ee-b1fa-27bd06d1cb73","local_time":"20181221144957","is_ascension_mode":true,"campfire_choices":[{"floor":8,"key":"REST"},{"floor":11,"key":"REST"}],"neow_cost":"NONE","seed_source_timestamp":127574252574131,"circlet_count":0,"master_deck":["AscendersBane","Strike_B","Strike_B","Strike_B","Strike_B","Defend_B","Defend_B","Defend_B","Defend_B","Zap","Dualcast","Self Repair","Heatsinks","Hello World","Loop","Flash of Steel","Redo","Genetic Algorithm","Capacitor","Steam"],"relics":["Cracked Core","DataDisk","Peace Pipe"],"potions_floor_usage":[6,12],"damage_taken":[{"damage":4,"enemies":"Small Slimes","floor":1,"turns":3},{"damage":2,"enemies":"Cultist","floor":3,"turns":4},{"damage":7,"enemies":"Jaw Worm","floor":4,"turns":3},{"damage":37,"enemies":"Lagavulin","floor":6,"turns":6},{"damage":23,"enemies":"2 Fungi Beasts","floor":7,"turns":4},{"damage":15,"enemies":"Large Slime","floor":12,"turns":4},{"damage":44,"enemies":"Gremlin Nob","floor":13,"turns":3}],"seed_played":"-5489273902270911377","potions_obtained":[{"floor":4,"key":"Block Potion"},{"floor":7,"key":"Fire Potion"}],"is_trial":false,"path_per_floor":["M","?","M","M","$","E","M","R","T","$","R","M","E"],"character_chosen":"DEFECT","items_purchased":["Loop","Flash of Steel","Capacitor"],"campfire_rested":2,"item_purchase_floors":[5,5,10],"current_hp_per_floor":[60,49,54,54,54,24,8,29,29,29,50,42,0],"gold":32,"neow_bonus":"RANDOM_COMMON_RELIC","is_prod":false,"is_daily":false,"chose_seed":false,"campfire_upgraded":0,"win_rate":0,"timestamp":1545421797,"path_taken":["M","?","M","M","$","E","M","R","T","$","R","M","E"],"build_version":"2018-12-20","purchased_purges":0,"victory":false,"max_hp_per_floor":[71,71,71,71,71,71,71,71,71,71,71,71,71],"card_choices":[{"not_picked":["Rebound","Reinforced Body"],"picked":"Self Repair","floor":1},{"not_picked":["BootSequence","Barrage"],"picked":"Heatsinks","floor":3},{"not_picked":["Lockon","Stack"],"picked":"Hello World","floor":4},{"not_picked":["Steam Power","Rebound"],"picked":"Redo","floor":6},{"not_picked":["Streamline","Redo"],"picked":"Genetic Algorithm","floor":7},{"not_picked":["Barrage","Go for the Eyes"],"picked":"Steam","floor":12}],"player_experience":1927928,"relics_obtained":[{"floor":6,"key":"Peace Pipe"}],"event_choices":[{"damage_healed":0,"gold_gain":75,"player_choice":"Gather Gold","damage_taken":11,"max_hp_gain":0,"max_hp_loss":0,"event_name":"World of Goop","floor":2,"gold_loss":0}],"is_beta":false,"boss_relics":[],"items_purged_floors":[],"is_endless":false,"potions_floor_spawned":[4,7],"killed_by":"Gremlin Nob","ascension_level":18}