{"path_per_floor":["M","$","M","M","T","M","R","E","T","M","?","E","R","E","R","B",null,"M","?","?","M","?","R","M","R","T","E","M","R","$","E","R","B",null,"M","$","?","M","?","R","E","R","T","M","R","M","?","?","R"],"character_chosen":"IRONCLAD","items_purchased":["Molten Egg 2","Vajra"],"gold_per_floor":[116,41,59,78,78,89,89,124,124,142,217,251,251,278,278,379,379,389,389,389,403,326,326,344,344,344,370,385,385,39,65,65,164,194,204,56,156,176,176,176,207,207,207,218,218,238,238,238,238,238],"floor_reached":50,"campfire_rested":3,"playtime":2855,"item_purchase_floors":[],"current_hp_per_floor":[72,72,72,72,72,58,58,43,43,49,38,34,34,26,26,22,72,71,71,65,71,71,71,67,67,67,37,39,39,39,33,69,15,77,55,55,55,50,40,40,21,21,21,15,53,45,45,45,77,0],"items_purged":["Strike_R","Strike_R"],"gold":238,"score":606,"play_id":"50d5282f-5dbd-4b40-9fe6-65b4e543dfde","local_time":"20180613174939","is_prod":false,"is_daily":false,"chose_seed":false,"is_ascension_mode":true,"campfire_upgraded":6,"win_rate":0,"timestamp":1528904979,"campfire_choices":[{"data":"Spot Weakness","floor":7.0,"key":"SMITH"},{"data":"Heavy Blade","floor":13.0,"key":"SMITH"},{"data":"Iron Wave","floor":15.0,"key":"SMITH"},{"data":"RitualDagger","floor":23.0,"key":"SMITH"},{"data":"J.A.X.","floor":25.0,"key":"SMITH"},{"floor":29.0,"key":"DIG"},{"floor":32.0,"key":"REST"},{"data":"Limit Break","floor":40.0,"key":"SMITH"},{"floor":42.0,"key":"DIG"},{"floor":45.0,"key":"REST"},{"floor":49,"key":"REST"}],"path_taken":["M","$","M","M","?","M","R","E","T","?","?","E","R","E","R","BOSS","M","?","?","M","?","R","M","R","T","E","M","R","$","E","R","BOSS","M","$","?","M","?","R","E","R","T","M","R","M","?","?","R","BOSS"],"build_version":"2018-06-12","seed_source_timestamp":55926689059387,"purchased_purges":2,"victory":false,"master_deck":["Strike_R","Strike_R","Defend_R","Defend_R","Bash","Dropkick+1","Seeing Red","Spot Weakness+1","Iron Wave+1","True Grit","Thunderclap","Heavy Blade+1","Limit Break+1","Bludgeon","RitualDagger+1","Thunderclap","J.A.X.+1","Dropkick","Infernal Blade+1","Seeing Red","Heavy Blade+1","Warcry+1","Sword Boomerang+1","Madness","Madness","Heavy Blade+1","Twin Strike+1","Sword Boomerang+1","Clash+1"],"max_hp_per_floor":[72,72,72,72,72,72,72,72,72,72,72,72,72,72,72,72,72,72,72,72,72,72,72,72,72,72,72,72,72,72,72,72,72,77,77,77,77,77,77,77,77,77,77,77,77,77,77,77,77,77],"special_seed":0,"relics":["Burning Blood","Omamori","Oddly Smooth Stone","Kunai","Boot","Juzu Bracelet","Busted Crown","Regal Pillow","Shovel","Bag of Marbles","Molten Egg 2","Centennial Puzzle","Tiny House","Vajra","Toxic Egg 2","Prayer Wheel","Calipers"],"card_choices":[{"not_picked":["Warcry","Cleave"],"picked":"Dropkick","floor":1.0},{"not_picked":["Body Slam","Twin Strike"],"picked":"Seeing Red","floor":3.0},{"not_picked":["Perfected Strike","Flex"],"picked":"Spot Weakness","floor":4.0},{"not_picked":["Body Slam","Flex"],"picked":"Iron Wave","floor":6.0},{"not_picked":["Infernal Blade","Corruption"],"picked":"True Grit","floor":8.0},{"not_picked":["Anger","Rupture"],"picked":"Thunderclap","floor":10.0},{"not_picked":["Blood for Blood","Warcry"],"picked":"Heavy Blade","floor":12.0},{"not_picked":["Heavy Blade","Clothesline"],"picked":"Limit Break","floor":14.0},{"not_picked":["Juggernaut","Barricade"],"picked":"Bludgeon","floor":16.0},{"not_picked":["Warcry"],"picked":"SKIP","floor":18.0},{"not_picked":[],"picked":"Thunderclap","floor":21.0},{"not_picked":[],"picked":"Dropkick","floor":24.0},{"not_picked":[],"picked":"Infernal Blade+1","floor":27.0},{"not_picked":[],"picked":"Seeing Red","floor":28.0},{"not_picked":[],"picked":"Heavy Blade+1","floor":31.0},{"not_picked":[],"picked":"Warcry+1","floor":35.0},{"not_picked":[],"picked":"Sword Boomerang+1","floor":38.0},{"not_picked":[],"picked":"Heavy Blade+1","floor":41.0},{"not_picked":[],"picked":"Twin Strike+1","floor":44.0},{"not_picked":[],"picked":"Sword Boomerang+1","floor":44.0},{"not_picked":[],"picked":"Clash+1","floor":46.0},{"not_picked":["Armaments+1"],"picked":"SKIP","floor":46.0}],"player_experience":102686,"potions_floor_usage":[50,50],"damage_taken":[{"damage":1.0,"enemies":"Cultist","floor":1.0,"turns":4.0},{"damage":0.0,"enemies":"Small Slimes","floor":3.0,"turns":3.0},{"damage":4.0,"enemies":"2 Louse","floor":4.0,"turns":4.0},{"damage":20.0,"enemies":"Lots of Slimes","floor":6.0,"turns":5.0},{"damage":21.0,"enemies":"Lagavulin","floor":8.0,"turns":6.0},{"damage":0.0,"enemies":"Looter","floor":10.0,"turns":2.0},{"damage":10.0,"enemies":"3 Sentries","floor":12.0,"turns":8.0},{"damage":14.0,"enemies":"Gremlin Nob","floor":14.0,"turns":4.0},{"damage":10.0,"enemies":"Hexaghost","floor":16.0,"turns":7.0},{"damage":7.0,"enemies":"Shell Parasite","floor":18.0,"turns":3.0},{"damage":0.0,"enemies":"2 Thieves","floor":21.0,"turns":1.0},{"damage":10.0,"enemies":"Centurion and Healer","floor":24.0,"turns":4.0},{"damage":36.0,"enemies":"Book of Stabbing","floor":27.0,"turns":4.0},{"damage":4.0,"enemies":"Snake Plant","floor":28.0,"turns":2.0},{"damage":12.0,"enemies":"Gremlin Leader","floor":31.0,"turns":3.0},{"damage":60.0,"enemies":"Automaton","floor":33.0,"turns":9.0},{"damage":28.0,"enemies":"3 Darklings","floor":35.0,"turns":3.0},{"damage":11.0,"enemies":"3 Shapes","floor":38.0,"turns":3.0},{"damage":25.0,"enemies":"2 Orb Walkers","floor":41.0,"turns":3.0},{"damage":12.0,"enemies":"Maw","floor":44.0,"turns":7.0},{"damage":14.0,"enemies":"Transient","floor":46.0,"turns":5.0},{"damage":103,"enemies":"Donu and Deca","floor":50,"turns":5}],"relics_obtained":[{"floor":5.0,"key":"Omamori"},{"floor":8.0,"key":"Oddly Smooth Stone"},{"floor":9.0,"key":"Kunai"},{"floor":12.0,"key":"Boot"},{"floor":14.0,"key":"Juzu Bracelet"},{"floor":26.0,"key":"Regal Pillow"},{"floor":27.0,"key":"Shovel"},{"floor":29.0,"key":"Bag of Marbles"},{"floor":31.0,"key":"Centennial Puzzle"},{"floor":41.0,"key":"Toxic Egg 2"},{"floor":42.0,"key":"Prayer Wheel"},{"floor":43.0,"key":"Calipers"}],"event_choices":[{"event_name":"World of Goop","player_choice":"Gather Gold","floor":11.0,"damage_taken":0.0},{"event_name":"The Lab","player_choice":"Got Potions","floor":19.0,"damage_taken":0.0},{"event_name":"Nest","player_choice":"Joined the Cult","floor":20.0,"damage_taken":0.0},{"event_name":"Drug Dealer","player_choice":"Got JAXXED","floor":22.0,"damage_taken":0.0},{"event_name":"Golden Shrine","player_choice":"Pray","floor":37.0,"damage_taken":0.0},{"event_name":"Winding Halls","player_choice":"Embrace Madness","floor":39.0,"damage_taken":0.0},{"event_name":"Wheel of Change","player_choice":"Curse","floor":47.0,"damage_taken":0.0},{"event_name":"Falling","player_choice":"Removed Skill","floor":48.0,"damage_taken":0.0}],"boss_relics":[{"not_picked":["Ectoplasm","Orrery"],"picked":"Busted Crown"},{"not_picked":["Runic Dome","Calling Bell"],"picked":"Tiny House"}],"items_purged_floors":[],"potions_floor_spawned":[4,10,12,14,16,18,27,31,33,38,41,46],"seed_played":"2764975525142383692","killed_by":"Donu and Deca","ascension_level":2,"potions_obtained":[{"floor":4.0,"key":"Poison Potion"},{"floor":10.0,"key":"Block Potion"},{"floor":12.0,"key":"Fire Potion"},{"floor":14.0,"key":"Energy Potion"},{"floor":16.0,"key":"Fire Potion"},{"floor":18.0,"key":"Fire Potion"},{"floor":19.0,"key":"Fire Potion"},{"floor":19.0,"key":"Energy Potion"},{"floor":27.0,"key":"SpeedPotion"},{"floor":31.0,"key":"Dexterity Potion"},{"floor":33.0,"key":"GamblersBrew"},{"floor":34.0,"key":"PowerPotion"},{"floor":38.0,"key":"Regen Potion"},{"floor":41.0,"key":"Block Potion"},{"floor":46.0,"key":"Block Potion"}],"is_trial":false}