{"path_per_floor":["M","M","$","M","$","R","E","R","T","$","R","M","E","M","R"],"character_chosen":"IRONCLAD","items_purchased":["Dramatic Entrance"],"gold_per_floor":[113,133,44,57,57,57,82,82,82,7,7,19,54,68,68,68],"floor_reached":16,"campfire_rested":1,"playtime":543,"item_purchase_floors":[3],"current_hp_per_floor":[78,80,80,80,80,80,56,80,80,80,80,80,76,76,76,13],"items_purged":["Defend_R"],"gold":68,"score":110,"play_id":"a4105213-3581-4d16-af77-ec612143a177","local_time":"20180625232153","is_prod":false,"is_daily":false,"chose_seed":false,"is_ascension_mode":false,"campfire_upgraded":3,"win_rate":0,"timestamp":1529986913,"campfire_choices":[{"data":"Havoc","floor":6,"key":"SMITH"},{"floor":8,"key":"REST"},{"data":"Feel No Pain","floor":11,"key":"SMITH"},{"data":"Intimidate","floor":15,"key":"SMITH"}],"path_taken":["M","?","?","?","?","R","E","R","T","$","R","M","E","M","R","BOSS"],"build_version":"2018-06-21","seed_source_timestamp":343770623289293,"purchased_purges":1,"circlet_count":0,"victory":false,"master_deck":["Strike_R","Strike_R","Strike_R","Strike_R","Defend_R","Defend_R","Defend_R","Bash","Feel No Pain+1","Havoc+1","Dramatic Entrance","Warcry","Pummel","Intimidate+1"],"max_hp_per_floor":[80,80,80,80,80,80,80,80,80,80,80,80,80,80,80,80],"relics":["Burning Blood","Centennial Puzzle","Letter Opener","Regal Pillow"],"card_choices":[{"not_picked":["Inflame","Clash","Iron Wave"],"picked":"SKIP","floor":1},{"not_picked":["Clash","Headbutt"],"picked":"Havoc","floor":2},{"not_picked":["Heavy Blade","Entrench"],"picked":"Warcry","floor":4},{"not_picked":["Metallicize","Body Slam"],"picked":"Pummel","floor":7},{"not_picked":["Hemokinesis","Power Through","Perfected Strike"],"picked":"SKIP","floor":12},{"not_picked":["Berserk","Sword Boomerang","Blood for Blood"],"picked":"SKIP","floor":13},{"not_picked":["Clash","Warcry"],"picked":"Intimidate","floor":14}],"player_experience":282215,"potions_floor_usage":[7,16],"damage_taken":[{"damage":8,"enemies":"Cultist","floor":1,"turns":5},{"damage":3,"enemies":"Small Slimes","floor":2,"turns":3},{"damage":3,"enemies":"Jaw Worm","floor":4,"turns":3},{"damage":30,"enemies":"Gremlin Nob","floor":7,"turns":5},{"damage":1,"enemies":"2 Fungi Beasts","floor":12,"turns":3},{"damage":10,"enemies":"Lagavulin","floor":13,"turns":5},{"damage":6,"enemies":"Exordium Thugs","floor":14,"turns":3},{"damage":63,"enemies":"The Guardian","floor":16,"turns":15}],"relics_obtained":[{"floor":7,"key":"Centennial Puzzle"},{"floor":9,"key":"Letter Opener"},{"floor":13,"key":"Regal Pillow"}],"event_choices":[],"boss_relics":[],"items_purged_floors":[10],"is_endless":false,"potions_floor_spawned":[1,7,14],"seed_played":"-5490886999653515858","killed_by":"The Guardian","ascension_level":0,"potions_obtained":[{"floor":1,"key":"FearPotion"},{"floor":7,"key":"SpeedPotion"},{"floor":14,"key":"Fire Potion"}],"is_trial":false}