{"gold_per_floor":[114,189,138,153,168,168,198,213,213,228,258,273,273,273,273,373,373,388,403,418,37,52,52,82,82,132,147,162,192,107,137,137,237,237,252,258,8,8,8,38,38,38,38,53,68,68,98,98,98,98],"floor_reached":51,"playtime":1965,"items_purged":[],"score":1125,"play_id":"5269a46a-1120-445d-938f-e697e3cbe213","local_time":"20180917193522","daily_mods":["Specialized","Lethality","Terminal"],"is_ascension_mode":false,"campfire_choices":[{"data":"Zap","floor":6,"key":"SMITH"},{"data":"Seek","floor":15,"key":"SMITH"},{"data":"Ball Lightning","floor":23,"key":"SMITH"},{"data":"Dualcast","floor":25,"key":"SMITH"},{"floor":32,"key":"REST"},{"data":"Chill","floor":41,"key":"SMITH"},{"data":"Steam Power","floor":46,"key":"SMITH"},{"data":"Meteor Strike","floor":49,"key":"SMITH"}],"neow_cost":"","seed_source_timestamp":0,"circlet_count":0,"master_deck":["Strike_B","Strike_B","Defend_B","Defend_B","Defend_B","Defend_B","Zap+1","Dualcast+1","All For One","All For One","All For One","All For One","All For One","Steam","Sweeping Beam","Gash","Seek+1","Glacier","FTL","BootSequence","Meteor Strike+1","Capacitor+1","Ball Lightning+1","Gash","Chill+1","Fusion+1","Glacier","Turbo","Gash","Gash","Steam Power+1","Creative AI","Parasite","Doubt","Writhe","Storm+1","Beam Cell+1","Writhe","Coolheaded+1","Gash","Double Energy+1"],"special_seed":17791,"relics":["Cracked Core","Cables","Happy Flower","Gambling Chip","Ice Cream","Empty Cage","Turnip","FossilizedHelix","Art of War","Dodecahedron","Du-Vu Doll","Blue Candle","Calling Bell","PreservedInsect","Ornamental Fan","WingedGreaves","Ginger","Bottled Lightning","Boot","Unceasing Top","Bottled Tornado","Bird Faced Urn"],"potions_floor_usage":[7,16,20,24,29,50],"damage_taken":[{"damage":0,"enemies":"Cultist","floor":1,"turns":3},{"damage":0,"enemies":"2 Louse","floor":4,"turns":2},{"damage":0,"enemies":"Small Slimes","floor":5,"turns":2},{"damage":0,"enemies":"Gremlin Nob","floor":7,"turns":2},{"damage":2,"enemies":"Looter","floor":8,"turns":3},{"damage":0,"enemies":"2 Fungi Beasts","floor":10,"turns":3},{"damage":0,"enemies":"Lagavulin","floor":11,"turns":4},{"damage":0,"enemies":"Large Slime","floor":12,"turns":2},{"damage":11,"enemies":"Hexaghost","floor":16,"turns":5},{"damage":0,"enemies":"2 Thieves","floor":18,"turns":3},{"damage":0,"enemies":"3 Byrds","floor":19,"turns":2},{"damage":0,"enemies":"Snake Plant","floor":20,"turns":2},{"damage":3,"enemies":"3 Cultists","floor":22,"turns":4},{"damage":0,"enemies":"Gremlin Leader","floor":24,"turns":4},{"damage":0,"enemies":"Cultist and Chosen","floor":27,"turns":2},{"damage":0,"enemies":"Snake Plant","floor":28,"turns":3},{"damage":0,"enemies":"Slavers","floor":29,"turns":4},{"damage":9,"enemies":"Book of Stabbing","floor":31,"turns":3},{"damage":0,"enemies":"Automaton","floor":33,"turns":3},{"damage":0,"enemies":"3 Darklings","floor":35,"turns":2},{"damage":0,"enemies":"Mysterious Sphere","floor":36,"turns":4},{"damage":0,"enemies":"Nemesis","floor":40,"turns":1},{"damage":0,"enemies":"Orb Walker","floor":44,"turns":2},{"damage":0,"enemies":"Transient","floor":45,"turns":5},{"damage":0,"enemies":"Giant Head","floor":47,"turns":2},{"damage":2,"enemies":"Awakened One","floor":50,"turns":4}],"seed_played":"2472854970281595153","potions_obtained":[{"floor":4,"key":"Block Potion"},{"floor":5,"key":"FearPotion"},{"floor":12,"key":"SteroidPotion"},{"floor":19,"key":"AttackPotion"},{"floor":20,"key":"Block Potion"},{"floor":24,"key":"Fire Potion"},{"floor":27,"key":"Dexterity Potion"},{"floor":31,"key":"Dexterity Potion"}],"is_trial":false,"path_per_floor":["M","T","$","M","M","R","E","M","T","M","E","M","?","?","R","B",null,"M","M","M","$","M","R","E","R","T","M","M","E","?","E","R","B",null,"M","?","$","?","?","E","R","$","T","M","M","R","E","T","R","B"],"character_chosen":"DEFECT","items_purchased":["Sweeping Beam","Chill","Turnip","Bottled Lightning"],"campfire_rested":1,"item_purchase_floors":[3,21,21,37],"current_hp_per_floor":[73,72,71,70,69,68,67,65,65,64,63,62,61,60,59,48,57,56,55,54,53,50,50,50,49,48,47,46,45,44,35,42,41,40,39,38,37,36,35,34,33,32,31,30,29,28,27,26,25,23],"gold":98,"neow_bonus":"","is_prod":false,"is_daily":true,"chose_seed":false,"campfire_upgraded":7,"win_rate":0,"timestamp":1537205722,"path_taken":["M","?","$","M","M","R","E","M","T","M","E","M","?","?","R","BOSS","M","M","M","$","M","R","E","R","T","M","M","E","?","E","R","BOSS","M","?","$","?","?","E","R","?","T","?","?","R","E","?","R","BOSS"],"build_version":"2018-09-06","purchased_purges":0,"victory":true,"max_hp_per_floor":[73,72,71,70,69,68,67,66,65,64,63,62,61,60,59,58,57,56,55,54,53,52,51,50,49,48,47,46,45,44,43,42,41,40,39,38,37,36,35,34,33,32,31,30,29,28,27,26,25,24],"card_choices":[{"not_picked":["Leap","Undo"],"picked":"Steam","floor":1},{"not_picked":["Chaos","Hello World"],"picked":"Gash","floor":4},{"not_picked":["Hologram","Rebound"],"picked":"Hello World","floor":5},{"not_picked":["Stack","Biased Cognition"],"picked":"Seek","floor":7},{"not_picked":["Leap","Compile Driver"],"picked":"Glacier","floor":8},{"not_picked":["Leap","Doom and Gloom"],"picked":"FTL","floor":10},{"not_picked":["Doom and Gloom","Chaos"],"picked":"BootSequence","floor":11},{"not_picked":["Compile Driver","Sweeping Beam","Recycle"],"picked":"SKIP","floor":12},{"not_picked":["Machine Learning","Core Surge"],"picked":"Meteor Strike","floor":16},{"not_picked":["Stack","Recycle"],"picked":"Capacitor+1","floor":18},{"not_picked":["Rebound","Redo"],"picked":"Ball Lightning","floor":19},{"not_picked":["Ball Lightning+1","Storm"],"picked":"Gash","floor":20},{"not_picked":["Redo","Rebound"],"picked":"Fusion+1","floor":22},{"not_picked":["Scrape","Heatsinks"],"picked":"Glacier","floor":24},{"not_picked":["Redo","Doom and Gloom"],"picked":"Turbo","floor":27},{"not_picked":["Streamline","Darkness"],"picked":"Gash","floor":28},{"not_picked":["Aggregate","Darkness"],"picked":"Gash","floor":29},{"not_picked":["Streamline","Auto Shields"],"picked":"Steam Power","floor":31},{"not_picked":["Echo Form","Thunder Strike"],"picked":"Creative AI","floor":33},{"not_picked":["Compile Driver","Lockon"],"picked":"Storm+1","floor":35},{"not_picked":["BootSequence","Sunder+1"],"picked":"Beam Cell+1","floor":36},{"not_picked":["Beam Cell+1","Machine Learning","Sweeping Beam+1"],"picked":"SKIP","floor":40},{"not_picked":["Ball Lightning+1","Streamline+1"],"picked":"Coolheaded+1","floor":44},{"not_picked":["Steam","Go for the Eyes"],"picked":"Gash","floor":45},{"not_picked":["Steam","Sweeping Beam+1"],"picked":"Double Energy+1","floor":47}],"player_experience":1444904,"relics_obtained":[{"floor":2,"key":"Cables"},{"floor":7,"key":"Happy Flower"},{"floor":9,"key":"Gambling Chip"},{"floor":11,"key":"Ice Cream"},{"floor":24,"key":"FossilizedHelix"},{"floor":26,"key":"Art of War"},{"floor":29,"key":"Dodecahedron"},{"floor":31,"key":"Blue Candle"},{"floor":34,"key":"PreservedInsect"},{"floor":34,"key":"Ornamental Fan"},{"floor":34,"key":"WingedGreaves"},{"floor":36,"key":"Ginger"},{"floor":40,"key":"Boot"},{"floor":43,"key":"Unceasing Top"},{"floor":47,"key":"Bottled Tornado"},{"floor":48,"key":"Bird Faced Urn"}],"event_choices":[{"event_name":"Liars Game","player_choice":"disagreed","floor":13,"damage_taken":0},{"event_name":"The Cleric","player_choice":"Leave","floor":14,"damage_taken":0},{"event_name":"Addict","player_choice":"Obtained Relic","floor":30,"damage_taken":0},{"event_name":"Mysterious Sphere","player_choice":"Fight","floor":36,"damage_taken":0},{"event_name":"Falling","player_choice":"Removed Power","floor":38,"damage_taken":0},{"event_name":"Winding Halls","player_choice":"Writhe","floor":39,"damage_taken":0}],"is_beta":false,"boss_relics":[{"not_picked":["Tiny House","Runic Pyramid"],"picked":"Empty Cage"},{"not_picked":["Eternal Feather","Black Star"],"picked":"Calling Bell"}],"items_purged_floors":[],"is_endless":false,"potions_floor_spawned":[4,5,12,19,20,24,27,31,35,36],"ascension_level":0}