{"gold_per_floor":[114,129,144,144,144,174,24,39,114,144,174,24,54,69,69,169,169,184,184,199,214,229,559,559,574,574,574,604,104,104,134,134,234,234,249,264,264,264,294,354,384,83,83,113,128,143,173,123,123,123],"floor_reached":51,"playtime":2543,"items_purged":[],"score":1433,"play_id":"20281761-4602-4889-a5e4-78448d0f5a03","local_time":"20181223175120","daily_mods":["Specialized","Red Cards","DeadlyEvents"],"is_ascension_mode":false,"campfire_choices":[{"data":"Armaments","floor":15,"key":"SMITH"},{"data":"Streamline","floor":24,"key":"SMITH"},{"data":"Battle Trance","floor":27,"key":"SMITH"},{"data":"Body Slam","floor":30,"key":"SMITH"},{"data":"Combust","floor":32,"key":"SMITH"},{"floor":49,"key":"DIG"}],"neow_cost":"","seed_source_timestamp":0,"circlet_count":0,"master_deck":["Strike_B","Strike_B","Strike_B","Strike_B","Defend_B","Defend_B","Zap+1","Dualcast+1","Genetic Algorithm","Genetic Algorithm","Genetic Algorithm","Genetic Algorithm","Genetic Algorithm","Ball Lightning","Ball Lightning","Combust+1","Armaments+1","Buffer","Ball Lightning","Body Slam+1","Streamline+1","Electrodynamics","Pain","Decay","Shame","Battle Trance+1","Necronomicurse","Body Slam+1","Clothesline","Metallicize","Headbutt+1","Cold Snap","Chill+1","FTL","True Grit","All For One","Hologram","Injury","Double Energy","Defragment+1","Skim+1"],"special_seed":17888,"relics":["Cracked Core","Torii","Oddly Smooth Stone","Blue Candle","Ice Cream","Pantograph","PreservedInsect","Blood Vial","Calling Bell","DataDisk","Meat on the Bone","Thread and Needle","Necronomicon","Old Coin","Regal Pillow","Art of War","Dead Branch","War Paint","Happy Flower","Cursed Key","Shovel","Tiny Chest","Anchor","Darkstone Periapt","Prayer Wheel","Peace Pipe","Lantern","Letter Opener"],"potions_floor_usage":[16,23,28,33,44,44,47,50,50],"damage_taken":[{"damage":5,"enemies":"Small Slimes","floor":1,"turns":3},{"damage":0,"enemies":"2 Louse","floor":2,"turns":3},{"damage":0,"enemies":"Cultist","floor":3,"turns":4},{"damage":20,"enemies":"Gremlin Nob","floor":6,"turns":4},{"damage":1,"enemies":"Looter","floor":8,"turns":4},{"damage":14,"enemies":"3 Sentries","floor":10,"turns":6},{"damage":0,"enemies":"Gremlin Nob","floor":11,"turns":5},{"damage":4,"enemies":"3 Sentries","floor":13,"turns":4},{"damage":0,"enemies":"Exordium Wildlife","floor":14,"turns":6},{"damage":4,"enemies":"Slime Boss","floor":16,"turns":7},{"damage":4,"enemies":"2 Thieves","floor":18,"turns":4},{"damage":1,"enemies":"3 Byrds","floor":20,"turns":2},{"damage":1,"enemies":"Centurion and Healer","floor":21,"turns":6},{"damage":1,"enemies":"Snecko","floor":22,"turns":4},{"damage":2,"enemies":"Slavers","floor":23,"turns":5},{"damage":2,"enemies":"Chosen and Byrds","floor":25,"turns":3},{"damage":1,"enemies":"Book of Stabbing","floor":28,"turns":4},{"damage":5,"enemies":"Slavers","floor":31,"turns":4},{"damage":13,"enemies":"Collector","floor":33,"turns":7},{"damage":1,"enemies":"Orb Walker","floor":35,"turns":3},{"damage":1,"enemies":"3 Darklings","floor":36,"turns":4},{"damage":1,"enemies":"Reptomancer","floor":39,"turns":2},{"damage":1,"enemies":"Nemesis","floor":40,"turns":3},{"damage":5,"enemies":"Giant Head","floor":41,"turns":5},{"damage":8,"enemies":"Nemesis","floor":44,"turns":3},{"damage":3,"enemies":"4 Shapes","floor":45,"turns":3},{"damage":2,"enemies":"Sphere and 2 Shapes","floor":46,"turns":4},{"damage":6,"enemies":"Reptomancer","floor":47,"turns":4},{"damage":26,"enemies":"Time Eater","floor":50,"turns":10}],"seed_played":"8723838574569738349","potions_obtained":[{"floor":2,"key":"Energy Potion"},{"floor":8,"key":"SkillPotion"},{"floor":10,"key":"Block Potion"},{"floor":11,"key":"SteroidPotion"},{"floor":21,"key":"Swift Potion"},{"floor":28,"key":"PowerPotion"},{"floor":33,"key":"AttackPotion"},{"floor":35,"key":"AttackPotion"},{"floor":45,"key":"EssenceOfSteel"},{"floor":46,"key":"Poison Potion"},{"floor":47,"key":"Fruit Juice"}],"is_trial":false,"path_per_floor":["M","M","M","?","?","E","$","M","T","E","E","$","E","M","R","B",null,"M","?","M","M","M","E","R","M","T","R","E","$","R","E","R","B",null,"M","M","?","?","E","E","E","$","T","E","M","M","E","$","R","B",null],"character_chosen":"DEFECT","items_purchased":["Oddly Smooth Stone","PreservedInsect","Dead Branch","War Paint","Cold Snap","Darkstone Periapt","Hologram","Block Potion"],"campfire_rested":0,"item_purchase_floors":[7,12,29,29,29,42,42,48],"current_hp_per_floor":[70,70,70,63,63,43,43,42,42,28,28,28,24,26,26,49,75,71,55,56,57,58,58,58,58,58,58,59,59,59,56,56,62,75,74,74,74,74,74,74,70,70,76,70,69,69,70,70,70,60],"gold":123,"neow_bonus":"","is_prod":false,"is_daily":true,"chose_seed":false,"campfire_upgraded":5,"win_rate":0,"timestamp":1545583880,"path_taken":["M","M","M","?","?","E","$","?","T","E","?","$","E","M","R","BOSS","M","?","M","?","?","E","R","M","T","R","E","?","R","?","R","BOSS","M","M","?","?","?","E","?","$","T","E","M","?","E","?","R","BOSS"],"build_version":"2018-12-20","purchased_purges":0,"victory":true,"max_hp_per_floor":[75,75,75,75,75,75,75,75,75,75,75,75,75,75,75,75,75,75,75,75,75,75,75,75,75,75,75,75,75,75,75,75,75,75,75,75,75,75,75,75,75,75,81,81,81,81,86,86,86,86],"card_choices":[{"not_picked":["Sentinel","Anger"],"picked":"Ball Lightning","floor":1},{"not_picked":["Reprogram","Bloodletting"],"picked":"Ball Lightning","floor":2},{"not_picked":["Self Repair","Hologram"],"picked":"Combust","floor":3},{"not_picked":["Scrape","Combust","Inflame"],"picked":"SKIP","floor":6},{"not_picked":["Chill","Redo"],"picked":"Armaments","floor":8},{"not_picked":["Fire Breathing","Hello World"],"picked":"Buffer","floor":10},{"not_picked":["Recycle","Infernal Blade"],"picked":"Ball Lightning","floor":11},{"not_picked":["Whirlwind","Hologram"],"picked":"Body Slam","floor":13},{"not_picked":["Loop","White Noise"],"picked":"Streamline","floor":14},{"not_picked":["Rainbow","Fiend Fire"],"picked":"Electrodynamics","floor":16},{"not_picked":["Havoc","Inflame"],"picked":"Battle Trance","floor":18},{"not_picked":["Sweeping Beam","Fire Breathing+1"],"picked":"Body Slam+1","floor":20},{"not_picked":["Storm","Biased Cognition"],"picked":"Clothesline","floor":21},{"not_picked":["Tempest","Redo","Coolheaded"],"picked":"SKIP","floor":22},{"not_picked":["Twin Strike","Inflame+1"],"picked":"Metallicize","floor":23},{"not_picked":["Hemokinesis+1","Spot Weakness","Go for the Eyes"],"picked":"SKIP","floor":25},{"not_picked":["Reboot","Lockon"],"picked":"Headbutt+1","floor":28},{"not_picked":["Anger+1","Scrape","Go for the Eyes"],"picked":"SKIP","floor":31},{"not_picked":["Cold Snap+1","Force Field","Clothesline+1"],"picked":"SKIP","floor":35},{"not_picked":["Whirlwind","Spot Weakness"],"picked":"Chill+1","floor":36},{"not_picked":["Beam Cell","Turbo+1","Pommel Strike"],"picked":"SKIP","floor":39},{"not_picked":["Rebound","Burning Pact"],"picked":"True Grit","floor":40},{"not_picked":["Glacier+1","Headbutt"],"picked":"All For One","floor":41},{"not_picked":["Dual Wield+1","Heavy Blade+1","Barrage+1"],"picked":"SKIP","floor":44},{"not_picked":["Hello World","Perfected Strike"],"picked":"Double Energy","floor":45},{"not_picked":["Second Wind","Force Field+1","Sentinel"],"picked":"SKIP","floor":45},{"not_picked":["Amplify","Sever Soul+1"],"picked":"Defragment+1","floor":46},{"not_picked":["Iron Wave+1","Genetic Algorithm","Stack+1"],"picked":"SKIP","floor":46},{"not_picked":["Hello World+1","Aggregate"],"picked":"Skim+1","floor":47}],"player_experience":1803856,"relics_obtained":[{"floor":6,"key":"Torii"},{"floor":9,"key":"Blue Candle"},{"floor":10,"key":"Ice Cream"},{"floor":11,"key":"Pantograph"},{"floor":13,"key":"Blood Vial"},{"floor":17,"key":"DataDisk"},{"floor":17,"key":"Meat on the Bone"},{"floor":17,"key":"Thread and Needle"},{"floor":19,"key":"Necronomicon"},{"floor":23,"key":"Old Coin"},{"floor":26,"key":"Regal Pillow"},{"floor":28,"key":"Art of War"},{"floor":31,"key":"Happy Flower"},{"floor":39,"key":"Shovel"},{"floor":40,"key":"Tiny Chest"},{"floor":41,"key":"Anchor"},{"floor":43,"key":"Prayer Wheel"},{"floor":44,"key":"Peace Pipe"},{"floor":47,"key":"Lantern"},{"floor":49,"key":"Letter Opener"}],"event_choices":[{"cards_removed":["Defend_B"],"damage_healed":0,"gold_gain":0,"player_choice":"Card Removal","damage_taken":7,"max_hp_gain":0,"max_hp_loss":0,"event_name":"Golden Wing","floor":4,"gold_loss":0},{"damage_healed":0,"gold_gain":0,"player_choice":"Ignored","damage_taken":0,"max_hp_gain":0,"max_hp_loss":0,"event_name":"Liars Game","floor":5,"gold_loss":0},{"damage_healed":0,"gold_gain":0,"player_choice":"Obtained Book","damage_taken":16,"max_hp_gain":0,"max_hp_loss":0,"event_name":"Cursed Tome","floor":19,"gold_loss":0},{"damage_healed":0,"gold_gain":0,"player_choice":"Ignored","damage_taken":0,"max_hp_gain":0,"max_hp_loss":0,"event_name":"Tomb of Lord Red Mask","floor":37,"gold_loss":0},{"damage_healed":0,"gold_gain":0,"cards_transformed":["Defend_B"],"player_choice":"Transformed","damage_taken":0,"max_hp_gain":0,"max_hp_loss":0,"event_name":"Transmorgrifier","floor":38,"gold_loss":0,"cards_obtained":["FTL"]}],"is_beta":false,"boss_relics":[{"not_picked":["White Beast Statue","Runic Dome"],"picked":"Calling Bell"},{"not_picked":["Busted Crown","Snecko Eye"],"picked":"Cursed Key"}],"items_purged_floors":[],"is_endless":false,"potions_floor_spawned":[2,8,10,11,13,21,22,28,33,35,40,45,46,47],"ascension_level":0}