{"gold_per_floor":[109,109,109,133,154,154,179,179,204,204,10,28,56,6,6,134,134,159,258,161,185,204,229,229,22,49,61,87,114,126,151,163,305,317,350,362,324,347,472,472,490,490,544,568,568,568],"floor_reached":46,"playtime":1517,"items_purged":["Strike_R","Strike_R","Strike_R","Strike_R","Strike_R+1"],"score":435,"play_id":"c92f500d-dbb8-4971-9c3a-e18e132193bd","local_time":"20181220091905","is_ascension_mode":false,"campfire_choices":[{"data":"Bash","floor":6.0,"key":"SMITH"},{"data":"Anger","floor":8.0,"key":"SMITH"},{"data":"Strike_R","floor":10.0,"key":"SMITH"},{"data":"Bludgeon","floor":15.0,"key":"SMITH"},{"data":"True Grit","floor":24,"key":"SMITH"},{"data":"Defend_R","floor":30,"key":"SMITH"},{"floor":32,"key":"REST"},{"data":"Defend_R","floor":40,"key":"SMITH"},{"floor":45,"key":"REST"}],"neow_cost":"NONE","seed_source_timestamp":1842611666916896,"circlet_count":0,"master_deck":["Defend_R+1","Defend_R+1","Bash+1","Anger+1","Bludgeon+1","Anger+1","True Grit+1"],"special_seed":0,"relics":["Burning Blood","NeowsBlessing","Golden Idol","Smiling Mask","Oddly Smooth Stone","Dream Catcher","Odd Mushroom","Busted Crown","Orichalcum","MawBank","Empty Cage","Thread and Needle","Regal Pillow"],"potions_floor_usage":[33,33,33,44],"damage_taken":[{"damage":0.0,"enemies":"Small Slimes","floor":1.0,"turns":1.0},{"damage":0.0,"enemies":"2 Louse","floor":4.0,"turns":2.0},{"damage":0.0,"enemies":"Jaw Worm","floor":5.0,"turns":1.0},{"damage":0.0,"enemies":"2 Fungi Beasts","floor":12.0,"turns":3.0},{"damage":12.0,"enemies":"The Mushroom Lair","floor":13.0,"turns":3.0},{"damage":52.0,"enemies":"Hexaghost","floor":16.0,"turns":6.0},{"damage":10.0,"enemies":"2 Thieves","floor":18.0,"turns":3.0},{"damage":0.0,"enemies":"Spheric Guardian","floor":21.0,"turns":3.0},{"damage":18.0,"enemies":"Cultist and Chosen","floor":22.0,"turns":5.0},{"damage":16,"enemies":"Shelled Parasite and Fungi","floor":23,"turns":5},{"damage":5,"enemies":"Snecko","floor":28,"turns":4},{"damage":6,"enemies":"Snake Plant","floor":29,"turns":4},{"damage":10,"enemies":"Cultist and Chosen","floor":31,"turns":5},{"damage":55,"enemies":"Champ","floor":33,"turns":9},{"damage":0,"enemies":"Orb Walker","floor":35,"turns":4},{"damage":5,"enemies":"3 Shapes","floor":38,"turns":5},{"damage":0,"enemies":"Mind Bloom Boss Battle","floor":39,"turns":4},{"damage":21,"enemies":"Jaw Worm Horde","floor":41,"turns":5},{"damage":21,"enemies":"4 Shapes","floor":44,"turns":7}],"seed_played":"-7196680277509406704","potions_obtained":[{"floor":4.0,"key":"SteroidPotion"},{"floor":13.0,"key":"Poison Potion"},{"floor":18.0,"key":"SteroidPotion"},{"floor":22.0,"key":"Poison Potion"},{"floor":28,"key":"AttackPotion"},{"floor":31,"key":"SkillPotion"},{"floor":41,"key":"LiquidBronze"},{"floor":44,"key":"AttackPotion"}],"is_trial":false,"path_per_floor":["M","?","?","M","M","R","T","R","T","R","$","M","?","$","R","B",null,"M","?","$","M","M","M","M","R","$","T","?","M","M","R","M","R","B",null,"M","?","$","M","?","R","M","?","T","M","R","$"],"character_chosen":"IRONCLAD","items_purchased":["Dream Catcher","True Grit","Orichalcum"],"campfire_rested":2,"item_purchase_floors":[11,20,25],"current_hp_per_floor":[80,85,64,70,76,76,76,76,76,76,76,82,76,76,76,30,85,81,81,81,85,73,63,63,63,63,63,64,64,64,60,85,36,85,85,85,85,85,85,85,70,70,70,55,85,85],"gold":568,"neow_bonus":"THREE_ENEMY_KILL","is_prod":false,"is_daily":false,"chose_seed":false,"campfire_upgraded":7,"win_rate":0,"timestamp":1545265145,"path_taken":["M","?","?","M","M","R","?","R","T","R","$","M","?","$","R","BOSS","M","?","$","M","M","M","R","$","T","?","M","?","R","M","R","BOSS","M","?","$","M","?","R","M","?","T","?","R","$"],"build_version":"2018-12-13","purchased_purges":5,"victory":false,"max_hp_per_floor":[80,85,85,85,85,85,85,85,85,85,85,85,85,85,85,85,85,85,85,85,85,85,85,85,85,85,85,85,85,85,85,85,85,85,85,85,85,85,85,85,85,85,85,85,85,85],"card_choices":[{"not_picked":["Flame Barrier","Ghostly Armor"],"picked":"Anger","floor":1.0},{"not_picked":["Pommel Strike","Heavy Blade","Iron Wave"],"picked":"SKIP","floor":4.0},{"not_picked":["Twin Strike","Searing Blow","Headbutt"],"picked":"SKIP","floor":5.0},{"not_picked":["Armaments","Warcry"],"picked":"Bludgeon","floor":12.0},{"not_picked":["Exhume","Double Tap"],"picked":"Impervious","floor":16.0},{"not_picked":[],"picked":"Anger+1","floor":18.0},{"not_picked":["Iron Wave"],"picked":"SKIP","floor":21.0},{"not_picked":["Dual Wield"],"picked":"SKIP","floor":22.0},{"not_picked":["Hemokinesis+1"],"picked":"SKIP","floor":23},{"not_picked":["Intimidate"],"picked":"SKIP","floor":28},{"not_picked":["Power Through"],"picked":"SKIP","floor":29},{"not_picked":["Flex"],"picked":"SKIP","floor":31},{"not_picked":["Uppercut+1"],"picked":"SKIP","floor":35},{"not_picked":["Power Through"],"picked":"SKIP","floor":38},{"not_picked":["Rage"],"picked":"SKIP","floor":41},{"not_picked":["Pommel Strike+1"],"picked":"SKIP","floor":44}],"player_experience":223150,"relics_obtained":[{"floor":7.0,"key":"Smiling Mask"},{"floor":9.0,"key":"Oddly Smooth Stone"},{"floor":13.0,"key":"Odd Mushroom"},{"floor":26,"key":"MawBank"},{"floor":39,"key":"Thread and Needle"},{"floor":43,"key":"Regal Pillow"}],"event_choices":[{"damage_healed":0.0,"max_hp_gain":5.0,"max_hp_loss":0.0,"gold_gain":0.0,"event_name":"Big Fish","player_choice":"Donut","floor":2.0,"gold_loss":0.0,"damage_taken":0.0},{"damage_healed":0.0,"max_hp_gain":0.0,"max_hp_loss":0.0,"gold_gain":0.0,"event_name":"Golden Idol","player_choice":"Take Damage","floor":3.0,"gold_loss":0.0,"damage_taken":21.0,"relics_obtained":["Golden Idol"]},{"damage_healed":0.0,"max_hp_gain":0.0,"max_hp_loss":0.0,"gold_gain":0.0,"event_name":"Mushrooms","player_choice":"Fought Mushrooms","floor":13.0,"gold_loss":0.0,"damage_taken":0.0},{"damage_healed":0.0,"max_hp_gain":0.0,"max_hp_loss":0.0,"gold_gain":99.0,"event_name":"Nest","player_choice":"Stole From Cult","floor":19.0,"gold_loss":0.0,"damage_taken":0.0},{"damage_healed":0,"gold_gain":0,"player_choice":"Upgraded","damage_taken":0,"max_hp_gain":0,"max_hp_loss":0,"event_name":"Upgrade Shrine","floor":27,"gold_loss":0,"cards_upgraded":["Impervious"]},{"cards_removed":["Impervious"],"damage_healed":0,"gold_gain":0,"player_choice":"Removed Skill","damage_taken":0,"max_hp_gain":0,"max_hp_loss":0,"event_name":"Falling","floor":36,"gold_loss":0},{"damage_healed":0,"gold_gain":0,"player_choice":"Fight","damage_taken":0,"max_hp_gain":0,"max_hp_loss":0,"event_name":"MindBloom","floor":39,"gold_loss":0},{"damage_healed":0,"gold_gain":0,"player_choice":"Ignored","damage_taken":0,"max_hp_gain":0,"max_hp_loss":0,"event_name":"Upgrade Shrine","floor":42,"gold_loss":0}],"is_beta":false,"boss_relics":[{"not_picked":["Lizard Tail","Tiny House"],"picked":"Busted Crown"},{"not_picked":["Cursed Key","Fusion Hammer"],"picked":"Empty Cage"}],"items_purged_floors":[11,14,20,25,37],"is_endless":false,"potions_floor_spawned":[4,13,18,22,28,29,31,41,44],"ascension_level":0}