{"gold_per_floor":[209,221,221,221,241,241,273,291,291,14,49,60,79,93,93,193,193,175,189,89,104,104,104,121,121,201,211,86,86,86,86,86,190,190,204,219,234,334,345,345,363,363,363,392,392,392],"floor_reached":46,"playtime":2561,"items_purged":["Strike_R","Strike_R","Shame"],"score":464,"play_id":"328cce60-d177-4dc3-8e04-933a412f068c","local_time":"20190110204947","is_ascension_mode":false,"campfire_choices":[{"data":"Spot Weakness","floor":6,"key":"SMITH"},{"floor":15,"key":"REST"},{"floor":23,"key":"RECALL"},{"data":"Rampage","floor":25,"key":"SMITH"},{"data":"Glacier","floor":29,"key":"SMITH"},{"floor":32,"key":"REST"},{"floor":40,"key":"REST"},{"data":"Dodge and Roll","floor":42,"key":"SMITH"}],"neow_cost":"NONE","seed_source_timestamp":146868583495934,"circlet_count":0,"master_deck":["Defend_R","Defend_R","Defend_R","Defend_R","Bash","True Grit+1","Spot Weakness+1","Pommel Strike","Rampage+1","Shrug It Off","Flame Barrier","Go for the Eyes","Demon Form","Riddle With Holes+1","Backflip+1","Glacier+1","Parasite","Dodge and Roll+1","Normality","Rage+1"],"relics":["Burning Blood","Letter Opener","WingedGreaves","PrismaticShard","Ginger","Cursed Key","Molten Egg 2","Empty Cage","Gambling Chip"],"potions_floor_usage":[11,12,33,39,44],"damage_taken":[{"damage":5,"enemies":"Small Slimes","floor":1,"turns":3},{"damage":5,"enemies":"Jaw Worm","floor":2,"turns":5},{"damage":6,"enemies":"Cultist","floor":5,"turns":3},{"damage":22,"enemies":"3 Sentries","floor":7,"turns":7},{"damage":1,"enemies":"Exordium Wildlife","floor":8,"turns":4},{"damage":37,"enemies":"Lagavulin","floor":11,"turns":9},{"damage":20,"enemies":"Exordium Thugs","floor":12,"turns":6},{"damage":5,"enemies":"Large Slime","floor":13,"turns":5},{"damage":6,"enemies":"3 Louse","floor":14,"turns":3},{"damage":42,"enemies":"Hexaghost","floor":16,"turns":9},{"damage":8,"enemies":"2 Thieves","floor":18,"turns":4},{"damage":20,"enemies":"Spheric Guardian","floor":19,"turns":7},{"damage":12,"enemies":"Centurion and Healer","floor":21,"turns":4},{"damage":7,"enemies":"Chosen and Byrds","floor":24,"turns":5},{"damage":16,"enemies":"Shelled Parasite and Fungi","floor":27,"turns":6},{"damage":38,"enemies":"Automaton","floor":33,"turns":9},{"damage":24,"enemies":"Orb Walker","floor":35,"turns":7},{"damage":38,"enemies":"3 Darklings","floor":36,"turns":6},{"damage":3,"enemies":"Writhing Mass","floor":37,"turns":7},{"damage":0,"enemies":"Spire Growth","floor":39,"turns":5},{"damage":6,"enemies":"Jaw Worm Horde","floor":41,"turns":6},{"damage":62,"enemies":"Nemesis","floor":44,"turns":11},{"damage":14,"enemies":"Maw","floor":46,"turns":2}],"seed_played":"-8216469169876326255","potions_obtained":[{"floor":2,"key":"Regen Potion"},{"floor":7,"key":"Swift Potion"},{"floor":11,"key":"Ancient Potion"},{"floor":18,"key":"EssenceOfSteel"},{"floor":19,"key":"SteroidPotion"},{"floor":24,"key":"Energy Potion"},{"floor":35,"key":"Fire Potion"},{"floor":39,"key":"PowerPotion"}],"is_trial":false,"path_per_floor":["M","M","?","?","M","R","E","M","T","$","E","M","M","M","R","B",null,"M","M","$","M","?","R","M","R","T","M","$","R","?","$","R","B",null,"M","M","M","?","M","R","M","R","T","E","?","M"],"character_chosen":"IRONCLAD","items_purchased":["PrismaticShard"],"campfire_rested":3,"item_purchase_floors":[10],"current_hp_per_floor":[80,80,73,73,73,73,57,62,62,62,31,32,33,33,57,21,80,78,64,64,58,58,58,57,57,57,47,47,47,39,39,63,31,80,62,30,33,33,39,63,63,63,63,7,7,0],"gold":392,"neow_bonus":"HUNDRED_GOLD","is_prod":false,"is_daily":false,"chose_seed":false,"campfire_upgraded":4,"win_rate":0,"timestamp":1547171387,"path_taken":["M","M","?","?","M","R","E","M","T","$","E","M","M","M","R","BOSS","M","M","$","?","?","R","?","R","T","M","$","R","?","?","R","BOSS","M","M","M","?","?","R","M","R","T","E","?","?"],"build_version":"2019-01-03v4","purchased_purges":3,"victory":false,"max_hp_per_floor":[80,80,80,80,80,80,80,80,80,80,80,80,80,80,80,80,80,80,80,80,80,80,80,80,80,80,80,80,80,80,80,80,80,80,80,80,80,80,80,80,80,80,80,80,80,80],"card_choices":[{"not_picked":["Iron Wave","Wild Strike"],"picked":"True Grit","floor":1},{"not_picked":["Clash","Heavy Blade"],"picked":"Spot Weakness","floor":2},{"not_picked":["Searing Blow","Body Slam"],"picked":"Pommel Strike","floor":5},{"not_picked":["Hemokinesis","Entrench"],"picked":"Rampage","floor":7},{"not_picked":["Warcry","Spot Weakness"],"picked":"Shrug It Off","floor":8},{"not_picked":["Tactician","Meteor Strike","Darkness"],"picked":"SKIP","floor":11},{"not_picked":["Bloodletting","Blood for Blood","Enlightenment"],"picked":"SKIP","floor":12},{"not_picked":["Blood for Blood","Stack"],"picked":"Flame Barrier","floor":13},{"not_picked":["Turbo","Dodge and Roll"],"picked":"Go for the Eyes","floor":14},{"not_picked":["Amplify","Limit Break"],"picked":"Demon Form","floor":16},{"not_picked":["Stack","Rampage","Sunder"],"picked":"SKIP","floor":18},{"not_picked":["Expertise","Iron Wave"],"picked":"Riddle With Holes+1","floor":19},{"not_picked":["Masterful Stab+1","Blade Dance"],"picked":"Backflip+1","floor":21},{"not_picked":["Blood for Blood","Dagger Spray+1","Poisoned Stab+1"],"picked":"SKIP","floor":24},{"not_picked":["Panacea","Deadly Poison+1"],"picked":"Glacier","floor":27},{"not_picked":["Blur+1","Underhanded Strike+1","Sucker Punch+1"],"picked":"SKIP","floor":35},{"not_picked":["Thunderclap+1","Warcry","Pommel Strike+1"],"picked":"SKIP","floor":36},{"not_picked":["Dagger Throw+1","Doom and Gloom+1","Deadly Poison+1"],"picked":"SKIP","floor":37},{"not_picked":["Flex+1","Wild Strike+1"],"picked":"Dodge and Roll","floor":39},{"not_picked":["Warcry+1","Quick Slash+1","Forethought"],"picked":"SKIP","floor":41},{"not_picked":["Phantasmal Killer","Underhanded Strike+1"],"picked":"Rage+1","floor":44}],"player_experience":2061306,"relics_obtained":[{"floor":7,"key":"Letter Opener"},{"floor":9,"key":"WingedGreaves"},{"floor":11,"key":"Ginger"},{"floor":26,"key":"Molten Egg 2"},{"floor":44,"key":"Gambling Chip"}],"event_choices":[{"cards_removed":["Strike_R"],"damage_healed":0,"gold_gain":0,"player_choice":"Card Removal","damage_taken":7,"max_hp_gain":0,"max_hp_loss":0,"event_name":"Golden Wing","floor":3,"gold_loss":0},{"damage_healed":0,"gold_gain":0,"player_choice":"Upgraded","damage_taken":0,"max_hp_gain":0,"max_hp_loss":0,"event_name":"Upgrade Shrine","floor":4,"gold_loss":0,"cards_upgraded":["True Grit"]},{"damage_healed":0,"gold_gain":0,"player_choice":"0 cards matched","damage_taken":0,"max_hp_gain":0,"max_hp_loss":0,"event_name":"Match and Keep!","floor":22,"gold_loss":0,"cards_obtained":[]},{"damage_healed":0,"gold_gain":0,"player_choice":"","damage_taken":8,"max_hp_gain":0,"max_hp_loss":0,"event_name":"Knowing Skull","floor":30,"potions_obtained":[],"gold_loss":0,"cards_obtained":[]},{"damage_healed":0,"gold_gain":100,"player_choice":"Pray","damage_taken":0,"max_hp_gain":0,"max_hp_loss":0,"event_name":"Golden Shrine","floor":38,"gold_loss":0},{"damage_healed":0,"gold_gain":0,"player_choice":"Ignored","damage_taken":0,"max_hp_gain":0,"max_hp_loss":0,"event_name":"SecretPortal","floor":45,"gold_loss":0}],"is_beta":false,"boss_relics":[{"not_picked":["Snecko Eye","Black Star"],"picked":"Cursed Key"},{"not_picked":["Sozu","Busted Crown"],"picked":"Empty Cage"}],"items_purged_floors":[10,20,28],"is_endless":false,"potions_floor_spawned":[2,7,11,18,19,24,35,36,39],"killed_by":"Maw","ascension_level":0}