{"gold_per_floor":[119,130,144,144,157,36,53,4,4,4,4,30,42,57,57,161,161,174,97,43,43,43,378,391,411,411,336,336,347,347],"floor_reached":30,"playtime":1100,"items_purged":["Regret"],"score":252,"play_id":"500c97ef-8aba-4f4f-b557-ffd3e2b9e030","local_time":"20180814102910","is_ascension_mode":false,"campfire_choices":[{"data":"Flex","floor":11,"key":"SMITH"},{"data":"Flex","floor":15,"key":"SMITH"},{"floor":28,"key":"REST"}],"neow_cost":"NONE","seed_source_timestamp":402549737485,"circlet_count":0,"master_deck":["Strike_R","Strike_R","Strike_R","Strike_R+1","Strike_R","Defend_R","Defend_R","Defend_R","Defend_R","Bash","Iron Wave","Pommel Strike","Flex+1","Flex+1","Cleave","Thunderclap","J.A.X.","Flex","Armaments","Perfected Strike","Perfected Strike"],"relics":["Burning Blood","Ancient Tea Set","Centennial Puzzle","Blue Candle","Cursed Key","Old Coin","Nunchaku"],"potions_floor_usage":[12,12,23,25],"damage_taken":[{"damage":1,"enemies":"Cultist","floor":1,"turns":3},{"damage":8,"enemies":"Small Slimes","floor":2,"turns":4},{"damage":1,"enemies":"Jaw Worm","floor":3,"turns":4},{"damage":11,"enemies":"Red Slaver","floor":5,"turns":3},{"damage":14,"enemies":"Exordium Wildlife","floor":7,"turns":7},{"damage":36,"enemies":"Lagavulin","floor":12,"turns":5},{"damage":28,"enemies":"Exordium Thugs","floor":13,"turns":6},{"damage":1,"enemies":"Large Slime","floor":14,"turns":3},{"damage":11,"enemies":"Slime Boss","floor":16,"turns":7},{"damage":5,"enemies":"Chosen","floor":18,"turns":3},{"damage":49,"enemies":"Slavers","floor":23,"turns":3},{"damage":23,"enemies":"Shell Parasite","floor":24,"turns":6},{"damage":13,"enemies":"Cultist and Chosen","floor":25,"turns":4},{"damage":20,"enemies":"Snecko","floor":29,"turns":4},{"damage":31,"enemies":"Book of Stabbing","floor":30,"turns":2}],"seed_played":"-5349543360101904296","potions_obtained":[{"floor":1,"key":"Regen Potion"},{"floor":2,"key":"Strength Potion"},{"floor":5,"key":"LiquidBronze"},{"floor":12,"key":"AttackPotion"},{"floor":24,"key":"SkillPotion"}],"is_trial":false,"path_per_floor":["M","M","M","?","M","$","M","$","T","$","R","E","M","M","R","B",null,"M","?","$","?","$","E","M","M","T","?","R","M"],"character_chosen":"IRONCLAD","items_purchased":["Flex","Cleave","Flex"],"campfire_rested":1,"item_purchase_floors":[6,8,20],"current_hp_per_floor":[80,78,80,80,75,75,67,67,67,67,67,46,24,29,29,24,80,80,80,80,80,80,37,20,13,13,13,37,23,0],"gold":347,"neow_bonus":"UPGRADE_CARD","is_prod":false,"is_daily":false,"chose_seed":false,"campfire_upgraded":2,"win_rate":0,"timestamp":1534208350,"path_taken":["M","?","M","?","M","$","M","?","T","$","R","E","?","M","R","BOSS","M","?","?","?","$","E","M","?","T","?","R","M","E"],"build_version":"2018-08-09","purchased_purges":1,"victory":false,"max_hp_per_floor":[80,80,80,80,80,80,80,80,80,80,80,80,80,80,80,80,80,80,80,80,80,80,80,80,80,80,80,80,80,80],"card_choices":[{"not_picked":["Dropkick","Seeing Red"],"picked":"Iron Wave","floor":1},{"not_picked":["True Grit","Clothesline"],"picked":"Pommel Strike","floor":2},{"not_picked":["Body Slam","Dual Wield","Anger"],"picked":"SKIP","floor":3},{"not_picked":["Sentinel","Flame Barrier"],"picked":"Flex","floor":5},{"not_picked":["Sword Boomerang","Power Through","Anger"],"picked":"SKIP","floor":7},{"not_picked":["Entrench","Hemokinesis","Impervious"],"picked":"SKIP","floor":12},{"not_picked":["Anger","Burning Pact"],"picked":"Thunderclap","floor":13},{"not_picked":["True Grit","Clothesline","Feel No Pain"],"picked":"SKIP","floor":14},{"not_picked":["Power Through","Entrench","Sword Boomerang"],"picked":"SKIP","floor":18},{"not_picked":["Limit Break","Headbutt"],"picked":"Armaments","floor":23},{"not_picked":["Warcry","Sword Boomerang+1"],"picked":"Perfected Strike","floor":24},{"not_picked":["Pommel Strike","Intimidate"],"picked":"Perfected Strike","floor":25},{"not_picked":["True Grit","Sentinel","Battle Trance+1"],"picked":"SKIP","floor":29}],"player_experience":342494,"relics_obtained":[{"floor":9,"key":"Centennial Puzzle"},{"floor":12,"key":"Blue Candle"},{"floor":23,"key":"Old Coin"},{"floor":26,"key":"Nunchaku"}],"event_choices":[{"event_name":"Big Fish","player_choice":"Box","floor":4,"damage_taken":0},{"event_name":"Drug Dealer","player_choice":"Got JAXXED","floor":19,"damage_taken":0},{"event_name":"Cursed Tome","player_choice":"Ignored","floor":21,"damage_taken":0},{"event_name":"Beggar","player_choice":"Gave Gold","floor":27,"damage_taken":0}],"is_beta":false,"boss_relics":[{"not_picked":["Empty Cage","Ectoplasm"],"picked":"Cursed Key"}],"items_purged_floors":[6],"is_endless":false,"potions_floor_spawned":[1,2,5,12,24],"killed_by":"Book of Stabbing","ascension_level":0}