{"gold_per_floor":[118,43,43,119,131,131,156,156,182,216,230,262,262,272,272,343,343,359,359,391,410,335,335,370,99,147,147,166,181,181,193,193,267,267,285,27,27,72,72,72,90,121,121,87,105,105,117,134,134,134],"floor_reached":51,"playtime":2810,"items_purged":["Strike_G"],"score":1298,"play_id":"fcdceb76-34c3-4b14-b185-482989ffb97d","local_time":"20180720143507","is_ascension_mode":true,"campfire_choices":[{"data":"Poisoned Stab","floor":6,"key":"SMITH"},{"data":"Noxious Fumes","floor":13,"key":"SMITH"},{"data":"Neutralize","floor":15,"key":"SMITH"},{"data":"Envenom","floor":23,"key":"SMITH"},{"data":"After Image","floor":27,"key":"SMITH"},{"data":"Noxious Fumes","floor":30,"key":"SMITH"},{"floor":32,"key":"REST"},{"data":"Malaise","floor":40,"key":"SMITH"},{"floor":46,"key":"REST"},{"floor":49,"key":"REST"}],"neow_cost":"NONE","seed_source_timestamp":828731937841382,"circlet_count":0,"master_deck":["Defend_G+1","Defend_G","Defend_G","Defend_G","Defend_G","Strike_G","Survivor","Neutralize+1","AscendersBane","Poisoned Stab+1","Dagger Throw","Noxious Fumes+1","Leg Sweep+1","Sucker Punch+1","Blade Dance","Predator+1","Envenom+1","Riddle With Holes+1","Catalyst","Riddle With Holes+1","After Image+1","Well Laid Plans","Endless Agony+1","Noxious Fumes+1","Dash+1","Malaise+1","Cloak And Dagger","Madness","Madness","Backflip","Cloak And Dagger","Prepared+1","Backstab+1","After Image+1"],"relics":["Ring of the Snake","NeowsBlessing","Meat on the Bone","Molten Egg 2","Orichalcum","Boot","Ancient Tea Set","Sozu","FaceOfCleric","Red Mask","Potion Belt","Lantern","War Paint","Black Star","Frozen Egg 2","Bird Faced Urn","Tough Bandages","Unceasing Top","Pen Nib"],"potions_floor_usage":[12,20,50],"damage_taken":[{"damage":0,"enemies":"Jaw Worm","floor":1,"turns":1},{"damage":0,"enemies":"2 Louse","floor":5,"turns":1},{"damage":0,"enemies":"Gremlin Nob","floor":7,"turns":1},{"damage":22,"enemies":"3 Sentries","floor":10,"turns":7},{"damage":0,"enemies":"Small Slimes","floor":11,"turns":4},{"damage":14,"enemies":"Lagavulin","floor":12,"turns":6},{"damage":0,"enemies":"Blue Slaver","floor":14,"turns":3},{"damage":3,"enemies":"The Guardian","floor":16,"turns":12},{"damage":22,"enemies":"2 Thieves","floor":18,"turns":4},{"damage":9,"floor":20,"turns":4},{"damage":7,"enemies":"Spheric Guardian","floor":21,"turns":4},{"damage":17,"enemies":"Book of Stabbing","floor":24,"turns":4},{"damage":18,"enemies":"Snake Plant","floor":28,"turns":3},{"damage":12,"enemies":"Chosen and Byrds","floor":29,"turns":5},{"damage":0,"enemies":"Centurion and Healer","floor":31,"turns":4},{"damage":26,"enemies":"Automaton","floor":33,"turns":9},{"damage":0,"enemies":"Orb Walker","floor":35,"turns":5},{"damage":27,"floor":38,"turns":7},{"damage":0,"enemies":"Flame Bruiser 1 Orb","floor":41,"turns":5},{"damage":48,"enemies":"Giant Head","floor":42,"turns":9},{"damage":12,"enemies":"Transient","floor":45,"turns":5},{"damage":4,"enemies":"4 Shapes","floor":47,"turns":5},{"damage":40,"enemies":"Sphere and 2 Shapes","floor":48,"turns":6},{"damage":36,"enemies":"Time Eater","floor":50,"turns":12}],"seed_played":"8462400137513891855","potions_obtained":[{"floor":7,"key":"Poison Potion"},{"floor":11,"key":"Explosive Potion"},{"floor":12,"key":"Dexterity Potion"},{"floor":14,"key":"LiquidBronze"}],"is_trial":false,"path_per_floor":["M","?","?","T","M","R","E","?","T","E","M","E","R","M","R","B",null,"M","?","?","M","?","R","E","$","T","R","M","M","R","M","R","B",null,"M","$","?","?","$","R","M","E","T","$","M","R","M","M","R","B"],"character_chosen":"THE_SILENT","items_purchased":["Well Laid Plans","Lantern","Frozen Egg 2","Backstab+1"],"campfire_rested":3,"item_purchase_floors":[25,25,36,44],"current_hp_per_floor":[59,59,64,64,64,64,64,57,57,47,47,45,45,45,45,42,64,42,42,46,40,40,40,36,36,36,36,31,32,32,45,68,43,69,70,70,56,42,42,42,53,28,28,28,35,59,62,45,70,47],"gold":134,"neow_bonus":"THREE_ENEMY_KILL","is_prod":false,"is_daily":false,"chose_seed":false,"campfire_upgraded":7,"win_rate":0,"timestamp":1532090107,"path_taken":["M","?","?","?","M","R","E","?","T","E","?","E","R","M","R","BOSS","M","?","?","M","?","R","E","$","T","R","M","?","R","M","R","BOSS","M","?","?","?","?","R","?","E","T","$","M","R","M","M","R","BOSS"],"build_version":"2018-07-19v2","purchased_purges":1,"victory":true,"max_hp_per_floor":[66,66,71,71,71,71,71,71,71,71,71,71,71,71,71,71,71,71,71,72,73,73,73,74,74,74,74,75,76,76,77,77,78,78,79,79,79,80,80,80,81,82,82,82,83,83,84,85,85,86],"card_choices":[{"not_picked":["Heel Hook","Blur"],"picked":"Poisoned Stab","floor":1},{"not_picked":["Dodge and Roll","Caltrops"],"picked":"Dagger Throw","floor":5},{"not_picked":["Endless Agony","PiercingWail"],"picked":"Noxious Fumes","floor":7},{"not_picked":["Venomology","Cloak And Dagger"],"picked":"Leg Sweep","floor":10},{"not_picked":["Slice+1","Backflip"],"picked":"Sucker Punch+1","floor":11},{"not_picked":["Prepared","Quick Slash+1"],"picked":"Blade Dance","floor":12},{"not_picked":["Backflip","Outmaneuver"],"picked":"Predator+1","floor":14},{"not_picked":["Storm of Steel","Venomology"],"picked":"Envenom","floor":16},{"not_picked":["All Out Attack+1","Underhanded Strike+1"],"picked":"Riddle With Holes+1","floor":18},{"not_picked":["Bane+1","Underhanded Strike+1"],"picked":"Catalyst","floor":20},{"not_picked":["Flying Knee+1","Expertise"],"picked":"Riddle With Holes+1","floor":21},{"not_picked":["Flechettes+1","Backstab+1"],"picked":"After Image","floor":24},{"not_picked":["Bane+1","Dagger Throw+1"],"picked":"Endless Agony+1","floor":28},{"not_picked":["Eviscerate+1","PiercingWail"],"picked":"Noxious Fumes","floor":29},{"not_picked":["Dodge and Roll","Deadly Poison+1"],"picked":"Dash+1","floor":31},{"not_picked":["Corpse Explosion","Wraith Form v2"],"picked":"Malaise","floor":33},{"not_picked":["Heel Hook+1","Poisoned Stab+1"],"picked":"Cloak And Dagger","floor":35},{"not_picked":["Reflex","Prepared"],"picked":"Backflip","floor":38},{"not_picked":["Dodge and Roll+1","Slice+1"],"picked":"Cloak And Dagger","floor":41},{"not_picked":["Distraction","Tactician"],"picked":"Prepared+1","floor":42},{"not_picked":["Prepared","Flying Knee+1","Poisoned Stab+1"],"picked":"SKIP","floor":45},{"not_picked":["Prepared","Dagger Throw+1"],"picked":"After Image+1","floor":47},{"not_picked":["Outmaneuver","Quick Slash+1","Poisoned Stab+1"],"picked":"SKIP","floor":48}],"player_experience":1107099,"relics_obtained":[{"floor":4,"key":"Meat on the Bone"},{"floor":7,"key":"Molten Egg 2"},{"floor":9,"key":"Orichalcum"},{"floor":10,"key":"Boot"},{"floor":12,"key":"Ancient Tea Set"},{"floor":20,"key":"Red Mask"},{"floor":24,"key":"Potion Belt"},{"floor":26,"key":"War Paint"},{"floor":38,"key":"Bird Faced Urn"},{"floor":42,"key":"Tough Bandages"},{"floor":42,"key":"Unceasing Top"},{"floor":43,"key":"Pen Nib"}],"event_choices":[{"event_name":"The Cleric","player_choice":"Card Removal","floor":2,"damage_taken":0},{"event_name":"Big Fish","player_choice":"Donut","floor":3,"damage_taken":0},{"event_name":"Golden Wing","player_choice":"Card Removal","floor":8,"damage_taken":0},{"event_name":"FaceTrader","player_choice":"Trade","floor":19,"damage_taken":0},{"event_name":"Masked Bandits","player_choice":"Fought over 359 gold","floor":20,"damage_taken":0},{"event_name":"Beggar","player_choice":"Gave Gold","floor":22,"damage_taken":0},{"event_name":"Winding Halls","player_choice":"Embrace Madness","floor":37,"damage_taken":0},{"event_name":"Mysterious Sphere","player_choice":"Fight","floor":38,"damage_taken":0}],"is_beta":false,"boss_relics":[{"not_picked":["Runic Dome","Empty Cage"],"picked":"Sozu"},{"not_picked":["HoveringKite","White Beast Statue"],"picked":"Black Star"}],"items_purged_floors":[25],"is_endless":false,"potions_floor_spawned":[7,11,12,14,18,24,31,33,35,42,45],"ascension_level":15}