{"gold_per_floor":[117,131,131,150,219,219,230,230,280,290,304,319,331,341,341,412,412,423,436,351,29,79,79,99,114,170,220,220,240,273,286,286,286],"floor_reached":33,"playtime":1549,"items_purged":[],"score":487,"play_id":"6dfc7ce3-c4b5-4c48-aff1-353ceef74de7","local_time":"20190209200324","is_ascension_mode":true,"campfire_choices":[{"floor":6,"key":"REST"},{"data":"Dash","floor":8,"key":"SMITH"},{"data":"Dash","floor":15,"key":"SMITH"},{"floor":23,"key":"REST"},{"floor":28,"key":"REST"},{"floor":32,"key":"REST"}],"neow_cost":"NONE","seed_source_timestamp":1505034304532071,"circlet_count":0,"master_deck":["AscendersBane","Defend_G+1","Defend_G+1","Defend_G+1","Defend_G+1","Strike_G+1","Strike_G+1","Strike_G+1","Survivor","Neutralize","Setup","Blur","Masterful Stab","Predator","Dash+1","Dash+1","Deadly Poison","Backstab","Burst","Footwork+1","Terror","Noxious Fumes","Tactician","Well Laid Plans"],"relics":["Ring of the Snake","SsserpentHead","Juzu Bracelet","Velvet Choker","Kunai","Ice Cream","Tiny Chest","Omamori"],"potions_floor_usage":[7,7,16,29,29,31,33],"damage_taken":[{"damage":8,"enemies":"2 Louse","floor":1,"turns":4},{"damage":17,"enemies":"Cultist","floor":2,"turns":5},{"damage":0,"enemies":"Jaw Worm","floor":4,"turns":4},{"damage":10,"enemies":"Gremlin Gang","floor":5,"turns":5},{"damage":0,"enemies":"Large Slime","floor":7,"turns":3},{"damage":1,"enemies":"Red Slaver","floor":10,"turns":4},{"damage":5,"enemies":"Blue Slaver","floor":11,"turns":3},{"damage":0,"enemies":"3 Louse","floor":13,"turns":4},{"damage":6,"enemies":"Exordium Wildlife","floor":14,"turns":4},{"damage":3,"enemies":"The Guardian","floor":16,"turns":17},{"damage":16,"enemies":"2 Thieves","floor":18,"turns":5},{"damage":35,"enemies":"Chosen","floor":19,"turns":7},{"damage":1,"enemies":"Snecko","floor":25,"turns":6},{"damage":0,"enemies":"3 Cultists","floor":29,"turns":5},{"damage":54,"enemies":"Gremlin Leader","floor":30,"turns":10},{"damage":0,"enemies":"Cultist and Chosen","floor":31,"turns":7},{"damage":33,"enemies":"Automaton","floor":33,"turns":6}],"seed_played":"1085828826856860961","potions_obtained":[{"floor":5,"key":"Fire Potion"},{"floor":7,"key":"Fruit Juice"},{"floor":10,"key":"SpeedPotion"},{"floor":14,"key":"PowerPotion"},{"floor":16,"key":"Block Potion"},{"floor":24,"key":"PowerPotion"},{"floor":24,"key":"Fire Potion"},{"floor":30,"key":"AttackPotion"},{"floor":31,"key":"SkillPotion"}],"is_trial":false,"path_per_floor":["M","M","?","M","M","R","M","R","T","M","M","?","M","M","R","B",null,"M","M","?","$","?","R","?","M","T","?","R","M","E","M","R","B"],"character_chosen":"THE_SILENT","items_purchased":["Ice Cream"],"campfire_rested":4,"item_purchase_floors":[21],"current_hp_per_floor":[51,34,34,34,24,43,48,48,48,47,42,59,59,53,53,50,66,50,15,15,15,15,36,36,35,35,35,56,56,2,2,23,0],"gold":286,"neow_bonus":"TRANSFORM_CARD","is_prod":false,"is_daily":false,"chose_seed":false,"campfire_upgraded":2,"win_rate":0,"timestamp":1549710204,"path_taken":["M","M","?","M","?","R","M","R","T","M","M","?","M","M","R","BOSS","M","M","?","$","?","R","?","M","T","?","R","M","E","M","R","BOSS"],"build_version":"2019-01-23","purchased_purges":0,"victory":false,"max_hp_per_floor":[66,66,66,66,66,66,71,71,71,71,71,71,71,71,71,71,71,71,71,71,71,71,71,71,71,71,71,71,71,71,71,71,71],"card_choices":[{"not_picked":["Prepared","Poisoned Stab"],"picked":"Blur","floor":1},{"not_picked":["Catalyst","Dodge and Roll"],"picked":"Masterful Stab","floor":2},{"not_picked":["Bane","Reflex"],"picked":"Predator","floor":4},{"not_picked":["Poisoned Stab","Bane","Caltrops"],"picked":"SKIP","floor":5},{"not_picked":["All Out Attack","Setup"],"picked":"Dash","floor":7},{"not_picked":["Dodge and Roll","Underhanded Strike","Acrobatics"],"picked":"SKIP","floor":10},{"not_picked":["Poisoned Stab","Endless Agony"],"picked":"Dash","floor":11},{"not_picked":["Deflect","Caltrops"],"picked":"Deadly Poison","floor":13},{"not_picked":["Deadly Poison","Bane"],"picked":"Backstab","floor":14},{"not_picked":["Doppelganger","Glass Knife"],"picked":"Burst","floor":16},{"not_picked":["Dagger Throw","Underhanded Strike"],"picked":"Footwork+1","floor":18},{"not_picked":["Bane","Quick Slash"],"picked":"Terror","floor":19},{"not_picked":["Concentrate","Blur","Distraction"],"picked":"SKIP","floor":25},{"not_picked":["Concentrate","Quick Slash+1","Blur"],"picked":"SKIP","floor":29},{"not_picked":["Footwork","Burst"],"picked":"Well Laid Plans","floor":30},{"not_picked":["Reflex","Calculated Gamble","Dagger Throw"],"picked":"SKIP","floor":31}],"player_experience":506686,"relics_obtained":[{"floor":9,"key":"Juzu Bracelet"},{"floor":26,"key":"Tiny Chest"},{"floor":30,"key":"Omamori"}],"event_choices":[{"damage_healed":0,"gold_gain":0,"player_choice":"Trade","damage_taken":0,"relics_obtained":["SsserpentHead"],"max_hp_gain":0,"max_hp_loss":0,"event_name":"FaceTrader","floor":3,"gold_loss":0},{"damage_healed":17,"gold_gain":0,"player_choice":"Healed","damage_taken":0,"max_hp_gain":0,"max_hp_loss":0,"event_name":"The Cleric","floor":12,"gold_loss":35},{"damage_healed":0,"gold_gain":0,"player_choice":"Paid Gold","damage_taken":0,"relics_obtained":["Kunai"],"max_hp_gain":0,"max_hp_loss":0,"event_name":"WeMeetAgain","floor":20,"gold_loss":135},{"damage_healed":0,"gold_gain":0,"cards_transformed":["Strike_G","Defend_G"],"player_choice":"Became Test Subject","damage_taken":0,"max_hp_gain":0,"max_hp_loss":0,"event_name":"Drug Dealer","floor":22,"gold_loss":0,"cards_obtained":["Noxious Fumes","Tactician"]},{"damage_healed":0,"gold_gain":0,"player_choice":"Bought 2 Potions","damage_taken":0,"max_hp_gain":0,"max_hp_loss":0,"event_name":"The Woman in Blue","floor":24,"gold_loss":0},{"damage_healed":0,"gold_gain":0,"player_choice":"Simplicity","damage_taken":0,"max_hp_gain":0,"max_hp_loss":0,"event_name":"Back to Basics","floor":27,"gold_loss":0,"cards_upgraded":["Defend_G","Defend_G","Defend_G","Defend_G","Strike_G","Strike_G","Strike_G"]}],"is_beta":false,"boss_relics":[{"not_picked":["Sozu","Runic Pyramid"],"picked":"Velvet Choker"}],"items_purged_floors":[],"is_endless":false,"potions_floor_spawned":[5,7,10,14,16,30,31],"killed_by":"Automaton","ascension_level":17}