{"gold_per_floor":[109,119,138,138,61,61,95,95,95,106,116,116,116,116],"floor_reached":14,"playtime":550,"items_purged":[],"score":180,"play_id":"68c68658-05ab-490d-9d1c-7375be55c201","local_time":"20190208092740","is_ascension_mode":true,"campfire_choices":[{"floor":6.0,"key":"DIG"},{"floor":8.0,"key":"DIG"}],"neow_cost":"NONE","seed_source_timestamp":414796441447335,"circlet_count":0,"master_deck":["AscendersBane","Strike_B","Strike_B","Strike_B","Strike_B","Defend_B","Defend_B","Defend_B","Defend_B","Zap","Dualcast","Capacitor","Steam","Auto Shields","Defragment","White Noise","Hello World","Undo"],"special_seed":0,"relics":["Cracked Core","NeowsBlessing","Shovel","Molten Egg 2","Juzu Bracelet","PreservedInsect","Dead Branch","SsserpentHead"],"potions_floor_usage":[14],"damage_taken":[{"damage":0.0,"enemies":"2 Louse","floor":1.0,"turns":1.0},{"damage":0.0,"enemies":"Small Slimes","floor":2.0,"turns":1.0},{"damage":0.0,"enemies":"Cultist","floor":3.0,"turns":1.0},{"damage":35.0,"enemies":"3 Sentries","floor":7.0,"turns":12.0},{"damage":14.0,"enemies":"Red Slaver","floor":10.0,"turns":4.0},{"damage":4,"enemies":"Large Slime","floor":11,"turns":5},{"damage":15,"enemies":"Exordium Thugs","floor":14,"turns":2}],"seed_played":"4483622278212146591","potions_obtained":[{"floor":1.0,"key":"AttackPotion"},{"floor":10.0,"key":"Strength Potion"}],"is_trial":false,"path_per_floor":["M","M","M","?","$","R","E","R","T","M","M","?","?","M"],"character_chosen":"DEFECT","items_purchased":["Defragment"],"campfire_rested":0,"item_purchase_floors":[5],"current_hp_per_floor":[64,64,64,59,59,59,24,24,24,10,6,6,6,0],"gold":116,"neow_bonus":"THREE_ENEMY_KILL","is_prod":false,"is_daily":false,"chose_seed":false,"campfire_upgraded":0,"win_rate":0,"timestamp":1549636060,"path_taken":["M","M","M","?","$","R","E","R","T","M","M","?","?","M"],"build_version":"2019-01-23","purchased_purges":0,"victory":false,"max_hp_per_floor":[71,71,71,71,71,71,71,71,71,71,71,71,71,71],"card_choices":[{"not_picked":["Conserve Battery","Gash"],"picked":"Capacitor","floor":1.0},{"not_picked":["Redo","Barrage"],"picked":"Steam","floor":2.0},{"not_picked":["Redo","Self Repair"],"picked":"Auto Shields","floor":3.0},{"not_picked":["Redo","Ball Lightning+1"],"picked":"White Noise","floor":7.0},{"not_picked":["Fusion","Sweeping Beam+1"],"picked":"Hello World","floor":10.0},{"not_picked":["Lockon+1","Reprogram"],"picked":"Undo","floor":11}],"player_experience":2354480,"relics_obtained":[{"floor":6.0,"key":"Molten Egg 2"},{"floor":7.0,"key":"Juzu Bracelet"},{"floor":8.0,"key":"PreservedInsect"},{"floor":9.0,"key":"Dead Branch"}],"event_choices":[{"damage_healed":0.0,"max_hp_gain":0.0,"max_hp_loss":0.0,"gold_gain":0.0,"event_name":"Scrap Ooze","player_choice":"Success","floor":4.0,"gold_loss":0.0,"damage_taken":5.0,"relics_obtained":["Shovel"]},{"damage_healed":0,"gold_gain":0,"player_choice":"Ignored","damage_taken":0,"max_hp_gain":0,"max_hp_loss":0,"event_name":"Golden Wing","floor":12,"gold_loss":0},{"damage_healed":0,"gold_gain":0,"player_choice":"Trade","damage_taken":0,"relics_obtained":["SsserpentHead"],"max_hp_gain":0,"max_hp_loss":0,"event_name":"FaceTrader","floor":13,"gold_loss":0}],"is_beta":false,"boss_relics":[],"items_purged_floors":[],"is_endless":false,"potions_floor_spawned":[1,10],"killed_by":"Exordium Thugs","ascension_level":20}