{"gold_per_floor":[116,116,126,126,149,149,164,164,191,211,226,226,246,269,269,389,389,403,403,678,698,468,468,468,366,390,390,249,249,374,374,374,494,494,513,513,527,542,562,602,602,623,623,623,623,642,642,707,707,707,707,707,9,44,44],"floor_reached":55,"playtime":5097,"items_purged":["Regret","Defend_B"],"score":687,"play_id":"0d2471f6-367c-4c36-a447-cbb31d161eb1","local_time":"20190120102125","is_ascension_mode":false,"campfire_choices":[{"data":"Fusion","floor":6.0,"key":"SMITH"},{"data":"Streamline","floor":8.0,"key":"SMITH"},{"floor":15.0,"key":"REST"},{"data":"Rainbow","floor":23,"key":"SMITH"},{"data":"Loop","floor":27,"key":"SMITH"},{"data":"Loop","floor":29,"key":"SMITH"},{"floor":32,"key":"REST"},{"floor":41,"key":"REST"},{"floor":45,"key":"RECALL"},{"data":"Static Discharge","floor":47,"key":"SMITH"},{"floor":49,"key":"REST"},{"data":"Defragment","floor":52,"key":"SMITH"}],"neow_cost":"NONE","seed_source_timestamp":0,"circlet_count":0,"master_deck":["Defend_B","Defend_B","Defend_B","Zap","Dualcast","Coolheaded","Fusion+1","Skim","Ball Lightning","Blizzard","Cold Snap","Rainbow+1","Steam+1","Consume+1","All For One+1","Static Discharge+1","Fusion","Loop","Loop+1","Coolheaded","Loop+1","Defragment+1","Meteor Strike","Chill+1","Static Discharge+1","Capacitor+1","Chill+1","Cold Snap","Compile Driver+1"],"special_seed":0,"relics":["Nuclear Battery","Potion Belt","Golden Idol","DataDisk","Astrolabe","Ice Cream","Mummified Hand","Cursed Key","Centennial Puzzle","FossilizedHelix","Bronze Scales","Bottled Tornado","Strange Spoon","Lantern"],"potions_floor_usage":[30,30,30,39,39,39,39,39,39,40,40,48,54,55,55,55,55,55],"damage_taken":[{"damage":3.0,"enemies":"2 Louse","floor":1.0,"turns":3.0},{"damage":2.0,"enemies":"Small Slimes","floor":3.0,"turns":4.0},{"damage":0.0,"enemies":"Cultist","floor":5.0,"turns":3.0},{"damage":3.0,"enemies":"3 Louse","floor":7.0,"turns":4.0},{"damage":0.0,"enemies":"2 Fungi Beasts","floor":10.0,"turns":4.0},{"damage":5.0,"enemies":"Exordium Wildlife","floor":11.0,"turns":3.0},{"damage":6.0,"enemies":"Gremlin Gang","floor":13.0,"turns":4.0},{"damage":7.0,"enemies":"Large Slime","floor":14.0,"turns":4.0},{"damage":8.0,"enemies":"Hexaghost","floor":16.0,"turns":8.0},{"damage":9,"enemies":"2 Thieves","floor":18,"turns":4},{"damage":2,"enemies":"Spheric Guardian","floor":21,"turns":4},{"damage":14,"enemies":"Colosseum Slavers","floor":30,"turns":5},{"damage":7,"enemies":"Colosseum Nobs","floor":30,"turns":5},{"damage":16,"enemies":"Champ","floor":33,"turns":9},{"damage":34,"enemies":"3 Darklings","floor":35,"turns":4},{"damage":6,"enemies":"3 Shapes","floor":37,"turns":2},{"damage":2,"enemies":"Jaw Worm Horde","floor":38,"turns":4},{"damage":6,"enemies":"Sphere and 2 Shapes","floor":39,"turns":7},{"damage":13,"enemies":"Reptomancer","floor":40,"turns":6},{"damage":0,"enemies":"Maw","floor":42,"turns":7},{"damage":0,"enemies":"Jaw Worm Horde","floor":46,"turns":6},{"damage":31,"enemies":"2 Orb Walkers","floor":48,"turns":4},{"damage":18,"enemies":"Donu and Deca","floor":50,"turns":8},{"damage":0,"enemies":"Shield and Spear","floor":54,"turns":8},{"damage":79,"enemies":"The Heart","floor":55,"turns":6}],"seed_played":"-183641917648308517","potions_obtained":[{"floor":5.0,"key":"FocusPotion"},{"floor":10.0,"key":"FearPotion"},{"floor":11.0,"key":"Ancient Potion"},{"floor":13.0,"key":"Fire Potion"},{"floor":33,"key":"Explosive Potion"},{"floor":35,"key":"LiquidBronze"},{"floor":36,"key":"SteroidPotion"},{"floor":36,"key":"EntropicBrew"},{"floor":36,"key":"AttackPotion"},{"floor":39,"key":"SteroidPotion"},{"floor":40,"key":"SteroidPotion"},{"floor":42,"key":"PowerPotion"},{"floor":54,"key":"SteroidPotion"}],"is_trial":false,"path_per_floor":["M","?","M","?","M","R","M","R","T","M","M","$","M","M","R","B",null,"M","?","?","M","$","R","?","$","T","R","$","R","?","?","R","B",null,"M","?","M","M","M","E","R","M","T","?","R","M","R","?","R","B",null,"R","$","E","B"],"character_chosen":"DEFECT","items_purchased":["Fusion","Loop","Coolheaded","Loop","Defragment","Bronze Scales","Bottled Tornado","Strange Spoon","Block Potion","Energy Potion"],"campfire_rested":4,"item_purchase_floors":[22,22,25,25,28,53,53,53,53,53],"current_hp_per_floor":[72,65,63,45,45,45,42,42,42,42,37,37,31,24,46,38,75,66,66,66,64,64,64,64,64,64,64,64,64,43,27,49,33,75,41,41,35,33,27,29,51,51,51,51,51,51,51,20,42,24,75,75,75,75,0],"gold":44,"neow_bonus":"BOSS_RELIC","is_prod":false,"is_daily":false,"chose_seed":false,"campfire_upgraded":7,"win_rate":0,"timestamp":1547941885,"path_taken":["M","?","M","?","M","R","M","R","T","M","M","$","M","M","R","BOSS","M","?","?","?","$","R","?","$","T","R","$","R","?","?","R","BOSS","M","?","M","M","?","E","R","M","T","?","R","M","R","?","R","BOSS","R","$","E","BOSS"],"build_version":"2019-01-17v2","purchased_purges":2,"victory":false,"max_hp_per_floor":[75,75,75,75,75,75,75,75,75,75,75,75,75,75,75,75,75,75,75,75,75,75,75,75,75,75,75,75,75,75,75,75,75,75,75,75,75,75,75,75,75,75,75,75,75,75,75,75,75,75,75,75,75,75,75],"card_choices":[{"not_picked":["Rebound","Go for the Eyes"],"picked":"Streamline","floor":1.0},{"not_picked":["Hologram","Gash"],"picked":"Coolheaded","floor":3.0},{"not_picked":["Conserve Battery","Double Energy"],"picked":"Fusion","floor":5.0},{"not_picked":["Steam","Turbo","Force Field"],"picked":"SKIP","floor":7.0},{"not_picked":["Beam Cell","Leap"],"picked":"Skim","floor":10.0},{"not_picked":["Conserve Battery","Reprogram"],"picked":"Ball Lightning","floor":11.0},{"not_picked":["Cold Snap","Consume"],"picked":"Blizzard","floor":13.0},{"not_picked":["FTL","Conserve Battery"],"picked":"Cold Snap","floor":14.0},{"not_picked":["Amplify","Machine Learning"],"picked":"Rainbow","floor":16.0},{"not_picked":["Stack","Undo","Turbo"],"picked":"SKIP","floor":18},{"not_picked":["Doom and Gloom+1","Hologram"],"picked":"Static Discharge","floor":21},{"not_picked":["Reboot","Creative AI"],"picked":"Meteor Strike","floor":33},{"not_picked":["Cold Snap+1","Defragment+1"],"picked":"Chill+1","floor":35},{"not_picked":["Hologram","Turbo+1","Auto Shields"],"picked":"SKIP","floor":37},{"not_picked":["Consume+1","Coolheaded+1"],"picked":"Static Discharge+1","floor":38},{"not_picked":["Auto Shields+1","Cold Snap+1"],"picked":"Capacitor+1","floor":39},{"not_picked":["Fission","Go for the Eyes","Sweeping Beam+1"],"picked":"SKIP","floor":40},{"not_picked":["Ball Lightning+1","Compile Driver"],"picked":"Chill+1","floor":42},{"not_picked":["Turbo","Barrage"],"picked":"Cold Snap","floor":46},{"not_picked":["Reprogram","Go for the Eyes"],"picked":"Compile Driver+1","floor":54}],"player_experience":466563,"relics_obtained":[{"floor":9.0,"key":"DataDisk"},{"floor":30,"key":"Ice Cream"},{"floor":30,"key":"Mummified Hand"},{"floor":40,"key":"Centennial Puzzle"},{"floor":48,"key":"FossilizedHelix"},{"floor":54,"key":"Lantern"}],"event_choices":[{"damage_healed":0.0,"max_hp_gain":0.0,"max_hp_loss":0.0,"gold_gain":0.0,"event_name":"Scrap Ooze","player_choice":"Success","floor":2.0,"gold_loss":0.0,"damage_taken":7.0,"relics_obtained":["Potion Belt"]},{"damage_healed":0.0,"max_hp_gain":0.0,"max_hp_loss":0.0,"gold_gain":0.0,"event_name":"Golden Idol","player_choice":"Take Damage","floor":4.0,"gold_loss":0.0,"damage_taken":18.0,"relics_obtained":["Golden Idol"]},{"cards_removed":["Strike_B"],"damage_healed":0,"gold_gain":0,"player_choice":"Elegance","damage_taken":0,"max_hp_gain":0,"max_hp_loss":0,"event_name":"Back to Basics","floor":19,"gold_loss":0},{"damage_healed":0,"gold_gain":275,"player_choice":"Desecrate","damage_taken":0,"max_hp_gain":0,"max_hp_loss":0,"event_name":"Golden Shrine","floor":20,"gold_loss":0,"cards_obtained":["Regret"]},{"damage_healed":0,"gold_gain":0,"player_choice":"Read","damage_taken":0,"max_hp_gain":0,"max_hp_loss":0,"event_name":"The Library","floor":24,"gold_loss":0,"cards_obtained":["Loop"]},{"damage_healed":0,"gold_gain":0,"player_choice":"Fight","damage_taken":0,"max_hp_gain":0,"max_hp_loss":0,"event_name":"Colosseum","floor":30,"gold_loss":0},{"damage_healed":0,"gold_gain":0,"player_choice":"Fought Nobs","damage_taken":0,"max_hp_gain":0,"max_hp_loss":0,"event_name":"Colosseum","floor":30,"gold_loss":0},{"damage_healed":0,"gold_gain":0,"player_choice":"Obtained Book","damage_taken":16,"max_hp_gain":0,"max_hp_loss":0,"event_name":"Cursed Tome","floor":31,"gold_loss":0},{"damage_healed":0,"gold_gain":0,"player_choice":"Got Potions","damage_taken":0,"max_hp_gain":0,"max_hp_loss":0,"event_name":"Lab","floor":36,"gold_loss":0},{"cards_removed":["Streamline"],"damage_healed":0,"gold_gain":0,"player_choice":"Removed Attack","damage_taken":0,"max_hp_gain":0,"max_hp_loss":0,"event_name":"Falling","floor":44,"gold_loss":0},{"damage_healed":0,"gold_gain":0,"player_choice":"Fight","damage_taken":0,"max_hp_gain":0,"max_hp_loss":0,"event_name":"Mysterious Sphere","floor":48,"gold_loss":0}],"is_beta":false,"boss_relics":[{"not_picked":["Sozu","Coffee Dripper"],"picked":"Astrolabe"},{"not_picked":["Calling Bell","Fusion Hammer"],"picked":"Cursed Key"}],"items_purged_floors":[22,28],"is_endless":false,"potions_floor_spawned":[5,10,11,13,30,33,35,39,40,42,54],"killed_by":"The Heart","ascension_level":0}