{"gold_per_floor":[111,124,74,88,13,13,29,29,29,58,84,101,133,145,157,274,286,317,345,280,292,304,316,359,371],"floor_reached":25,"playtime":1457,"items_purged":["Strike_G"],"score":323,"play_id":"93513e9d-8585-4cdc-9760-5f64d750e83f","local_time":"20180722224953","is_ascension_mode":true,"campfire_choices":[{"data":"Neutralize","floor":6,"key":"SMITH"},{"data":"Noxious Fumes","floor":8,"key":"SMITH"},{"data":"Caltrops","floor":15,"key":"SMITH"},{"floor":23,"key":"REST"}],"neow_cost":"","seed_source_timestamp":276989516783816,"circlet_count":0,"master_deck":["Defend_G","Defend_G","Defend_G","Defend_G","Defend_G","Strike_G","Strike_G","Survivor","Neutralize+1","Caltrops+1","Poisoned Stab","Escape Plan","Noxious Fumes+1","Blade Dance","Die Die Die","Acrobatics","Cloak And Dagger","Die Die Die","Backflip","Noxious Fumes","Poisoned Stab","Finisher","Skewer","Acrobatics+1","Dagger Spray+1","J.A.X."],"relics":["Ring of the Snake","Ninja Scroll","Odd Mushroom","Meat on the Bone","MawBank","Orrery","Sundial"],"potions_floor_usage":[10,13,13,16,22],"damage_taken":[{"damage":0,"enemies":"Cultist","floor":1,"turns":6},{"damage":2,"enemies":"2 Louse","floor":2,"turns":3},{"damage":0,"enemies":"Small Slimes","floor":4,"turns":5},{"damage":1,"enemies":"Blue Slaver","floor":7,"turns":5},{"damage":3,"floor":10,"turns":4},{"damage":28,"enemies":"Gremlin Nob","floor":11,"turns":4},{"damage":1,"enemies":"Looter","floor":12,"turns":3},{"damage":5,"enemies":"3 Sentries","floor":13,"turns":6},{"damage":11,"enemies":"Hexaghost","floor":16,"turns":7},{"damage":8,"enemies":"Shell Parasite","floor":18,"turns":6},{"damage":32,"enemies":"2 Thieves","floor":19,"turns":5},{"damage":19,"enemies":"Sentry and Sphere","floor":22,"turns":4},{"damage":28,"enemies":"Slavers","floor":24,"turns":7},{"damage":23,"enemies":"Snecko","floor":25,"turns":5}],"seed_played":"2677945894791327019","potions_obtained":[{"floor":1,"key":"SmokeBomb"},{"floor":7,"key":"Swift Potion"},{"floor":11,"key":"Poison Potion"},{"floor":12,"key":"PowerPotion"},{"floor":13,"key":"FearPotion"}],"is_trial":false,"path_per_floor":["M","M","?","M","$","R","M","R","T","?","E","M","E","?","R","B",null,"M","M","?","?","M","R","E"],"character_chosen":"THE_SILENT","items_purchased":[],"campfire_rested":1,"item_purchase_floors":[],"current_hp_per_floor":[63,61,61,61,61,61,60,60,60,57,29,40,47,47,47,36,62,54,34,34,21,12,34,18,0],"gold":371,"neow_bonus":"","is_prod":false,"is_daily":false,"chose_seed":false,"campfire_upgraded":3,"win_rate":0,"timestamp":1532265593,"path_taken":["M","?","?","?","?","R","M","R","T","?","E","?","E","?","R","BOSS","M","M","?","?","M","R","E","M"],"build_version":"2018-07-19v2","purchased_purges":1,"victory":false,"max_hp_per_floor":[70,70,70,70,70,70,70,70,70,70,70,70,70,70,70,70,70,70,70,70,75,75,75,75,75],"card_choices":[{"not_picked":["Slice","Poisoned Stab"],"picked":"Caltrops","floor":1},{"not_picked":["Underhanded Strike","Prepared"],"picked":"Poisoned Stab","floor":2},{"not_picked":["Dagger Throw","Eviscerate"],"picked":"Escape Plan","floor":4},{"not_picked":["Acrobatics","Tactician"],"picked":"Noxious Fumes","floor":7},{"not_picked":["PiercingWail","Dodge and Roll"],"picked":"Blade Dance","floor":10},{"not_picked":["PiercingWail","Quick Slash"],"picked":"Die Die Die","floor":11},{"not_picked":["Deadly Poison","Underhanded Strike"],"picked":"Acrobatics","floor":12},{"not_picked":["Dagger Throw","Deflect"],"picked":"Cloak And Dagger","floor":13},{"not_picked":["Doppelganger","Bullet Time"],"picked":"Die Die Die","floor":16},{"not_picked":["Choke","Acrobatics"],"picked":"Backflip","floor":17},{"not_picked":["Outmaneuver","Dagger Spray"],"picked":"Noxious Fumes","floor":17},{"not_picked":["Outmaneuver","Predator"],"picked":"Poisoned Stab","floor":17},{"not_picked":["PiercingWail","Dash"],"picked":"Finisher","floor":17},{"not_picked":["Sucker Punch","Calculated Gamble"],"picked":"Skewer","floor":17},{"not_picked":["Poisoned Stab","Bouncing Flask"],"picked":"Acrobatics+1","floor":18},{"not_picked":["Prepared","Riddle With Holes"],"picked":"Dagger Spray+1","floor":19},{"not_picked":["Tactician","Dodge and Roll","Calculated Gamble"],"picked":"SKIP","floor":24}],"player_experience":233812,"relics_obtained":[{"floor":9,"key":"Ninja Scroll"},{"floor":10,"key":"Odd Mushroom"},{"floor":11,"key":"Meat on the Bone"},{"floor":13,"key":"MawBank"},{"floor":24,"key":"Sundial"}],"event_choices":[{"event_name":"The Cleric","player_choice":"Card Removal","floor":3,"damage_taken":0},{"event_name":"Mushrooms","player_choice":"Fought Mushrooms","floor":10,"damage_taken":0},{"event_name":"Purifier","player_choice":"One Purge","floor":14,"damage_taken":0},{"event_name":"Drug Dealer","player_choice":"Got JAXXED","floor":20,"damage_taken":0},{"event_name":"Forgotten Altar","player_choice":"Shed Blood","floor":21,"damage_taken":0}],"is_beta":false,"boss_relics":[{"not_picked":["Tiny House","Velvet Choker"],"picked":"Orrery"}],"items_purged_floors":[5],"is_endless":false,"potions_floor_spawned":[1,7,11,12,13,22],"killed_by":"Snecko","ascension_level":8}