{"gold_per_floor":[119,135,58,58,33,33,44,44,44,44,44,65,65,84,84,173,173,189,114,132,146,61,61],"floor_reached":23,"playtime":864,"items_purged":["Strike_G"],"score":353,"play_id":"d05a3717-80ec-43b3-93e6-991594e85a4b","local_time":"20190210223419","is_ascension_mode":true,"campfire_choices":[{"data":"Noxious Fumes","floor":6,"key":"SMITH"},{"data":"Neutralize","floor":8,"key":"SMITH"},{"data":"Well Laid Plans","floor":13,"key":"SMITH"},{"data":"Noxious Fumes","floor":15,"key":"SMITH"}],"neow_cost":"NONE","seed_source_timestamp":168819616665375,"circlet_count":0,"master_deck":["AscendersBane","Defend_G","Defend_G","Defend_G","Defend_G","Defend_G","Strike_G","Strike_G","Survivor","Neutralize+1","Dagger Spray","Backflip","Noxious Fumes+1","Dodge and Roll","Predator","Well Laid Plans+1","Noxious Fumes+1","Adrenaline","Cloak And Dagger","Backflip","Caltrops","Noxious Fumes"],"relics":["Ring of the Snake","NeowsBlessing","Pen Nib","Golden Idol","Fusion Hammer"],"potions_floor_usage":[14,21],"damage_taken":[{"damage":0,"enemies":"Cultist","floor":1,"turns":1},{"damage":0,"enemies":"2 Louse","floor":2,"turns":1},{"damage":0,"enemies":"Small Slimes","floor":7,"turns":1},{"damage":4,"enemies":"Red Slaver","floor":12,"turns":5},{"damage":7,"enemies":"Exordium Thugs","floor":14,"turns":4},{"damage":14,"enemies":"Hexaghost","floor":16,"turns":9},{"damage":22,"enemies":"3 Byrds","floor":18,"turns":5},{"damage":19,"enemies":"2 Thieves","floor":20,"turns":4},{"damage":8,"enemies":"Centurion and Healer","floor":21,"turns":6},{"damage":10,"enemies":"Slavers","floor":23,"turns":1}],"seed_played":"-8804910691735219760","potions_obtained":[{"floor":1,"key":"Block Potion"},{"floor":12,"key":"SneckoOil"},{"floor":16,"key":"SteroidPotion"}],"is_trial":false,"path_per_floor":["M","M","$","?","$","R","M","R","T","?","?","M","R","M","R","B",null,"M","$","M","M","$","E"],"character_chosen":"THE_SILENT","items_purchased":["Noxious Fumes","Dodge and Roll","Noxious Fumes"],"campfire_rested":0,"item_purchase_floors":[3,5,22],"current_hp_per_floor":[59,59,59,52,52,52,52,52,52,52,52,48,48,41,41,27,52,30,30,11,3,3,0],"gold":61,"neow_bonus":"THREE_ENEMY_KILL","is_prod":false,"is_daily":false,"chose_seed":false,"campfire_upgraded":4,"win_rate":0,"timestamp":1549834459,"path_taken":["M","?","$","?","$","R","M","R","T","?","?","M","R","M","R","BOSS","M","$","M","M","$","E"],"build_version":"2019-01-23","purchased_purges":1,"victory":false,"max_hp_per_floor":[66,66,66,66,66,66,66,66,66,60,60,60,60,60,60,60,60,60,60,60,60,60,60],"card_choices":[{"not_picked":["Accuracy","Eviscerate"],"picked":"Dagger Spray","floor":1},{"not_picked":["Poisoned Stab","Outmaneuver"],"picked":"Backflip","floor":2},{"not_picked":["Dodge and Roll","Quick Slash"],"picked":"Predator","floor":7},{"not_picked":["Calculated Gamble","Bouncing Flask"],"picked":"Well Laid Plans","floor":12},{"not_picked":["Flechettes","Dash"],"picked":"Noxious Fumes","floor":14},{"not_picked":["Unload","Tools of the Trade"],"picked":"Adrenaline","floor":16},{"not_picked":["Dagger Throw","Bouncing Flask"],"picked":"Cloak And Dagger","floor":18},{"not_picked":["Outmaneuver","Sucker Punch"],"picked":"Backflip","floor":20},{"not_picked":["Predator","Poisoned Stab"],"picked":"Caltrops","floor":21}],"player_experience":1391387,"relics_obtained":[{"floor":9,"key":"Pen Nib"}],"event_choices":[{"cards_removed":["Strike_G"],"damage_healed":0,"gold_gain":0,"player_choice":"Card Removal","damage_taken":7,"max_hp_gain":0,"max_hp_loss":0,"event_name":"Golden Wing","floor":4,"gold_loss":0},{"damage_healed":0,"gold_gain":0,"player_choice":"Lose Max HP","damage_taken":0,"relics_obtained":["Golden Idol"],"max_hp_gain":0,"max_hp_loss":6,"event_name":"Golden Idol","floor":10,"gold_loss":0},{"cards_removed":["Strike_G"],"damage_healed":0,"gold_gain":0,"player_choice":"Offered Basic","damage_taken":0,"max_hp_gain":0,"max_hp_loss":0,"event_name":"Bonfire Elementals","floor":11,"gold_loss":0}],"is_beta":false,"boss_relics":[{"not_picked":["WristBlade","Philosopher\u0027s Stone"],"picked":"Fusion Hammer"}],"items_purged_floors":[19],"is_endless":false,"potions_floor_spawned":[1,12,16],"killed_by":"Slavers","ascension_level":19}