{"gold_per_floor":[219,20,37,49,49,78,78,93,173,173,191,219,26,36,36,137,137,154,170,170,270,284,315,414,432,506,91,91,108,121,132,132,132],"floor_reached":33,"playtime":1535,"items_purged":["Writhe"],"score":309,"play_id":"49cbbe80-8f26-48e5-ac6c-f2051467c105","local_time":"20181015021118","is_ascension_mode":true,"campfire_choices":[{"data":"Defragment","floor":7,"key":"SMITH"},{"data":"Genetic Algorithm","floor":10,"key":"SMITH"},{"data":"Glacier","floor":15,"key":"SMITH"},{"floor":28,"key":"REST"},{"floor":32,"key":"REST"}],"neow_cost":"NONE","seed_source_timestamp":3416849652983,"circlet_count":0,"master_deck":["Strike_B","Strike_B","Strike_B","Strike_B","Defend_B","Defend_B","Defend_B","Defend_B","Zap+1","Dualcast","Defragment+1","Ball Lightning","Chaos","Glacier+1","Reboot","Genetic Algorithm+1","Compile Driver","Rainbow","Master of Strategy","Ball Lightning","Creative AI","Doubt","Injury","Lockon","Echo Form+1","Stack+1","Force Field","Lockon+1","Go for the Eyes"],"relics":["Cracked Core","Lantern","Ginger","Singing Bowl","Oddly Smooth Stone","Calling Bell","Dead Branch","Vajra","Frozen Egg 2","Enchiridion","Bottled Flame","Gremlin Horn","Peace Pipe"],"potions_floor_usage":[3,6,22,25,29,30,30,33,33],"damage_taken":[{"damage":1,"enemies":"Cultist","floor":1,"turns":3},{"damage":0,"enemies":"Jaw Worm","floor":3,"turns":1},{"damage":0,"enemies":"Small Slimes","floor":4,"turns":2},{"damage":10,"enemies":"Lagavulin","floor":6,"turns":5},{"damage":0,"enemies":"Looter","floor":8,"turns":2},{"damage":0,"enemies":"Large Slime","floor":11,"turns":4},{"damage":13,"enemies":"3 Sentries","floor":12,"turns":5},{"damage":1,"enemies":"Blue Slaver","floor":14,"turns":3},{"damage":10,"enemies":"The Guardian","floor":16,"turns":11},{"damage":0,"enemies":"Spheric Guardian","floor":18,"turns":4},{"damage":0,"enemies":"Chosen","floor":19,"turns":5},{"damage":15,"enemies":"Shelled Parasite and Fungi","floor":22,"turns":8},{"damage":26,"enemies":"Book of Stabbing","floor":23,"turns":6},{"damage":2,"enemies":"Snecko","floor":25,"turns":5},{"damage":15,"enemies":"Sentry and Sphere","floor":29,"turns":6},{"damage":24,"enemies":"Snake Plant","floor":30,"turns":4},{"damage":5,"enemies":"Chosen and Byrds","floor":31,"turns":4},{"damage":49,"enemies":"Automaton","floor":33,"turns":6}],"seed_played":"-549411415008241039","potions_obtained":[{"floor":1,"key":"FearPotion"},{"floor":3,"key":"Strength Potion"},{"floor":12,"key":"Swift Potion"},{"floor":23,"key":"GamblersBrew"},{"floor":25,"key":"PowerPotion"},{"floor":29,"key":"EntropicBrew"}],"is_trial":false,"path_per_floor":["M","$","M","M","?","E","R","M","T","R","M","E","$","M","R","B",null,"M","M","?","?","M","E","?","M","T","$","R","M","M","M","R"],"character_chosen":"DEFECT","items_purchased":["Ball Lightning","Lantern","Master of Strategy","Peace Pipe","Force Field"],"campfire_rested":2,"item_purchase_floors":[2,2,13,27,27],"current_hp_per_floor":[74,74,74,74,74,64,64,64,64,64,64,51,51,50,50,40,75,77,77,61,61,48,22,22,20,20,20,43,28,18,13,37,0],"gold":132,"neow_bonus":"HUNDRED_GOLD","is_prod":false,"is_daily":false,"chose_seed":false,"campfire_upgraded":3,"win_rate":0,"timestamp":1539587478,"path_taken":["M","$","M","M","?","E","R","M","T","R","M","E","$","M","R","BOSS","M","?","?","?","M","E","?","M","T","$","R","M","M","M","R","BOSS"],"build_version":"2018-10-11","purchased_purges":1,"victory":false,"max_hp_per_floor":[75,75,75,75,75,75,75,75,75,75,75,75,75,75,75,75,75,77,77,77,77,79,79,79,79,79,79,79,79,81,81,81,81],"card_choices":[{"not_picked":["Go for the Eyes","Force Field"],"picked":"Defragment","floor":1},{"not_picked":["Streamline","Beam Cell"],"picked":"Chaos","floor":3},{"not_picked":["Loop","Gash"],"picked":"Glacier","floor":4},{"not_picked":["Beam Cell","Ball Lightning"],"picked":"Reboot","floor":6},{"not_picked":["Recycle","Steam"],"picked":"Genetic Algorithm","floor":8},{"not_picked":["Recycle","Cold Snap"],"picked":"Compile Driver","floor":11},{"not_picked":["Force Field","Go for the Eyes"],"picked":"Rainbow","floor":12},{"not_picked":["Redo","Fusion"],"picked":"Ball Lightning","floor":14},{"not_picked":["Machine Learning","Seek"],"picked":"Creative AI","floor":16},{"not_picked":["Sweeping Beam","Reprogram+1","Redo"],"picked":"Singing Bowl","floor":18},{"not_picked":["Streamline","Conserve Battery"],"picked":"Lockon","floor":19},{"not_picked":["Consume","Rebound","Recycle"],"picked":"Singing Bowl","floor":22},{"not_picked":["Tempest","Stack"],"picked":"Echo Form+1","floor":23},{"not_picked":["Double Energy","Go for the Eyes"],"picked":"Stack+1","floor":25},{"not_picked":["Recycle","Ball Lightning+1"],"picked":"Lockon+1","floor":29},{"not_picked":["Scrape","Conserve Battery","Go for the Eyes"],"picked":"Singing Bowl","floor":30},{"not_picked":["Doom and Gloom+1","Rip and Tear"],"picked":"Go for the Eyes","floor":31}],"player_experience":409496,"relics_obtained":[{"floor":6,"key":"Ginger"},{"floor":9,"key":"Singing Bowl"},{"floor":12,"key":"Oddly Smooth Stone"},{"floor":17,"key":"Dead Branch"},{"floor":17,"key":"Vajra"},{"floor":17,"key":"Frozen Egg 2"},{"floor":20,"key":"Enchiridion"},{"floor":23,"key":"Bottled Flame"},{"floor":26,"key":"Gremlin Horn"}],"event_choices":[{"event_name":"Living Wall","player_choice":"Grow","floor":5,"damage_taken":0},{"event_name":"Cursed Tome","player_choice":"Obtained Book","floor":20,"damage_taken":0},{"event_name":"Golden Shrine","player_choice":"Pray","floor":21,"damage_taken":0},{"event_name":"Nest","player_choice":"Stole From Cult","floor":24,"damage_taken":0}],"is_beta":true,"boss_relics":[{"not_picked":["Coffee Dripper","Snecko Eye"],"picked":"Calling Bell"}],"items_purged_floors":[27],"is_endless":false,"potions_floor_spawned":[1,3,12,23,25,29],"killed_by":"Automaton","ascension_level":2}