{"gold_per_floor":[112,73,73,87,12,12,29,48,48,66,82,108,124,199,199,301,301,312,325,325,345,358,358,358,358,358,373,373,107,107,122,122,222,222,237,112,112,112,1111,1111,1124,671,671,358,358,358,375,392,392,392],"floor_reached":50,"playtime":6228,"items_purged":["Strike_B","Strike_B","Strike_B","Normality","Normality"],"score":459,"play_id":"3722a479-016e-4686-bb92-968d91800e0c","local_time":"20190129210808","is_ascension_mode":false,"campfire_choices":[{"floor":6.0,"key":"REST"},{"floor":15.0,"key":"REST"},{"floor":23.0,"key":"REST"},{"floor":25.0,"key":"REST"},{"floor":28.0,"key":"REST"},{"floor":32.0,"key":"REST"},{"floor":40.0,"key":"REST"},{"floor":45.0,"key":"REST"},{"floor":49.0,"key":"REST"}],"neow_cost":"NONE","seed_source_timestamp":0,"circlet_count":0,"master_deck":["Defend_B","Defend_B","Defend_B","Defend_B","Zap","Dualcast","Go for the Eyes","Hello World+1","Conserve Battery","Conserve Battery","Glacier","Creative AI","Undo+1","Chill","Conserve Battery","Recycle","Amplify","Core Surge","Turbo+1","Darkness+1","Consume","Thinking Ahead","Electrodynamics","Madness","Madness","Darkness+1","Tempest+1"],"special_seed":0,"relics":["Fusion Hammer"],"potions_floor_usage":[50,50],"damage_taken":[{"damage":0.0,"enemies":"Small Slimes","floor":1.0,"turns":4.0},{"damage":0.0,"enemies":"Cultist","floor":4.0,"turns":3.0},{"damage":3.0,"enemies":"Jaw Worm","floor":7.0,"turns":3.0},{"damage":0.0,"enemies":"Looter","floor":8.0,"turns":3.0},{"damage":0.0,"enemies":"Large Slime","floor":10.0,"turns":7.0},{"damage":2.0,"enemies":"Blue Slaver","floor":11.0,"turns":4.0},{"damage":5.0,"enemies":"Exordium Wildlife","floor":13.0,"turns":5.0},{"damage":32.0,"enemies":"Hexaghost","floor":16.0,"turns":15.0},{"damage":1.0,"enemies":"Shell Parasite","floor":18.0,"turns":11.0},{"damage":3.0,"enemies":"Chosen","floor":19.0,"turns":8.0},{"damage":9.0,"enemies":"Snake Plant","floor":21.0,"turns":7.0},{"damage":49.0,"enemies":"Cultist and Chosen","floor":22.0,"turns":11.0},{"damage":31.0,"enemies":"Centurion and Healer","floor":27.0,"turns":9.0},{"damage":10.0,"enemies":"Snake Plant","floor":31.0,"turns":12.0},{"damage":19.0,"enemies":"Champ","floor":33.0,"turns":9.0},{"damage":23.0,"enemies":"3 Shapes","floor":35.0,"turns":8.0},{"damage":24.0,"enemies":"Orb Walker","floor":41.0,"turns":8.0},{"damage":4.0,"enemies":"Sphere and 2 Shapes","floor":47.0,"turns":8.0},{"damage":3.0,"enemies":"Spire Growth","floor":48.0,"turns":8.0},{"damage":75,"enemies":"Time Eater","floor":50,"turns":14}],"seed_played":"-1119871184985618855","potions_obtained":[{"floor":4.0,"key":"SteroidPotion"},{"floor":11.0,"key":"Strength Potion"},{"floor":13.0,"key":"GamblersBrew"},{"floor":16.0,"key":"Energy Potion"},{"floor":18.0,"key":"SpeedPotion"},{"floor":21.0,"key":"Dexterity Potion"},{"floor":31.0,"key":"AttackPotion"},{"floor":35.0,"key":"Fire Potion"},{"floor":48.0,"key":"Weak Potion"}],"is_trial":false,"path_per_floor":["M","$","?","M","$","R","M","M","T","M","M","T","M","?","R","B",null,"M","M","?","M","M","R","?","R","T","M","R","$","T","M","R","B",null,"M","$","?","?","?","R","M","$","T","$","R","?","M","M","R","B"],"character_chosen":"DEFECT","items_purchased":["Hello World","Conserve Battery","Recycle","FocusPotion","Consume","Thinking Ahead","Swift Potion","Electrodynamics"],"campfire_rested":9,"item_purchase_floors":[2,29,29,29,42,42,42,44],"current_hp_per_floor":[75,75,75,75,75,75,72,72,72,72,70,70,65,54,75,43,75,74,71,71,62,13,35,35,57,57,26,48,48,48,38,60,41,75,52,52,52,52,52,74,50,50,50,50,72,63,59,56,75,0],"gold":392,"neow_bonus":"BOSS_RELIC","is_prod":false,"is_daily":false,"chose_seed":false,"campfire_upgraded":0,"win_rate":0,"timestamp":1548758288,"path_taken":["M","$","?","M","?","R","M","M","T","M","M","?","M","?","R","BOSS","M","M","?","M","M","R","?","R","T","M","R","$","?","M","R","BOSS","M","$","?","?","?","R","M","$","T","$","R","?","M","M","R","BOSS"],"build_version":"2019-01-23","purchased_purges":5,"victory":false,"max_hp_per_floor":[75,75,75,75,75,75,75,75,75,75,75,75,75,75,75,75,75,75,75,75,75,75,75,75,75,75,75,75,75,75,75,75,75,75,75,75,75,75,75,75,75,75,75,75,75,75,75,75,75,75],"card_choices":[{"not_picked":["Turbo","Sweeping Beam"],"picked":"Go for the Eyes","floor":1.0},{"not_picked":["Gash","Turbo"],"picked":"Conserve Battery","floor":4.0},{"not_picked":["Scrape","Seek"],"picked":"Conserve Battery","floor":7.0},{"not_picked":["Barrage","Ball Lightning","Blizzard"],"picked":"SKIP","floor":8.0},{"not_picked":["Redo","Storm","Stack"],"picked":"SKIP","floor":10.0},{"not_picked":["Coolheaded","Reinforced Body","Gash"],"picked":"SKIP","floor":11.0},{"not_picked":["Storm","Blizzard"],"picked":"Glacier","floor":13.0},{"not_picked":["Rainbow","Multi-Cast"],"picked":"Creative AI","floor":16.0},{"not_picked":["Undo","Turbo","Sunder"],"picked":"SKIP","floor":18.0},{"not_picked":["Hologram","Steam","Stack"],"picked":"SKIP","floor":19.0},{"not_picked":["Chaos","Barrage+1"],"picked":"Undo+1","floor":21.0},{"not_picked":["Melter","Force Field","Barrage"],"picked":"SKIP","floor":22.0},{"not_picked":["Hologram+1","Ball Lightning"],"picked":"Chill","floor":27.0},{"not_picked":["Stack","Reinforced Body"],"picked":"Amplify","floor":31.0},{"not_picked":["Machine Learning","Fission"],"picked":"Core Surge","floor":33.0},{"not_picked":["Barrage+1","Hello World+1"],"picked":"Turbo+1","floor":35.0},{"not_picked":["Redo","Hologram+1"],"picked":"Darkness+1","floor":41.0},{"not_picked":["Ball Lightning","Hello World"],"picked":"Darkness+1","floor":47.0},{"not_picked":["Sweeping Beam","Redo+1"],"picked":"Tempest+1","floor":48.0}],"player_experience":534394,"relics_obtained":[],"event_choices":[{"damage_healed":0.0,"max_hp_gain":0.0,"max_hp_loss":0.0,"gold_gain":0.0,"event_name":"Upgrade Shrine","player_choice":"Upgraded","floor":3.0,"gold_loss":0.0,"damage_taken":0.0,"cards_upgraded":["Hello World"]},{"damage_healed":0.0,"max_hp_gain":0.0,"max_hp_loss":0.0,"gold_gain":75.0,"event_name":"World of Goop","player_choice":"Gather Gold","floor":14.0,"gold_loss":0.0,"damage_taken":11.0},{"damage_healed":0.0,"max_hp_gain":0.0,"max_hp_loss":0.0,"gold_gain":0.0,"event_name":"Ghosts","player_choice":"Ignored","floor":20.0,"gold_loss":0.0,"damage_taken":0.0},{"cards_removed":["Strike_B"],"damage_healed":0.0,"max_hp_gain":0.0,"max_hp_loss":0.0,"gold_gain":0.0,"event_name":"Back to Basics","player_choice":"Elegance","floor":24.0,"gold_loss":0.0,"damage_taken":0.0},{"damage_healed":0.0,"max_hp_gain":0.0,"max_hp_loss":0.0,"gold_gain":0.0,"event_name":"Mysterious Sphere","player_choice":"Ignored","floor":37.0,"gold_loss":0.0,"damage_taken":0.0},{"damage_healed":0.0,"max_hp_gain":0.0,"max_hp_loss":0.0,"gold_gain":0.0,"event_name":"Tomb of Lord Red Mask","player_choice":"Ignored","floor":38.0,"gold_loss":0.0,"damage_taken":0.0},{"damage_healed":0.0,"max_hp_gain":0.0,"max_hp_loss":0.0,"gold_gain":999.0,"event_name":"MindBloom","player_choice":"Gold","floor":39.0,"gold_loss":0.0,"damage_taken":0.0,"cards_obtained":["Normality","Normality"]},{"damage_healed":0.0,"max_hp_gain":0.0,"max_hp_loss":0.0,"gold_gain":0.0,"event_name":"Winding Halls","player_choice":"Embrace Madness","floor":46.0,"gold_loss":0.0,"damage_taken":9.0,"cards_obtained":["Madness","Madness"]}],"is_beta":false,"boss_relics":[{"not_picked":["Runic Pyramid","Cursed Key","Eternal Feather"]},{"not_picked":["Runic Pyramid","Cursed Key","Eternal Feather"]}],"items_purged_floors":[5,29,36,42,44],"is_endless":false,"potions_floor_spawned":[4,11,13,16,18,21,31,35,48],"killed_by":"Time Eater","ascension_level":0}