{"gold_per_floor":[116,116,116,116,10,10,42,42,42,52,52,52,68,24,24,101,101,117,17,17,28,28,28],"floor_reached":23,"playtime":977,"items_purged":["Strike_B"],"score":370,"play_id":"effa0874-f8c4-4ba5-954e-4753624b92ca","local_time":"20190207222156","is_ascension_mode":true,"campfire_choices":[{"data":"Hello World","floor":6,"key":"SMITH"},{"data":"Defragment","floor":8,"key":"SMITH"},{"data":"Zap","floor":12,"key":"SMITH"},{"data":"Go for the Eyes","floor":15,"key":"SMITH"}],"neow_cost":"NONE","seed_source_timestamp":374515805392363,"circlet_count":0,"master_deck":["AscendersBane","Strike_B","Defend_B","Defend_B","Defend_B","Defend_B","Zap+1","Dualcast","Leap","Hello World+1","Panacea","Defragment+1","Go for the Eyes+1","Blizzard","Fission","Hologram","Beam Cell","Defragment+1","Gash","Writhe"],"relics":["Cracked Core","Pantograph","Meat on the Bone","Cursed Key","Unceasing Top"],"potions_floor_usage":[10,16,16,23],"damage_taken":[{"damage":2,"enemies":"Jaw Worm","floor":1,"turns":5},{"damage":13,"enemies":"3 Sentries","floor":7,"turns":10},{"damage":12,"enemies":"Small Slimes","floor":10,"turns":3},{"damage":3,"enemies":"2 Louse","floor":13,"turns":2},{"damage":32,"enemies":"Hexaghost","floor":16,"turns":13},{"damage":20,"enemies":"Chosen","floor":18,"turns":7},{"damage":31,"enemies":"Spheric Guardian","floor":21,"turns":9},{"damage":31,"enemies":"Slavers","floor":23,"turns":2}],"seed_played":"2912600563329659058","potions_obtained":[{"floor":1,"key":"Block Potion"},{"floor":10,"key":"GamblersBrew"},{"floor":13,"key":"AttackPotion"},{"floor":21,"key":"Block Potion"}],"is_trial":false,"path_per_floor":["M","?","?","?","$","R","E","R","T","M","?","R","M","$","R","B",null,"M","$","?","M","?","E"],"character_chosen":"DEFECT","items_purchased":["Panacea","Blizzard","Beam Cell"],"campfire_rested":0,"item_purchase_floors":[5,14,19],"current_hp_per_floor":[62,62,62,67,67,67,54,54,54,42,35,35,44,44,44,49,69,49,49,49,30,30,0],"gold":28,"neow_bonus":"TRANSFORM_CARD","is_prod":false,"is_daily":false,"chose_seed":false,"campfire_upgraded":4,"win_rate":0,"timestamp":1549596116,"path_taken":["M","?","?","?","?","R","E","R","T","M","?","R","M","$","R","BOSS","M","$","?","?","?","E"],"build_version":"2019-01-23","purchased_purges":1,"victory":false,"max_hp_per_floor":[71,71,71,76,76,76,76,76,76,76,76,76,76,76,76,76,76,76,76,76,76,76,76],"card_choices":[{"not_picked":["Steam","Darkness"],"picked":"Hello World","floor":1},{"not_picked":["Ball Lightning","Coolheaded"],"picked":"Defragment","floor":7},{"not_picked":["Chaos","Aggregate","Turbo"],"picked":"SKIP","floor":10},{"not_picked":["Redo","Self Repair"],"picked":"Go for the Eyes","floor":13},{"not_picked":["Hyperbeam","Rainbow"],"picked":"Fission","floor":16},{"not_picked":["Aggregate","Turbo"],"picked":"Hologram","floor":18},{"not_picked":["Stack","Streamline"],"picked":"Gash","floor":21}],"player_experience":2346367,"relics_obtained":[{"floor":7,"key":"Pantograph"},{"floor":9,"key":"Meat on the Bone"}],"event_choices":[{"damage_healed":0,"gold_gain":0,"player_choice":"Leave","damage_taken":0,"max_hp_gain":0,"max_hp_loss":0,"event_name":"The Cleric","floor":2,"gold_loss":0},{"damage_healed":0,"gold_gain":0,"player_choice":"Ignored","damage_taken":0,"max_hp_gain":0,"max_hp_loss":0,"event_name":"Shining Light","floor":3,"gold_loss":0},{"damage_healed":0,"gold_gain":0,"player_choice":"Donut","damage_taken":0,"max_hp_gain":5,"max_hp_loss":0,"event_name":"Big Fish","floor":4,"gold_loss":0},{"cards_removed":["Strike_B"],"damage_healed":0,"gold_gain":0,"player_choice":"Card Removal","damage_taken":7,"max_hp_gain":0,"max_hp_loss":0,"event_name":"Golden Wing","floor":11,"gold_loss":0},{"damage_healed":0,"gold_gain":0,"player_choice":"Copied","damage_taken":0,"max_hp_gain":0,"max_hp_loss":0,"event_name":"Duplicator","floor":20,"gold_loss":0,"cards_obtained":["Defragment"]},{"damage_healed":0,"gold_gain":0,"player_choice":"Opened","damage_taken":0,"relics_obtained":["Unceasing Top"],"max_hp_gain":0,"max_hp_loss":0,"event_name":"The Mausoleum","floor":22,"gold_loss":0,"cards_obtained":["Writhe"]}],"is_beta":false,"boss_relics":[{"not_picked":["Black Star","Busted Crown"],"picked":"Cursed Key"}],"items_purged_floors":[19],"is_endless":false,"potions_floor_spawned":[1,10,13,21],"killed_by":"Slavers","ascension_level":20}