{"gold_per_floor":[112,126,136,148,163,163,176,176,176,154,170,198,198,213,213,310,310,329,379,379,396,396],"floor_reached":22,"playtime":1061,"items_purged":[],"score":304,"play_id":"47f30b80-fa06-44bc-ba1e-4f45abe6dd38","local_time":"20181025083655","is_ascension_mode":true,"campfire_choices":[{"data":"Blade Dance","floor":6,"key":"SMITH"},{"data":"Neutralize","floor":13,"key":"SMITH"},{"data":"Choke","floor":15,"key":"SMITH"}],"neow_cost":"NONE","seed_source_timestamp":1313897843296424,"circlet_count":0,"master_deck":["Defend_G+1","Defend_G+1","Defend_G+1","Defend_G+1","Defend_G+1","Strike_G+1","Strike_G+1","Strike_G+1","Strike_G+1","Strike_G+1","Survivor","Neutralize+1","AscendersBane","Deadly Poison","Dagger Spray","Blade Dance+1","Dodge and Roll","Finisher","Blade Dance","Poisoned Stab","Predator","Choke+1","Wraith Form v2+1","Decay","Pain","Decay","Terror"],"relics":["Coffee Dripper","Potion Belt","Frozen Egg 2","Calling Bell","Dream Catcher","Matryoshka","FossilizedHelix"],"potions_floor_usage":[5,7,11,16],"damage_taken":[{"damage":1,"enemies":"Jaw Worm","floor":1,"turns":5},{"damage":1,"enemies":"Small Slimes","floor":2,"turns":4},{"damage":3,"enemies":"2 Louse","floor":3,"turns":2},{"damage":13,"enemies":"Blue Slaver","floor":4,"turns":3},{"damage":17,"enemies":"Gremlin Gang","floor":5,"turns":5},{"damage":8,"enemies":"Exordium Wildlife","floor":7,"turns":2},{"damage":0,"enemies":"Lots of Slimes","floor":11,"turns":4},{"damage":14,"enemies":"3 Sentries","floor":12,"turns":7},{"damage":13,"enemies":"Blue Slaver","floor":14,"turns":2},{"damage":18,"enemies":"Slime Boss","floor":16,"turns":6},{"damage":29,"enemies":"Shell Parasite","floor":18,"turns":4},{"damage":14,"enemies":"Spheric Guardian","floor":21,"turns":6},{"damage":21,"enemies":"Chosen and Byrds","floor":22,"turns":4}],"seed_played":"-6519232676884089868","potions_obtained":[{"floor":4,"key":"Regen Potion"},{"floor":5,"key":"SkillPotion"},{"floor":7,"key":"Block Potion"},{"floor":14,"key":"Dexterity Potion"},{"floor":16,"key":"Dexterity Potion"},{"floor":21,"key":"SpeedPotion"}],"is_trial":false,"path_per_floor":["M","M","M","M","M","R","M","?","T","?","M","E","R","M","R","B",null,"M","?","?","M"],"character_chosen":"THE_SILENT","items_purchased":[],"campfire_rested":0,"item_purchase_floors":[],"current_hp_per_floor":[62,61,58,45,43,43,35,58,58,58,58,44,44,31,31,13,56,27,27,27,13,0],"gold":396,"neow_bonus":"BOSS_RELIC","is_prod":false,"is_daily":false,"chose_seed":false,"campfire_upgraded":3,"win_rate":0,"timestamp":1540471015,"path_taken":["M","M","M","M","M","R","M","?","T","?","M","E","R","M","R","BOSS","M","?","?","M","M"],"build_version":"2018-10-18","purchased_purges":0,"victory":false,"max_hp_per_floor":[70,70,70,70,70,70,70,70,70,70,70,70,70,70,70,70,70,70,70,70,70,70],"card_choices":[{"not_picked":["Outmaneuver","Flying Knee"],"picked":"Deadly Poison","floor":1},{"not_picked":["Bane","Deflect"],"picked":"Dagger Spray","floor":2},{"not_picked":["Bane","Quick Slash"],"picked":"Blade Dance","floor":3},{"not_picked":["Malaise","PiercingWail"],"picked":"Dodge and Roll","floor":4},{"not_picked":["Deflect","Dagger Spray"],"picked":"Finisher","floor":5},{"not_picked":["Outmaneuver","Dagger Throw"],"picked":"Blade Dance","floor":7},{"not_picked":["Quick Slash","Bane"],"picked":"Poisoned Stab","floor":11},{"not_picked":["Underhanded Strike","Endless Agony"],"picked":"Predator","floor":12},{"not_picked":["Flechettes","Predator"],"picked":"Choke","floor":14},{"not_picked":["Phantasmal Killer","Glass Knife"],"picked":"Wraith Form v2+1","floor":16},{"not_picked":["Setup","Bane","Underhanded Strike"],"picked":"SKIP","floor":18},{"not_picked":["Prepared","Flechettes+1"],"picked":"Terror","floor":21}],"player_experience":1577903,"relics_obtained":[{"floor":9,"key":"Potion Belt"},{"floor":12,"key":"Frozen Egg 2"},{"floor":17,"key":"Dream Catcher"},{"floor":17,"key":"Matryoshka"},{"floor":17,"key":"FossilizedHelix"}],"event_choices":[{"damage_healed":23,"gold_gain":0,"player_choice":"Banana","damage_taken":0,"max_hp_gain":0,"max_hp_loss":0,"event_name":"Big Fish","floor":8,"gold_loss":0},{"damage_healed":0,"gold_gain":0,"player_choice":"Left Gold","damage_taken":0,"max_hp_gain":0,"max_hp_loss":0,"event_name":"World of Goop","floor":10,"gold_loss":22},{"damage_healed":0,"gold_gain":100,"player_choice":"Bet on Murderer","damage_taken":0,"max_hp_gain":0,"max_hp_loss":0,"event_name":"The Joust","floor":19,"gold_loss":50},{"damage_healed":0,"gold_gain":0,"player_choice":"Simplicity","damage_taken":0,"max_hp_gain":0,"max_hp_loss":0,"event_name":"Back to Basics","floor":20,"gold_loss":0,"cards_upgraded":["Defend_G","Defend_G","Defend_G","Defend_G","Defend_G","Strike_G","Strike_G","Strike_G","Strike_G","Strike_G"]}],"is_beta":false,"boss_relics":[{"not_picked":["Ectoplasm","Runic Dome"],"picked":"Calling Bell"}],"items_purged_floors":[],"is_endless":false,"potions_floor_spawned":[4,5,7,14,16,21],"killed_by":"Chosen and Byrds","ascension_level":12}