{"gold_per_floor":[211,211,221,146,146,146,43,107,107,122,152,163,163,175,175,280,280,295,319,319,319,338,368,368,396,444,444,458,111,122,135,135,230,230,245,245,18,31,48,82,115,140,165,165,195,195,295,315,315,315,315,315,16,42,42],"floor_reached":56,"playtime":4770,"items_purged":["Defend_R","Strike_R"],"score":1629,"play_id":"bb21a376-afcc-4ece-bb23-732a3a1651ec","local_time":"20190206071351","is_ascension_mode":true,"campfire_choices":[{"data":"Bash","floor":6,"key":"SMITH"},{"floor":15,"key":"RECALL"},{"floor":24,"key":"REST"},{"floor":32,"key":"REST"},{"data":"1","floor":44,"key":"LIFT"},{"data":"2","floor":46,"key":"LIFT"},{"data":"3","floor":49,"key":"LIFT"},{"floor":52,"key":"REST"}],"neow_cost":"NONE","seed_source_timestamp":2439476157283210,"circlet_count":0,"master_deck":["Strike_R","Strike_R","Strike_R","Strike_R","Defend_R","Defend_R","Defend_R","Bash+1","Flame Barrier","Armaments+1","Armaments+1","Disarm+1","Anger","True Grit+1","True Grit+1","Metallicize","Juggernaut","Feel No Pain","Ghostly+1","Ghostly+1","Ghostly+1","Ghostly+1","Ghostly+1","Anger","Battle Trance+1","J.A.X.+1","Warcry+1","Barricade","Second Wind+1","Panacea+1","Body Slam+1","True Grit+1","Disarm+1","Feel No Pain","Impervious+1","Metallicize","True Grit+1"],"relics":["Burning Blood","Toxic Egg 2","Mercury Hourglass","Tiny Chest","Thread and Needle","Anchor","Fusion Hammer","Mango","Meat on the Bone","Oddly Smooth Stone","Dodecahedron","Runic Dome","Centennial Puzzle","Orichalcum","WingedGreaves","Girya","Pear","Happy Flower","Strawberry","Bird Faced Urn","Bag of Marbles"],"potions_floor_usage":[25,30,41,45,45,55],"damage_taken":[{"damage":1,"enemies":"Cultist","floor":1,"turns":3},{"damage":8,"enemies":"Jaw Worm","floor":3,"turns":5},{"damage":9,"enemies":"3 Sentries","floor":8,"turns":8},{"damage":0,"enemies":"2 Louse","floor":10,"turns":2},{"damage":10,"enemies":"Gremlin Nob","floor":11,"turns":5},{"damage":0,"enemies":"Red Slaver","floor":12,"turns":3},{"damage":0,"enemies":"3 Louse","floor":14,"turns":2},{"damage":0,"enemies":"Hexaghost","floor":16,"turns":10},{"damage":4,"enemies":"2 Thieves","floor":18,"turns":4},{"damage":8,"enemies":"3 Byrds","floor":22,"turns":4},{"damage":8,"enemies":"Slavers","floor":23,"turns":7},{"damage":4,"enemies":"Gremlin Leader","floor":25,"turns":7},{"damage":4,"enemies":"3 Cultists","floor":28,"turns":6},{"damage":14,"enemies":"Snecko","floor":30,"turns":6},{"damage":2,"enemies":"Centurion and Healer","floor":31,"turns":9},{"damage":18,"enemies":"Champ","floor":33,"turns":13},{"damage":0,"enemies":"Orb Walker","floor":35,"turns":6},{"damage":0,"enemies":"3 Shapes","floor":38,"turns":5},{"damage":0,"enemies":"Jaw Worm Horde","floor":39,"turns":6},{"damage":0,"enemies":"Giant Head","floor":40,"turns":7},{"damage":0,"enemies":"Nemesis","floor":41,"turns":7},{"damage":0,"enemies":"Reptomancer","floor":42,"turns":8},{"damage":0,"enemies":"Giant Head","floor":45,"turns":9},{"damage":0,"enemies":"Mind Bloom Boss Battle","floor":47,"turns":4},{"damage":0,"enemies":"Spire Growth","floor":48,"turns":6},{"damage":2,"enemies":"Awakened One","floor":50,"turns":12},{"damage":4,"enemies":"Shield and Spear","floor":54,"turns":7},{"damage":7,"enemies":"The Heart","floor":55,"turns":13}],"seed_played":"-7346846186821966114","potions_obtained":[{"floor":1,"key":"Swift Potion"},{"floor":10,"key":"FearPotion"},{"floor":16,"key":"Weak Potion"},{"floor":31,"key":"LiquidBronze"},{"floor":38,"key":"SkillPotion"},{"floor":41,"key":"Weak Potion"},{"floor":45,"key":"FearPotion"}],"is_trial":false,"path_per_floor":["M","T","M","$","T","R","$","E","T","M","E","M","?","M","R","B",null,"M","T","?","?","M","E","R","E","T","?","M","$","M","M","R","B",null,"M","?","$","M","M","E","E","E","T","R","E","R","?","M","R","B",null,"R","$","E","B",null],"character_chosen":"IRONCLAD","items_purchased":["Armaments+1","Fire Potion","Dodecahedron","Orichalcum","Panacea+1","Impervious+1","Metallicize","Ancient Potion"],"campfire_rested":3,"item_purchase_floors":[7,7,29,37,37,53,53,53],"current_hp_per_floor":[80,80,78,78,78,78,78,75,75,80,76,80,80,80,80,80,80,80,80,80,40,38,50,54,54,54,54,54,54,46,50,54,42,54,54,54,54,54,54,54,54,64,64,64,71,71,71,71,71,71,71,71,71,71,71],"gold":42,"neow_bonus":"HUNDRED_GOLD","is_prod":false,"is_daily":false,"chose_seed":false,"campfire_upgraded":1,"win_rate":0,"timestamp":1549458831,"path_taken":["M","?","M","$","?","R","?","E","T","M","E","M","?","M","R","BOSS","M","?","?","?","?","E","R","E","T","?","M","$","M","M","R","BOSS","M","?","$","?","M","E","E","E","T","R","E","R","?","M","R","BOSS","R","$","E","BOSS"],"build_version":"2019-01-23","purchased_purges":2,"victory":true,"max_hp_per_floor":[80,80,80,80,80,80,80,80,80,80,80,80,80,80,80,80,80,80,80,80,40,40,54,54,54,54,54,54,54,54,54,54,54,54,54,54,54,54,54,54,54,64,64,64,71,71,71,71,71,71,71,71,71,71,71],"card_choices":[{"not_picked":["Wild Strike","Iron Wave"],"picked":"Flame Barrier","floor":1},{"not_picked":["Blood for Blood","Power Through+1"],"picked":"Armaments+1","floor":3},{"not_picked":["Infernal Blade+1","Wild Strike"],"picked":"Disarm+1","floor":8},{"not_picked":["Headbutt","Flex+1"],"picked":"Anger","floor":10},{"not_picked":["Twin Strike","Clash"],"picked":"True Grit+1","floor":11},{"not_picked":["Flex+1","Cleave"],"picked":"True Grit+1","floor":12},{"not_picked":["True Grit+1","Heavy Blade"],"picked":"Metallicize","floor":14},{"not_picked":["Reaper","Dark Embrace"],"picked":"Juggernaut","floor":16},{"not_picked":["Ghostly Armor+1","Rupture","Iron Wave"],"picked":"SKIP","floor":18},{"not_picked":["Armaments+1","Thunderclap+1","Wild Strike"],"picked":"SKIP","floor":22},{"not_picked":["Sword Boomerang+1","Clothesline"],"picked":"Anger","floor":23},{"not_picked":["Brutality","Body Slam"],"picked":"Battle Trance+1","floor":25},{"not_picked":["Iron Wave","Flex+1"],"picked":"Warcry+1","floor":28},{"not_picked":["Anger","Sword Boomerang","Spot Weakness+1"],"picked":"SKIP","floor":30},{"not_picked":["Flex+1","Shrug It Off+1","Carnage"],"picked":"SKIP","floor":31},{"not_picked":["Fiend Fire","Demon Form"],"picked":"Barricade","floor":33},{"not_picked":["Perfected Strike","Shrug It Off+1"],"picked":"Second Wind+1","floor":35},{"not_picked":["Metallicize+1","Disarm+1"],"picked":"Body Slam+1","floor":38},{"not_picked":["Inflame+1","Clash+1","Reckless Charge+1"],"picked":"SKIP","floor":39},{"not_picked":["Blood for Blood+1","Clash","Fire Breathing+1"],"picked":"SKIP","floor":40},{"not_picked":["Dark Embrace","Thunderclap","Perfected Strike"],"picked":"SKIP","floor":41},{"not_picked":["Clothesline+1","Heavy Blade+1"],"picked":"True Grit+1","floor":42},{"not_picked":["Heavy Blade+1","Whirlwind+1"],"picked":"Disarm+1","floor":45},{"not_picked":["Sword Boomerang+1","Headbutt+1"],"picked":"Feel No Pain","floor":48},{"not_picked":["Flex+1","Pummel"],"picked":"True Grit+1","floor":54}],"player_experience":36176,"relics_obtained":[{"floor":2,"key":"Toxic Egg 2"},{"floor":5,"key":"Mercury Hourglass"},{"floor":8,"key":"Tiny Chest"},{"floor":9,"key":"Thread and Needle"},{"floor":11,"key":"Anchor"},{"floor":23,"key":"Mango"},{"floor":25,"key":"Meat on the Bone"},{"floor":26,"key":"Oddly Smooth Stone"},{"floor":40,"key":"WingedGreaves"},{"floor":41,"key":"Girya"},{"floor":42,"key":"Pear"},{"floor":43,"key":"Happy Flower"},{"floor":45,"key":"Strawberry"},{"floor":47,"key":"Bird Faced Urn"},{"floor":54,"key":"Bag of Marbles"}],"event_choices":[{"damage_healed":0,"gold_gain":0,"player_choice":"Bought 0 Potions","damage_taken":0,"max_hp_gain":0,"max_hp_loss":0,"event_name":"The Woman in Blue","floor":13,"gold_loss":0},{"damage_healed":0,"gold_gain":0,"player_choice":"Read","damage_taken":0,"max_hp_gain":0,"max_hp_loss":0,"event_name":"The Library","floor":20,"gold_loss":0,"cards_obtained":["Feel No Pain"]},{"damage_healed":0,"gold_gain":0,"player_choice":"Became a Ghost","damage_taken":0,"max_hp_gain":0,"max_hp_loss":40,"event_name":"Ghosts","floor":21,"gold_loss":0,"cards_obtained":["Ghostly","Ghostly","Ghostly","Ghostly","Ghostly"]},{"damage_healed":0,"gold_gain":0,"player_choice":"Obtain J.A.X.","damage_taken":0,"max_hp_gain":0,"max_hp_loss":0,"event_name":"Drug Dealer","floor":27,"gold_loss":0,"cards_obtained":["J.A.X."]},{"damage_healed":0,"gold_gain":0,"player_choice":"Gave Potion","damage_taken":0,"relics_obtained":["Centennial Puzzle"],"max_hp_gain":0,"max_hp_loss":0,"event_name":"WeMeetAgain","floor":36,"gold_loss":0},{"damage_healed":0,"gold_gain":0,"player_choice":"Fight","damage_taken":0,"max_hp_gain":0,"max_hp_loss":0,"event_name":"MindBloom","floor":47,"gold_loss":0}],"is_beta":true,"boss_relics":[{"not_picked":["Runic Pyramid","White Beast Statue"],"picked":"Fusion Hammer"},{"not_picked":["Runic Cube","Black Star"],"picked":"Runic Dome"}],"items_purged_floors":[4,29],"is_endless":false,"potions_floor_spawned":[1,10,16,23,31,38,41,45],"ascension_level":2}