{"gold_per_floor":[114,126,138,313,388,388,406,406,406,438,438,438,454,480,480,583,583,600,600,600,613,644,679,679,679,702,732,732,749,761,794,794,794],"floor_reached":33,"playtime":2528,"items_purged":[],"score":407,"play_id":"4f7113a8-05be-422f-b86f-af8659edc562","local_time":"20190214041252","is_ascension_mode":true,"campfire_choices":[{"data":"Uppercut","floor":6,"key":"SMITH"},{"data":"True Grit","floor":8,"key":"SMITH"},{"floor":12,"key":"REST"},{"floor":15,"key":"REST"},{"data":"Bash","floor":25,"key":"SMITH"},{"data":"Burning Pact","floor":32,"key":"SMITH"}],"neow_cost":"TEN_PERCENT_HP_LOSS","seed_source_timestamp":123060347433583,"circlet_count":0,"master_deck":["Strike_R+1","Strike_R+1","Strike_R+1","Strike_R+1","Strike_R+1","Defend_R+1","Defend_R+1","Defend_R+1","Defend_R+1","Bash+1","Reaper","Uppercut+1","True Grit+1","Doubt","Anger","Burning Pact+1","Inflame","Twin Strike","Shrug It Off","Feed","J.A.X.","Sentinel","Battle Trance","Fire Breathing","Impatience","Shrug It Off+1","Twin Strike+1","True Grit"],"relics":["Burning Blood","Pear","Shuriken","Happy Flower","Philosopher\u0027s Stone","Red Mask","Omamori","Letter Opener","Lantern"],"potions_floor_usage":[10,16,16,22,23,23,30,30,30,31,31],"damage_taken":[{"damage":4,"enemies":"Jaw Worm","floor":1,"turns":4},{"damage":7,"enemies":"Small Slimes","floor":2,"turns":3},{"damage":6,"enemies":"Cultist","floor":3,"turns":4},{"damage":7,"enemies":"Looter","floor":7,"turns":4},{"damage":54,"enemies":"Lagavulin","floor":10,"turns":7},{"damage":7,"enemies":"2 Fungi Beasts","floor":13,"turns":3},{"damage":28,"enemies":"Gremlin Nob","floor":14,"turns":4},{"damage":35,"enemies":"The Guardian","floor":16,"turns":11},{"damage":19,"enemies":"Shell Parasite","floor":18,"turns":4},{"damage":7,"enemies":"Spheric Guardian","floor":21,"turns":3},{"damage":25,"enemies":"Masked Bandits","floor":22,"turns":4},{"damage":26,"enemies":"Book of Stabbing","floor":23,"turns":4},{"damage":39,"enemies":"Gremlin Leader","floor":27,"turns":7},{"damage":20,"enemies":"Centurion and Healer","floor":29,"turns":6},{"damage":5,"enemies":"Snake Plant","floor":30,"turns":3},{"damage":22,"enemies":"Slavers","floor":31,"turns":5},{"damage":85,"enemies":"Automaton","floor":33,"turns":8}],"seed_played":"-8952361309247447628","potions_obtained":[{"floor":2,"key":"PowerPotion"},{"floor":3,"key":"SpeedPotion"},{"floor":7,"key":"SpeedPotion"},{"floor":14,"key":"SpeedPotion"},{"floor":21,"key":"Energy Potion"},{"floor":22,"key":"Swift Potion"},{"floor":29,"key":"EntropicBrew"},{"floor":30,"key":"BloodPotion"}],"is_trial":false,"path_per_floor":["M","M","M","?","?","R","M","R","T","E","?","R","M","E","R","B",null,"M","?","?","M","?","E","?","R","T","E","?","M","M","E","R","B"],"character_chosen":"IRONCLAD","items_purchased":[],"campfire_rested":2,"item_purchase_floors":[],"current_hp_per_floor":[72,71,71,71,60,60,59,59,69,21,21,45,44,31,55,35,70,60,60,60,62,64,44,74,74,74,56,56,54,55,58,58,0],"gold":794,"neow_bonus":"THREE_RARE_CARDS","is_prod":false,"is_daily":false,"chose_seed":false,"campfire_upgraded":4,"win_rate":0,"timestamp":1550139172,"path_taken":["M","M","M","?","?","R","M","R","T","E","?","R","M","E","R","BOSS","M","?","?","M","?","E","?","R","T","E","?","M","M","E","R","BOSS"],"build_version":"2019-02-06","purchased_purges":0,"victory":false,"max_hp_per_floor":[72,72,72,72,72,72,72,72,82,82,82,82,82,82,82,82,82,85,85,85,88,91,91,91,91,91,91,91,94,94,94,94,94],"card_choices":[{"not_picked":["Fiend Fire","Berserk"],"picked":"Reaper","floor":0},{"not_picked":["Warcry","Blood for Blood","Clash"],"picked":"SKIP","floor":1},{"not_picked":["Sword Boomerang","Rage"],"picked":"Uppercut","floor":2},{"not_picked":["Headbutt","Bloodletting"],"picked":"True Grit","floor":3},{"not_picked":["Havoc","Twin Strike"],"picked":"Anger","floor":7},{"not_picked":["Rupture","Fire Breathing"],"picked":"Burning Pact","floor":10},{"not_picked":["Warcry","Infernal Blade"],"picked":"Twin Strike","floor":13},{"not_picked":["Hemokinesis","Intimidate"],"picked":"Shrug It Off","floor":14},{"not_picked":["Fiend Fire","Reaper"],"picked":"Feed","floor":16},{"not_picked":["Body Slam","Hemokinesis","Heavy Blade"],"picked":"SKIP","floor":18},{"not_picked":["Armaments","Warcry"],"picked":"Sentinel","floor":21},{"not_picked":["Warcry","Wild Strike","Sword Boomerang"],"picked":"SKIP","floor":23},{"not_picked":["Pummel","Headbutt"],"picked":"Battle Trance","floor":27},{"not_picked":["Headbutt","Searing Blow"],"picked":"Shrug It Off+1","floor":29},{"not_picked":["Fire Breathing","Cleave"],"picked":"Twin Strike+1","floor":30},{"not_picked":["Rage","Cleave"],"picked":"True Grit","floor":31}],"player_experience":151824,"relics_obtained":[{"floor":9,"key":"Pear"},{"floor":10,"key":"Shuriken"},{"floor":14,"key":"Happy Flower"},{"floor":22,"key":"Red Mask"},{"floor":23,"key":"Omamori"},{"floor":27,"key":"Letter Opener"},{"floor":31,"key":"Lantern"}],"event_choices":[{"damage_healed":0,"gold_gain":175,"player_choice":"AGREE","damage_taken":0,"max_hp_gain":0,"max_hp_loss":0,"event_name":"Liars Game","floor":4,"gold_loss":0,"cards_obtained":["Doubt"]},{"damage_healed":0,"gold_gain":75,"player_choice":"Gather Gold","damage_taken":11,"max_hp_gain":0,"max_hp_loss":0,"event_name":"World of Goop","floor":5,"gold_loss":0},{"damage_healed":0,"gold_gain":0,"player_choice":"1 cards matched","damage_taken":0,"max_hp_gain":0,"max_hp_loss":0,"event_name":"Match and Keep!","floor":11,"gold_loss":0,"cards_obtained":["Inflame"]},{"damage_healed":0,"gold_gain":0,"player_choice":"Obtain J.A.X.","damage_taken":0,"max_hp_gain":0,"max_hp_loss":0,"event_name":"Drug Dealer","floor":19,"gold_loss":0,"cards_obtained":["J.A.X."]},{"damage_healed":0,"gold_gain":0,"player_choice":"Simplicity","damage_taken":0,"max_hp_gain":0,"max_hp_loss":0,"event_name":"Back to Basics","floor":20,"gold_loss":0,"cards_upgraded":["Strike_R","Strike_R","Strike_R","Strike_R","Strike_R","Defend_R","Defend_R","Defend_R","Defend_R"]},{"damage_healed":0,"gold_gain":0,"player_choice":"Fought Bandits","damage_taken":0,"max_hp_gain":0,"max_hp_loss":0,"event_name":"Masked Bandits","floor":22,"gold_loss":0},{"damage_healed":30,"gold_gain":0,"player_choice":"Heal","damage_taken":0,"max_hp_gain":0,"max_hp_loss":0,"event_name":"The Library","floor":24,"gold_loss":0},{"damage_healed":0,"gold_gain":0,"player_choice":"3 cards matched","damage_taken":0,"max_hp_gain":0,"max_hp_loss":0,"event_name":"Match and Keep!","floor":28,"gold_loss":0,"cards_obtained":["Fire Breathing","Impatience","Parasite"]},{"damage_healed":0,"gold_gain":0,"player_choice":"3 cards matched","damage_taken":0,"max_hp_gain":0,"max_hp_loss":0,"event_name":"Match and Keep!","floor":28,"gold_loss":0,"cards_obtained":["Fire Breathing","Impatience","Parasite"]}],"is_beta":true,"boss_relics":[{"not_picked":["Runic Dome","Lizard Tail"],"picked":"Philosopher\u0027s Stone"}],"items_purged_floors":[],"is_endless":false,"potions_floor_spawned":[2,3,7,14,21,22,29,30],"killed_by":"Automaton","ascension_level":6}