{"gold_per_floor":[118,118,268,268,343,343,343,375,375,394,394,427,427,442,442,516,516,530,547,547],"floor_reached":20,"playtime":771,"items_purged":[],"score":379,"play_id":"2596b67f-9969-41ab-beab-10d931914b0c","local_time":"20190212194204","is_ascension_mode":true,"campfire_choices":[{"data":"Bash","floor":6.0,"key":"SMITH"},{"data":"Armaments","floor":11.0,"key":"SMITH"},{"data":"Pommel Strike","floor":13.0,"key":"SMITH"},{"floor":15.0,"key":"REST"}],"neow_cost":"NONE","seed_source_timestamp":797019086133144,"circlet_count":0,"master_deck":["AscendersBane","Strike_R+1","Strike_R","Strike_R","Strike_R","Strike_R+1","Defend_R","Defend_R","Defend_R","Defend_R","Bash+1","Perfected Strike+1","Doubt","Flame Barrier","Armaments+1","Pommel Strike+1","Twin Strike","Feed","Perfected Strike","Pommel Strike"],"special_seed":0,"relics":["Black Blood","NeowsBlessing","Pear","Juzu Bracelet","Centennial Puzzle"],"potions_floor_usage":[20],"damage_taken":[{"damage":0.0,"enemies":"2 Louse","floor":1.0,"turns":1.0},{"damage":0.0,"enemies":"Lagavulin","floor":8.0,"turns":1.0},{"damage":0.0,"enemies":"Small Slimes","floor":10.0,"turns":1.0},{"damage":32.0,"enemies":"Gremlin Nob","floor":12.0,"turns":4.0},{"damage":7.0,"enemies":"Jaw Worm","floor":14.0,"turns":4.0},{"damage":31.0,"enemies":"Slime Boss","floor":16.0,"turns":12.0},{"damage":53.0,"enemies":"Spheric Guardian","floor":18.0,"turns":8.0},{"damage":2.0,"enemies":"Chosen","floor":19.0,"turns":3.0},{"damage":43,"enemies":"Shelled Parasite and Fungi","floor":20,"turns":3}],"seed_played":"-4741247608566746446","potions_obtained":[{"floor":1.0,"key":"FearPotion"},{"floor":14.0,"key":"Poison Potion"},{"floor":16.0,"key":"PowerPotion"},{"floor":18.0,"key":"Fire Potion"},{"floor":19.0,"key":"SpeedPotion"}],"is_trial":false,"path_per_floor":["M","?","?","?","?","R","?","E","T","M","R","E","R","M","R","B",null,"M","M","M"],"character_chosen":"IRONCLAD","items_purchased":[],"campfire_rested":1,"item_purchase_floors":[],"current_hp_per_floor":[74,74,74,51,40,40,65,81,81,85,85,59,59,58,83,58,78,35,43,0],"gold":547,"neow_bonus":"THREE_ENEMY_KILL","is_prod":false,"is_daily":false,"chose_seed":false,"campfire_upgraded":3,"win_rate":0,"timestamp":1550018524,"path_taken":["M","?","?","?","?","R","?","E","T","M","R","E","R","M","R","BOSS","M","M","M"],"build_version":"2019-01-23","purchased_purges":0,"victory":false,"max_hp_per_floor":[75,75,75,75,75,75,75,85,85,85,85,85,85,85,85,85,85,85,85,85],"card_choices":[{"not_picked":["Rage","Heavy Blade"],"picked":"Perfected Strike","floor":1.0},{"not_picked":["Rampage","Shrug It Off"],"picked":"Flame Barrier","floor":8.0},{"not_picked":["Twin Strike","Flex"],"picked":"Armaments","floor":10.0},{"not_picked":["Sword Boomerang","Clash"],"picked":"Pommel Strike","floor":12.0},{"not_picked":["Body Slam","Uppercut"],"picked":"Twin Strike","floor":14.0},{"not_picked":["Demon Form","Barricade"],"picked":"Feed","floor":16.0},{"not_picked":["Armaments","Thunderclap"],"picked":"Perfected Strike","floor":18.0},{"not_picked":["Anger","Carnage"],"picked":"Pommel Strike","floor":19.0}],"player_experience":2418679,"relics_obtained":[{"floor":8.0,"key":"Pear"},{"floor":9.0,"key":"Juzu Bracelet"},{"floor":12.0,"key":"Centennial Puzzle"}],"event_choices":[{"damage_healed":0.0,"max_hp_gain":0.0,"max_hp_loss":0.0,"gold_gain":0.0,"event_name":"Living Wall","player_choice":"Grow","floor":2.0,"gold_loss":0.0,"damage_taken":0.0,"cards_upgraded":["Perfected Strike"]},{"damage_healed":0.0,"max_hp_gain":0.0,"max_hp_loss":0.0,"gold_gain":150.0,"event_name":"Liars Game","player_choice":"AGREE","floor":3.0,"gold_loss":0.0,"damage_taken":0.0,"cards_obtained":["Doubt"]},{"damage_healed":0.0,"max_hp_gain":0.0,"max_hp_loss":0.0,"gold_gain":0.0,"event_name":"Shining Light","player_choice":"Entered Light","floor":4.0,"gold_loss":0.0,"damage_taken":23.0,"cards_upgraded":["Strike_R","Strike_R"]},{"damage_healed":0.0,"max_hp_gain":0.0,"max_hp_loss":0.0,"gold_gain":75.0,"event_name":"World of Goop","player_choice":"Gather Gold","floor":5.0,"gold_loss":0.0,"damage_taken":11.0},{"damage_healed":25.0,"max_hp_gain":0.0,"max_hp_loss":0.0,"gold_gain":0.0,"event_name":"Big Fish","player_choice":"Banana","floor":7.0,"gold_loss":0.0,"damage_taken":0.0}],"is_beta":false,"boss_relics":[{"not_picked":["Eternal Feather","Astrolabe"],"picked":"Black Blood"}],"items_purged_floors":[],"is_endless":false,"potions_floor_spawned":[1,14,16,18,19],"killed_by":"Shelled Parasite and Fungi","ascension_level":17}