{"gold_per_floor":[117,34,34,1,16,16,46,46,46,46,46,46,75,0,0,98,98,110,10,20,20,39,72,72,72,97,196,196],"floor_reached":28,"playtime":919,"items_purged":["Parasite","Defend_B"],"score":289,"play_id":"5633ae9d-5234-4d1d-81cc-de780adbe2b3","local_time":"20190211183821","is_ascension_mode":true,"campfire_choices":[{"floor":6,"key":"DIG"},{"data":"Zap","floor":8,"key":"SMITH"},{"floor":15,"key":"DIG"},{"floor":25,"key":"REST"}],"neow_cost":"NONE","seed_source_timestamp":5379133318645,"circlet_count":0,"master_deck":["Defend_B","Defend_B","Zap+1","Dualcast","Recycle+1","Coolheaded","Capacitor","Ball Lightning","Lockon","Coolheaded","Glacier","Electrodynamics","Cold Snap","Barrage+1","Cold Snap+1","Bite","Bite","Bite","Bite","Bite"],"relics":["Cracked Core","Shovel","Boot","Pear","Pantograph","PreservedInsect","Calipers","Sozu","Potion Belt"],"potions_floor_usage":[16,23],"damage_taken":[{"damage":7,"enemies":"Jaw Worm","floor":1,"turns":4},{"damage":4,"enemies":"Cultist","floor":5,"turns":3},{"damage":29,"enemies":"3 Sentries","floor":7,"turns":7},{"damage":28,"enemies":"Gremlin Nob","floor":13,"turns":4},{"damage":10,"enemies":"Hexaghost","floor":16,"turns":14},{"damage":17,"enemies":"Chosen","floor":18,"turns":5},{"damage":5,"enemies":"Spheric Guardian","floor":20,"turns":4},{"damage":11,"enemies":"Snake Plant","floor":22,"turns":5},{"damage":36,"enemies":"Book of Stabbing","floor":23,"turns":4},{"damage":35,"enemies":"Slavers","floor":28,"turns":3}],"seed_played":"1780177455913638225","potions_obtained":[{"floor":7,"key":"Weak Potion"},{"floor":16,"key":"LiquidBronze"}],"is_trial":false,"path_per_floor":["M","$","?","$","M","R","E","R","T","?","$","?","E","$","R","B",null,"M","$","M","?","M","E","?","R","T","?","E"],"character_chosen":"DEFECT","items_purchased":["Capacitor","Ball Lightning","Lockon"],"campfire_rested":1,"item_purchase_floors":[2,2,4],"current_hp_per_floor":[68,68,68,68,64,64,45,45,45,66,66,66,38,38,38,53,82,65,65,60,60,49,13,13,30,30,30,0],"gold":196,"neow_bonus":"TRANSFORM_CARD","is_prod":false,"is_daily":false,"chose_seed":false,"campfire_upgraded":1,"win_rate":0,"timestamp":1549906701,"path_taken":["M","$","?","?","M","R","E","R","T","?","$","?","E","$","R","BOSS","M","$","?","?","M","E","?","R","T","?","E"],"build_version":"2019-01-23","purchased_purges":2,"victory":false,"max_hp_per_floor":[75,75,75,75,75,75,85,85,85,85,85,85,85,82,82,82,82,82,82,82,82,82,82,57,57,57,57,57],"card_choices":[{"not_picked":["Rebound","Stack"],"picked":"Coolheaded","floor":1},{"not_picked":["Go for the Eyes","Self Repair","Aggregate"],"picked":"SKIP","floor":5},{"not_picked":["Blizzard","Recycle"],"picked":"Coolheaded","floor":7},{"not_picked":["Rip and Tear","Static Discharge"],"picked":"Glacier","floor":13},{"not_picked":["Core Surge","Multi-Cast"],"picked":"Electrodynamics","floor":16},{"not_picked":["Conserve Battery+1","Streamline+1"],"picked":"Cold Snap","floor":18},{"not_picked":["Cold Snap","Self Repair"],"picked":"Barrage+1","floor":20},{"not_picked":["Gash","Coolheaded","Multi-Cast"],"picked":"SKIP","floor":22},{"not_picked":["Coolheaded+1","Compile Driver"],"picked":"Cold Snap+1","floor":23}],"player_experience":58294,"relics_obtained":[{"floor":3,"key":"Shovel"},{"floor":6,"key":"Boot"},{"floor":7,"key":"Pear"},{"floor":9,"key":"Pantograph"},{"floor":13,"key":"PreservedInsect"},{"floor":15,"key":"Calipers"},{"floor":23,"key":"Potion Belt"}],"event_choices":[{"damage_healed":0,"gold_gain":0,"player_choice":"Relic","damage_taken":0,"max_hp_gain":0,"max_hp_loss":0,"event_name":"Wheel of Change","floor":3,"gold_loss":0},{"damage_healed":21,"gold_gain":0,"player_choice":"Healed and dodged fight","damage_taken":0,"max_hp_gain":0,"max_hp_loss":0,"event_name":"Mushrooms","floor":10,"gold_loss":0,"cards_obtained":["Parasite"]},{"damage_healed":0,"gold_gain":0,"player_choice":"Upgraded","damage_taken":0,"max_hp_gain":0,"max_hp_loss":0,"event_name":"Upgrade Shrine","floor":12,"gold_loss":0,"cards_upgraded":["Recycle"]},{"cards_removed":["Defend_B"],"damage_healed":0,"gold_gain":0,"player_choice":"Elegance","damage_taken":0,"max_hp_gain":0,"max_hp_loss":0,"event_name":"Back to Basics","floor":21,"gold_loss":0},{"damage_healed":0,"gold_gain":0,"player_choice":"Became a vampire","damage_taken":0,"max_hp_gain":0,"max_hp_loss":25,"event_name":"Vampires","floor":24,"gold_loss":0,"cards_obtained":["Bite","Bite","Bite","Bite","Bite"]},{"damage_healed":0,"gold_gain":99,"player_choice":"Stole From Cult","damage_taken":0,"max_hp_gain":0,"max_hp_loss":0,"event_name":"Nest","floor":27,"gold_loss":0}],"is_beta":false,"boss_relics":[{"not_picked":["Lizard Tail","Ectoplasm"],"picked":"Sozu"}],"items_purged_floors":[14,19],"is_endless":false,"potions_floor_spawned":[7,16,22,23],"killed_by":"Slavers","ascension_level":2}