{"path_per_floor":["M","M","$","M","?","R","E","M","T","E","M","M","R","M","R","B",null,"M","M","?","$","M","R","E","R","T","?","M","E","$","M","R"],"character_chosen":"THE_SILENT","items_purchased":["Flying Knee","Snake Skull","Oddly Smooth Stone","Cloak And Dagger"],"gold_per_floor":[110,129,29,49,49,49,82,93,119,145,155,174,174,188,188,293,293,309,324,324,33,46,46,76,76,76,76,92,117,70,84,84,84],"floor_reached":33,"campfire_rested":5,"playtime":2126,"item_purchase_floors":[3,21,21,30],"current_hp_per_floor":[70,70,70,69,69,69,37,37,37,30,8,8,29,23,44,22,70,63,40,40,40,23,44,17,38,38,38,38,12,12,8,29,0],"items_purged":["Strike_G"],"gold":84,"score":339,"play_id":"012bf1d8-65ad-4fee-8f6b-b898e3c83f7e","local_time":"20180611122643","is_prod":false,"is_daily":false,"chose_seed":false,"is_ascension_mode":true,"campfire_upgraded":1,"win_rate":0,"timestamp":1528734403,"campfire_choices":[{"data":"Dash","floor":6,"key":"SMITH"},{"floor":13,"key":"REST"},{"floor":15,"key":"REST"},{"floor":23,"key":"REST"},{"floor":25,"key":"REST"},{"floor":32,"key":"REST"}],"path_taken":["M","?","$","M","?","R","E","M","T","E","?","M","R","M","R","BOSS","M","M","?","$","?","R","E","R","T","?","M","E","$","?","R","BOSS"],"build_version":"2018-06-07v3","seed_source_timestamp":406616508223561,"purchased_purges":1,"victory":false,"master_deck":["Defend_G","Defend_G","Defend_G","Defend_G","Defend_G","Strike_G","Strike_G","Strike_G","Survivor","Neutralize","Dash+1","Distraction","Footwork","Flying Knee","Dagger Spray","Blade Dance","Terror","Flying Knee","Dagger Throw","Dodge and Roll","Dagger Spray","Dodge and Roll","After Image","Blade Dance","PiercingWail","Accuracy","Infinite Blades","Noxious Fumes","Infinite Blades","PiercingWail","RitualDagger","Deadly Poison","Slice+1","Dagger Spray+1","Cloak And Dagger","Cloak And Dagger","Cloak And Dagger"],"max_hp_per_floor":[70,70,70,70,70,70,70,70,70,70,70,70,70,70,70,70,70,70,70,70,70,70,70,70,70,70,70,70,70,70,70,70,70],"relics":["Ring of the Snake","Vajra","Happy Flower","Ancient Tea Set","Orrery","Snake Skull","Oddly Smooth Stone","Mummified Hand","Kunai","Lantern"],"card_choices":[{"not_picked":["Dagger Spray","Underhanded Strike"],"picked":"Dash","floor":0},{"not_picked":["Sucker Punch","Catalyst"],"picked":"Distraction","floor":1},{"not_picked":["Dash","Quick Slash"],"picked":"Footwork","floor":2},{"not_picked":["Dagger Throw","Setup"],"picked":"Dagger Spray","floor":4},{"not_picked":["Reflex","Tactician"],"picked":"Terror","floor":7},{"not_picked":["Calculated Gamble","Outmaneuver"],"picked":"Flying Knee","floor":8},{"not_picked":["Poisoned Stab","Prepared"],"picked":"Dagger Throw","floor":10},{"not_picked":["Heel Hook","Glass Knife"],"picked":"Dodge and Roll","floor":11},{"not_picked":["Heel Hook","Masterful Stab"],"picked":"Dagger Spray","floor":12},{"not_picked":["Acrobatics","Flying Knee"],"picked":"Dodge and Roll","floor":14},{"not_picked":["Die Die Die","A Thousand Cuts"],"picked":"After Image","floor":16},{"not_picked":["Calculated Gamble","Dagger Spray"],"picked":"Blade Dance","floor":17},{"not_picked":["Slice","Dodge and Roll"],"picked":"PiercingWail","floor":17},{"not_picked":["Poisoned Stab","Masterful Stab"],"picked":"Accuracy","floor":17},{"not_picked":["Underhanded Strike","Deadly Poison"],"picked":"Infinite Blades","floor":17},{"not_picked":["Prepared","Outmaneuver"],"picked":"Noxious Fumes","floor":17},{"not_picked":["Dodge and Roll","Doppelganger"],"picked":"Infinite Blades","floor":18},{"not_picked":["Underhanded Strike","Calculated Gamble"],"picked":"PiercingWail+1","floor":19},{"not_picked":["Footwork","Malaise"],"picked":"Deadly Poison","floor":22},{"not_picked":["Backflip","Envenom"],"picked":"Slice+1","floor":24},{"not_picked":["Reflex+1","Acrobatics+1"],"picked":"Dagger Spray+1","floor":28},{"not_picked":["Terror","Blur"],"picked":"Cloak And Dagger","floor":29},{"not_picked":["Underhanded Strike+1","Bane+1"],"picked":"Cloak And Dagger","floor":31}],"player_experience":481271,"potions_floor_usage":[16,16,16,16,22,28,29,29,31,31,33],"damage_taken":[{"damage":0,"enemies":"Cultist","floor":1,"turns":4},{"damage":0,"enemies":"2 Louse","floor":2,"turns":3},{"damage":1,"enemies":"Jaw Worm","floor":4,"turns":5},{"damage":32,"enemies":"Gremlin Nob","floor":7,"turns":6},{"damage":0,"enemies":"Lots of Slimes","floor":8,"turns":2},{"damage":7,"enemies":"Lagavulin","floor":10,"turns":6},{"damage":22,"enemies":"Exordium Thugs","floor":11,"turns":4},{"damage":0,"enemies":"Exordium Wildlife","floor":12,"turns":4},{"damage":6,"enemies":"3 Louse","floor":14,"turns":2},{"damage":22,"enemies":"Hexaghost","floor":16,"turns":10},{"damage":7,"enemies":"Spheric Guardian","floor":18,"turns":4},{"damage":23,"enemies":"Chosen","floor":19,"turns":6},{"damage":17,"enemies":"3 Cultists","floor":22,"turns":6},{"damage":27,"enemies":"Book of Stabbing","floor":24,"turns":6},{"damage":0,"enemies":"Snake Plant","floor":28,"turns":3},{"damage":26,"enemies":"Slavers","floor":29,"turns":5},{"damage":4,"enemies":"Centurion and Healer","floor":31,"turns":6},{"damage":43,"enemies":"Automaton","floor":33,"turns":6}],"relics_obtained":[{"floor":7,"key":"Vajra"},{"floor":9,"key":"Happy Flower"},{"floor":10,"key":"Ancient Tea Set"},{"floor":24,"key":"Mummified Hand"},{"floor":26,"key":"Kunai"},{"floor":29,"key":"Lantern"}],"event_choices":[{"event_name":"Living Wall","player_choice":"Change","floor":5,"damage_taken":0},{"event_name":"Nest","player_choice":"Joined the Cult","floor":20,"damage_taken":0},{"event_name":"Ghosts","player_choice":"Ignored","floor":27,"damage_taken":0}],"boss_relics":[{"not_picked":["Calling Bell","Runic Dome"],"picked":"Orrery"}],"items_purged_floors":[3],"potions_floor_spawned":[4,7,10,11,16,22,28,29,31],"seed_played":"8311434572870733850","killed_by":"Automaton","ascension_level":1,"potions_obtained":[{"floor":4,"key":"GamblersBrew"},{"floor":7,"key":"Ancient Potion"},{"floor":10,"key":"Swift Potion"},{"floor":11,"key":"EntropicBrew"},{"floor":16,"key":"Block Potion"},{"floor":22,"key":"Strength Potion"},{"floor":28,"key":"PowerPotion"},{"floor":29,"key":"Weak Potion"},{"floor":31,"key":"Weak Potion"}],"is_trial":false}