{"gold_per_floor":[118,118,193,214,214,214,27,27,27,40,40,59,74,90,90,213,213,213,213,213,213,213,213,213,213,213,213,213,213,213,213,213,213,213,213,213,213,213,213,213,213,213,213,213,213,213,84,84,84,84],"floor_reached":51,"playtime":3905,"items_purged":["Defend_B"],"score":880,"play_id":"e3c8f999-4623-4d65-9c02-972fbb9aa958","local_time":"20180710041916","is_ascension_mode":true,"campfire_choices":[{"data":"Zap","floor":6.0,"key":"SMITH"},{"data":"Dualcast","floor":8.0,"key":"SMITH"},{"data":"Consume","floor":11.0,"key":"SMITH"},{"floor":15.0,"key":"REST"},{"data":"Coolheaded","floor":28.0,"key":"SMITH"},{"data":"Seek","floor":30.0,"key":"SMITH"},{"floor":32.0,"key":"REST"},{"data":"Zap","floor":40,"key":"SMITH"},{"data":"Capacitor","floor":44,"key":"SMITH"},{"data":"Go for the Eyes","floor":49,"key":"SMITH"}],"neow_cost":"","seed_source_timestamp":274144654514369,"circlet_count":0,"master_deck":["Defend_B","Defend_B","Defend_B+1","Zap+1","Dualcast+1","Beam Cell","Go for the Eyes","Capacitor+1","Consume+1","Go for the Eyes","Leap","Self Repair","Seek+1","Ball Lightning","Self Repair","Go for the Eyes+1","BootSequence+1","Cold Snap","Coolheaded+1","Self Repair+1","Go for the Eyes","Seek","Creative AI+1","Storm+1","Beam Cell+1","Compile Driver+1","Madness+1","Madness","Ball Lightning+1","Zap+1","Reboot","Heatsinks","Auto Shields+1","Cold Snap","Coolheaded"],"special_seed":0,"relics":["Cracked Core","Strawberry","Bloody Idol","Oddly Smooth Stone","Thread and Needle","Ectoplasm","Bird Faced Urn","Orichalcum","Astrolabe","War Paint"],"potions_floor_usage":[50,50,50],"damage_taken":[{"damage":0.0,"enemies":"Cultist","floor":1.0,"turns":4.0},{"damage":1.0,"enemies":"2 Louse","floor":4.0,"turns":2.0},{"damage":0.0,"enemies":"Jaw Worm","floor":10.0,"turns":3.0},{"damage":1.0,"enemies":"Large Slime","floor":12.0,"turns":5.0},{"damage":1.0,"enemies":"Lots of Slimes","floor":13.0,"turns":4.0},{"damage":0.0,"enemies":"2 Fungi Beasts","floor":14.0,"turns":4.0},{"damage":48.0,"enemies":"Hexaghost","floor":16.0,"turns":10.0},{"damage":7.0,"enemies":"Chosen","floor":18.0,"turns":5.0},{"damage":14.0,"enemies":"Shell Parasite","floor":21.0,"turns":5.0},{"damage":18.0,"enemies":"Centurion and Healer","floor":22.0,"turns":7.0},{"damage":11.0,"enemies":"Snake Plant","floor":23.0,"turns":4.0},{"damage":38.0,"enemies":"Book of Stabbing","floor":24.0,"turns":7.0},{"damage":16.0,"enemies":"Sentry and Sphere","floor":25.0,"turns":6.0},{"damage":5.0,"enemies":"Snecko","floor":29.0,"turns":8.0},{"damage":35.0,"enemies":"Slaver and Parasite","floor":31.0,"turns":8.0},{"damage":69.0,"enemies":"Champ","floor":33.0,"turns":16.0},{"damage":38.0,"enemies":"3 Darklings","floor":35.0,"turns":5.0},{"damage":2.0,"enemies":"Orb Walker","floor":37.0,"turns":4.0},{"damage":23,"enemies":"4 Shapes","floor":39,"turns":5},{"damage":11,"enemies":"Maw","floor":41,"turns":7},{"damage":8,"enemies":"Sphere and 2 Shapes","floor":42,"turns":4},{"damage":25,"enemies":"3 Darklings","floor":45,"turns":6},{"damage":11,"enemies":"Spire Growth","floor":46,"turns":4},{"damage":70,"enemies":"Time Eater","floor":50,"turns":9}],"seed_played":"-8411922132696332683","potions_obtained":[{"floor":10.0,"key":"LiquidBronze"},{"floor":13.0,"key":"EssenceOfSteel"},{"floor":18.0,"key":"Dexterity Potion"},{"floor":21.0,"key":"GamblersBrew"},{"floor":31.0,"key":"Regen Potion"},{"floor":35.0,"key":"GamblersBrew"},{"floor":39,"key":"GamblersBrew"},{"floor":42,"key":"Explosive Potion"}],"is_trial":false,"path_per_floor":["M","?","?","M","?","R","$","R","T","M","R","M","M","M","R","B",null,"M","?","?","M","M","M","E","M","T","?","R","M","R","M","R","B",null,"M","?","M","?","M","R","M","M","T","R","M","M","$","?","R","B"],"character_chosen":"DEFECT","items_purchased":["Oddly Smooth Stone","Capacitor","Coolheaded"],"campfire_rested":2,"item_purchase_floors":[],"current_hp_per_floor":[75,55,44,43,43,43,43,43,43,43,43,42,41,41,65,24,68,68,68,68,61,57,60,36,40,40,40,40,55,55,52,76,49,74,78,68,82,82,82,82,82,82,82,82,82,82,82,82,82,48],"gold":84,"neow_bonus":"","is_prod":false,"is_daily":false,"chose_seed":false,"campfire_upgraded":8,"win_rate":0,"timestamp":1531189156,"path_taken":["M","?","?","M","?","R","?","R","T","M","R","?","M","M","R","BOSS","M","?","?","M","M","?","E","M","T","?","R","M","R","M","R","BOSS","M","?","M","?","M","R","M","M","T","R","M","M","$","?","R","BOSS"],"build_version":"2018-07-05","purchased_purges":1,"victory":true,"max_hp_per_floor":[82,82,82,82,82,82,82,82,82,82,82,82,82,82,82,82,82,82,82,82,82,82,82,82,82,82,82,82,82,82,82,82,82,82,82,82,82,82,82,82,82,82,82,82,82,82,82,82,82,82],"card_choices":[{"not_picked":["Barrage","Steam"],"picked":"Beam Cell","floor":1.0},{"not_picked":["Tempest","Leap"],"picked":"Go for the Eyes","floor":4.0},{"not_picked":["Compile Driver","Storm"],"picked":"Consume","floor":10.0},{"not_picked":["Skim","Recycle"],"picked":"Go for the Eyes","floor":12.0},{"not_picked":["Force Field","Sweeping Beam"],"picked":"Leap","floor":13.0},{"not_picked":["Stack","Rip and Tear"],"picked":"Self Repair","floor":14.0},{"not_picked":["Machine Learning","Biased Cognition"],"picked":"Seek","floor":16.0},{"not_picked":["Sweeping Beam","Turbo"],"picked":"Ball Lightning","floor":18.0},{"not_picked":["Barrage","Redo"],"picked":"Self Repair","floor":21.0},{"not_picked":["Redo","Hello World"],"picked":"Go for the Eyes","floor":22.0},{"not_picked":["Barrage+1","Reprogram"],"picked":"BootSequence+1","floor":23.0},{"not_picked":["Go for the Eyes","Hyperbeam"],"picked":"Cold Snap","floor":24.0},{"not_picked":["Sweeping Beam","Barrage"],"picked":"Coolheaded","floor":25.0},{"not_picked":["Cold Snap","Heatsinks+1"],"picked":"Self Repair+1","floor":29.0},{"not_picked":["Fusion","Heatsinks"],"picked":"Go for the Eyes","floor":31.0},{"not_picked":["Reboot","Amplify"],"picked":"Seek","floor":33.0},{"not_picked":["Conserve Battery","Steam+1"],"picked":"Compile Driver+1","floor":35.0},{"not_picked":["Hologram","Redo+1"],"picked":"Ball Lightning+1","floor":37.0},{"not_picked":["Streamline+1","Sweeping Beam+1","Chaos+1"],"picked":"SKIP","floor":39},{"not_picked":["Redo+1","Cold Snap+1"],"picked":"Reboot","floor":41},{"not_picked":["Coolheaded","Streamline"],"picked":"Heatsinks","floor":42},{"not_picked":["Chaos+1","Double Energy"],"picked":"Auto Shields+1","floor":45},{"not_picked":["Steam","Conserve Battery"],"picked":"Cold Snap","floor":46}],"player_experience":296979,"relics_obtained":[{"floor":9.0,"key":"Thread and Needle"},{"floor":24.0,"key":"Bird Faced Urn"},{"floor":26.0,"key":"Orichalcum"},{"floor":43,"key":"War Paint"}],"event_choices":[{"event_name":"Golden Idol","player_choice":"Take Damage","floor":2.0,"damage_taken":0.0},{"event_name":"World of Goop","player_choice":"Gather Gold","floor":3.0,"damage_taken":0.0},{"event_name":"Bonfire Elementals","player_choice":"BASIC","floor":5.0,"damage_taken":0.0},{"event_name":"Ghosts","player_choice":"Ignored","floor":19.0,"damage_taken":0.0},{"event_name":"Forgotten Altar","player_choice":"Gave Idol","floor":20.0,"damage_taken":0.0},{"event_name":"Drug Dealer","player_choice":"Ignored","floor":27.0,"damage_taken":0.0},{"event_name":"Winding Halls","player_choice":"Embrace Madness","floor":36.0,"damage_taken":0.0},{"event_name":"Match and Keep!","player_choice":"1 cards matched","floor":38,"damage_taken":0},{"event_name":"Golden Shrine","player_choice":"Pray","floor":48,"damage_taken":0}],"boss_relics":[{"not_picked":["Philosopher\u0027s Stone","Cursed Key"],"picked":"Ectoplasm"},{"not_picked":["White Beast Statue","Empty Cage"],"picked":"Astrolabe"}],"items_purged_floors":[47],"is_endless":false,"potions_floor_spawned":[10,13,18,21,31,35,39,42],"ascension_level":7}