{"gold_per_floor":[116,8,8,8,8,8,28,47,73,73,85,99,99,174,174,269,269,269,269,269,269,269,269,269,269,269,269,56,56,56,56,56,56],"floor_reached":33,"playtime":698,"items_purged":["Decay"],"score":304,"play_id":"a7ecdc74-878c-4a38-8205-f1d903a4cf5e","local_time":"20180724005921","is_ascension_mode":false,"campfire_choices":[{"data":"Blade Dance","floor":6,"key":"SMITH"},{"data":"Dagger Spray","floor":10,"key":"SMITH"},{"data":"Infinite Blades","floor":13,"key":"SMITH"},{"floor":15,"key":"REST"},{"floor":23,"key":"REST"},{"data":"Phantasmal Killer","floor":25,"key":"SMITH"},{"floor":32,"key":"REST"}],"neow_cost":"NONE","seed_source_timestamp":371916906537648,"circlet_count":0,"master_deck":["Defend_G","Defend_G+1","Defend_G","Defend_G+1","Defend_G","Strike_G","Strike_G","Strike_G","Strike_G+1","Survivor","Neutralize","Blade Dance+1","Accuracy+1","Crippling Poison","Poisoned Stab+1","Dagger Spray+1","Infinite Blades+1","Poisoned Stab","Phantasmal Killer+1","Outmaneuver","Masterful Stab+1","Acrobatics","Skewer+1","All Out Attack","Accuracy","Escape Plan"],"relics":["Cursed Key","Whetstone","Ectoplasm","Spirit Poop","Juzu Bracelet","War Paint","Centennial Puzzle"],"potions_floor_usage":[12,27,29,33,33],"damage_taken":[{"damage":17,"enemies":"Jaw Worm","floor":1,"turns":4},{"damage":0,"enemies":"Cultist","floor":7,"turns":3},{"damage":5,"enemies":"2 Louse","floor":8,"turns":2},{"damage":2,"enemies":"Looter","floor":11,"turns":3},{"damage":8,"enemies":"Large Slime","floor":12,"turns":4},{"damage":0,"enemies":"Slime Boss","floor":16,"turns":6},{"damage":0,"enemies":"Spheric Guardian","floor":18,"turns":2},{"damage":15,"enemies":"Shell Parasite","floor":19,"turns":3},{"damage":25,"enemies":"Cultist and Chosen","floor":22,"turns":5},{"damage":11,"enemies":"Chosen and Byrds","floor":24,"turns":4},{"damage":9,"enemies":"Gremlin Leader","floor":27,"turns":4},{"damage":7,"enemies":"Snake Plant","floor":29,"turns":3},{"damage":51,"enemies":"Collector","floor":33,"turns":7}],"seed_played":"-8856032286921022620","potions_obtained":[{"floor":1,"key":"GhostInAJar"},{"floor":7,"key":"Energy Potion"},{"floor":8,"key":"Strength Potion"},{"floor":24,"key":"PowerPotion"},{"floor":27,"key":"Block Potion"}],"is_trial":false,"path_per_floor":["M","$","?","?","$","R","M","M","T","R","M","M","R","?","R","B",null,"M","M","?","?","M","R","M","R","T","E","$","M","T","?","R"],"character_chosen":"THE_SILENT","items_purchased":["Accuracy","Crippling Poison","Accuracy","Escape Plan"],"campfire_rested":3,"item_purchase_floors":[2,2,28,28],"current_hp_per_floor":[53,53,53,46,46,46,46,41,41,41,39,31,31,20,41,41,70,70,55,55,55,30,51,40,40,40,31,31,24,24,24,45,0],"gold":56,"neow_bonus":"BOSS_RELIC","is_prod":false,"is_daily":false,"chose_seed":false,"campfire_upgraded":4,"win_rate":0,"timestamp":1532359761,"path_taken":["M","$","?","?","$","R","M","?","T","R","M","M","R","?","R","BOSS","M","M","?","?","M","R","M","R","T","E","$","M","?","?","R","BOSS"],"build_version":"2018-07-19v2","purchased_purges":1,"victory":false,"max_hp_per_floor":[70,70,70,70,70,70,70,70,70,70,70,70,70,70,70,70,70,70,70,70,70,70,70,70,70,70,70,70,70,70,70,70,70],"card_choices":[{"not_picked":["Sucker Punch","Outmaneuver"],"picked":"Blade Dance","floor":1},{"not_picked":["Caltrops","Deadly Poison"],"picked":"Poisoned Stab","floor":7},{"not_picked":["All Out Attack","Backflip"],"picked":"Dagger Spray","floor":8},{"not_picked":["Underhanded Strike","Sucker Punch"],"picked":"Infinite Blades","floor":11},{"not_picked":["Skewer","Prepared"],"picked":"Poisoned Stab","floor":12},{"not_picked":["Wraith Form v2","Die Die Die"],"picked":"Phantasmal Killer","floor":16},{"not_picked":["Bane","Backflip"],"picked":"Outmaneuver","floor":18},{"not_picked":["Acrobatics","Dagger Throw"],"picked":"Masterful Stab+1","floor":19},{"not_picked":["Sucker Punch","Dash+1"],"picked":"Acrobatics","floor":22},{"not_picked":["Dash","Acrobatics"],"picked":"Skewer+1","floor":24},{"not_picked":["Poisoned Stab","Backflip"],"picked":"All Out Attack","floor":27},{"not_picked":["Distraction","Deadly Poison","Eviscerate"],"picked":"SKIP","floor":29}],"player_experience":247732,"relics_obtained":[{"floor":9,"key":"Whetstone"},{"floor":26,"key":"Juzu Bracelet"},{"floor":27,"key":"War Paint"},{"floor":30,"key":"Centennial Puzzle"}],"event_choices":[{"event_name":"Upgrade Shrine","player_choice":"Upgraded","floor":3,"damage_taken":0},{"event_name":"Golden Wing","player_choice":"Card Removal","floor":4,"damage_taken":0},{"event_name":"World of Goop","player_choice":"Gather Gold","floor":14,"damage_taken":0},{"event_name":"Vampires","player_choice":"Ignored","floor":20,"damage_taken":0},{"event_name":"Bonfire Elementals","player_choice":"CURSE","floor":21,"damage_taken":0},{"event_name":"Back to Basics","player_choice":"Elegance","floor":31,"damage_taken":0}],"is_beta":false,"boss_relics":[{"not_picked":["Empty Cage","Coffee Dripper"],"picked":"Ectoplasm"}],"items_purged_floors":[28],"is_endless":false,"potions_floor_spawned":[1,7,8,24,27],"killed_by":"Collector","ascension_level":0}