{"gold_per_floor":[109,184,203,222,222,222,254,266,266,278,290,302,326,351,363,476,488,512,538,550],"floor_reached":20,"playtime":962,"items_purged":[],"score":211,"play_id":"ca0de97d-8608-4925-9e5a-a8daa8ce2ef4","local_time":"20190213083521","is_ascension_mode":true,"campfire_choices":[{"data":"Bash","floor":6,"key":"SMITH"},{"floor":12,"key":"REST"},{"data":"Rampage","floor":15,"key":"SMITH"}],"neow_cost":"NONE","seed_source_timestamp":53390132869431,"circlet_count":0,"master_deck":["Strike_R","Strike_R+1","Strike_R+1","Strike_R","Defend_R","Defend_R","Defend_R","Defend_R","Bash+1","Whirlwind+1","Impervious","Armaments","Rampage+1","Flame Barrier","Metallicize","Offering","Shrug It Off"],"relics":["Black Blood","Dream Catcher","MawBank"],"potions_floor_usage":[4,7,7,8,16],"damage_taken":[{"damage":7,"enemies":"Jaw Worm","floor":1,"turns":3},{"damage":3,"enemies":"2 Louse","floor":3,"turns":4},{"damage":0,"enemies":"Small Slimes","floor":4,"turns":1},{"damage":31,"enemies":"Gremlin Nob","floor":7,"turns":5},{"damage":6,"enemies":"Exordium Thugs","floor":8,"turns":2},{"damage":10,"enemies":"Gremlin Gang","floor":13,"turns":2},{"damage":9,"enemies":"Blue Slaver","floor":14,"turns":3},{"damage":29,"enemies":"The Guardian","floor":16,"turns":13},{"damage":28,"enemies":"2 Thieves","floor":18,"turns":3},{"damage":32,"enemies":"Spheric Guardian","floor":19,"turns":6},{"damage":65,"enemies":"Masked Bandits","floor":20,"turns":3}],"seed_played":"9180376753784252746","potions_obtained":[{"floor":0,"key":"EntropicBrew"},{"floor":0,"key":"Fire Potion"},{"floor":0,"key":"EssenceOfSteel"},{"floor":7,"key":"Fire Potion"}],"is_trial":false,"path_per_floor":["M","?","M","M","?","R","E","M","T","?","?","R","M","M","R","B",null,"M","M","?"],"character_chosen":"IRONCLAD","items_purchased":[],"campfire_rested":1,"item_purchase_floors":[],"current_hp_per_floor":[79,68,71,77,77,77,52,52,52,45,29,53,49,46,46,23,80,62,40,0],"gold":550,"neow_bonus":"THREE_SMALL_POTIONS","is_prod":false,"is_daily":false,"chose_seed":false,"campfire_upgraded":2,"win_rate":0,"timestamp":1550068521,"path_taken":["M","?","M","M","?","R","E","M","T","?","?","R","?","M","R","BOSS","M","M","?"],"build_version":"2019-02-06","purchased_purges":0,"victory":false,"max_hp_per_floor":[80,80,80,80,80,80,80,80,80,80,80,80,80,80,80,80,80,80,80,80],"card_choices":[{"not_picked":["Pummel","Thunderclap","Wild Strike"],"picked":"SKIP","floor":1},{"not_picked":["Flex","Seeing Red"],"picked":"Whirlwind","floor":3},{"not_picked":["Twin Strike","Flex","Pummel"],"picked":"SKIP","floor":4},{"not_picked":["Flex","Pommel Strike"],"picked":"Impervious","floor":7},{"not_picked":["Spot Weakness","Cleave"],"picked":"Armaments","floor":8},{"not_picked":["Pummel","Carnage"],"picked":"Rampage","floor":12},{"not_picked":["Bloodletting","Pommel Strike"],"picked":"Flame Barrier","floor":13},{"not_picked":["Thunderclap","Blood for Blood"],"picked":"Metallicize","floor":14},{"not_picked":["Impervious","Bludgeon"],"picked":"Offering","floor":16},{"not_picked":["Clothesline","Body Slam","Clash"],"picked":"SKIP","floor":18},{"not_picked":["Sever Soul","Clash"],"picked":"Shrug It Off","floor":19}],"player_experience":131211,"relics_obtained":[{"floor":7,"key":"Dream Catcher"},{"floor":9,"key":"MawBank"}],"event_choices":[{"damage_healed":0,"gold_gain":75,"player_choice":"Gather Gold","damage_taken":11,"max_hp_gain":0,"max_hp_loss":0,"event_name":"World of Goop","floor":2,"gold_loss":0},{"damage_healed":0,"gold_gain":0,"player_choice":"Grow","damage_taken":0,"max_hp_gain":0,"max_hp_loss":0,"event_name":"Living Wall","floor":5,"gold_loss":0,"cards_upgraded":["Whirlwind"]},{"cards_removed":["Strike_R"],"damage_healed":0,"gold_gain":0,"player_choice":"Card Removal","damage_taken":7,"max_hp_gain":0,"max_hp_loss":0,"event_name":"Golden Wing","floor":10,"gold_loss":0},{"damage_healed":0,"gold_gain":0,"player_choice":"Entered Light","damage_taken":16,"max_hp_gain":0,"max_hp_loss":0,"event_name":"Shining Light","floor":11,"gold_loss":0,"cards_upgraded":["Strike_R","Strike_R"]},{"damage_healed":0,"gold_gain":0,"player_choice":"Fought Bandits","damage_taken":0,"max_hp_gain":0,"max_hp_loss":0,"event_name":"Masked Bandits","floor":20,"gold_loss":0}],"is_beta":true,"boss_relics":[{"not_picked":["Lizard Tail","Runic Dome"],"picked":"Black Blood"}],"items_purged_floors":[],"is_endless":false,"potions_floor_spawned":[3,7],"killed_by":"Masked Bandits","ascension_level":4}