{"gold_per_floor":[117,128,128,140,121,121,71,102,126,143,243,256,256,9,9,9],"floor_reached":16,"playtime":1006,"items_purged":[],"score":117,"play_id":"17c7e69f-9ce1-4ebf-a57b-63bea3480892","local_time":"20190209194159","is_ascension_mode":true,"campfire_choices":[{"data":"Armaments","floor":6,"key":"SMITH"},{"floor":13,"key":"REST"},{"floor":15,"key":"RECALL"}],"neow_cost":"NONE","seed_source_timestamp":2746323612588698,"circlet_count":0,"master_deck":["Strike_R","Strike_R","Strike_R","Strike_R","Defend_R","Defend_R","Defend_R","Bash","Flex","Armaments+1","Disarm","Shrug It Off"],"relics":["Burning Blood","Potion Belt","Anchor","Gremlin Horn"],"potions_floor_usage":[5,8,8,16],"damage_taken":[{"damage":1,"enemies":"Cultist","floor":1,"turns":4},{"damage":19,"enemies":"Jaw Worm","floor":2,"turns":5},{"damage":8,"enemies":"2 Louse","floor":4,"turns":2},{"damage":5,"enemies":"Exordium Thugs","floor":5,"turns":4},{"damage":20,"enemies":"Gremlin Nob","floor":8,"turns":4},{"damage":3,"enemies":"Blue Slaver","floor":10,"turns":3},{"damage":5,"enemies":"2 Fungi Beasts","floor":12,"turns":4},{"damage":82,"enemies":"Slime Boss","floor":16,"turns":17}],"seed_played":"4305490412669973376","potions_obtained":[{"floor":1,"key":"LiquidBronze"},{"floor":2,"key":"SteroidPotion"},{"floor":4,"key":"Block Potion"},{"floor":10,"key":"FearPotion"}],"is_trial":false,"path_per_floor":["M","M","$","M","M","R","?","E","T","M","?","M","R","$","R","B"],"character_chosen":"IRONCLAD","items_purchased":["Gremlin Horn"],"campfire_rested":1,"item_purchase_floors":[14],"current_hp_per_floor":[80,67,67,65,66,66,66,52,52,55,55,56,80,80,80,0],"gold":9,"neow_bonus":"TRANSFORM_CARD","is_prod":false,"is_daily":false,"chose_seed":false,"campfire_upgraded":1,"win_rate":0,"timestamp":1549762919,"path_taken":["M","M","?","M","M","R","?","E","T","M","?","M","R","$","R","BOSS"],"build_version":"2019-02-06","purchased_purges":0,"victory":false,"max_hp_per_floor":[80,80,80,80,80,80,80,80,80,80,80,80,80,80,80,80],"card_choices":[{"not_picked":["Fire Breathing","Cleave","Headbutt"],"picked":"SKIP","floor":1},{"not_picked":["Rage","Anger","Infernal Blade"],"picked":"SKIP","floor":2},{"not_picked":["Heavy Blade","Feel No Pain"],"picked":"Armaments","floor":4},{"not_picked":["Havoc","Sword Boomerang","Anger"],"picked":"SKIP","floor":5},{"not_picked":["Havoc","Sword Boomerang","Anger"],"picked":"SKIP","floor":5},{"not_picked":["Exhume","Havoc","Evolve"],"picked":"SKIP","floor":8},{"not_picked":["Havoc","Cleave"],"picked":"Disarm","floor":10},{"not_picked":["Sentinel","Hemokinesis"],"picked":"Shrug It Off","floor":12}],"player_experience":89908,"relics_obtained":[{"floor":8,"key":"Potion Belt"},{"floor":9,"key":"Anchor"}],"event_choices":[{"cards_removed":["Defend_R"],"damage_healed":0,"gold_gain":0,"player_choice":"Card Removal","damage_taken":0,"max_hp_gain":0,"max_hp_loss":0,"event_name":"The Cleric","floor":7,"gold_loss":50},{"damage_healed":0,"gold_gain":100,"player_choice":"Gold","damage_taken":0,"max_hp_gain":0,"max_hp_loss":0,"event_name":"Wheel of Change","floor":11,"gold_loss":0}],"is_beta":true,"boss_relics":[],"items_purged_floors":[],"is_endless":false,"potions_floor_spawned":[1,2,4,10],"killed_by":"Slime Boss","ascension_level":3}