{"gold_per_floor":[109,129,129,146,163,163,188,188,188,200,200,45,63,76,76,180,180,196,209,221,37,49,49,74,89,136,151,151,184,184,200,200,300,300,314,334,381,1,1,27,43,71,147,173,26,39,39,39,39,39],"floor_reached":51,"playtime":11380,"items_purged":["Defend_G"],"score":1134,"play_id":"80789aef-7a19-4572-a89d-fc68a337a7b4","local_time":"20180711154530","is_ascension_mode":true,"campfire_choices":[{"data":"Blade Dance","floor":6,"key":"SMITH"},{"data":"Night Terror","floor":8,"key":"SMITH"},{"data":"Backflip","floor":15,"key":"SMITH"},{"data":"Cloak And Dagger","floor":23,"key":"SMITH"},{"data":"Caltrops","floor":30,"key":"SMITH"},{"data":"Corpse Explosion","floor":32,"key":"SMITH"},{"data":"Corpse Explosion","floor":47,"key":"SMITH"},{"data":"Prepared","floor":49,"key":"SMITH"}],"neow_cost":"NONE","seed_source_timestamp":92227314341403,"circlet_count":0,"master_deck":["Defend_G+1","Defend_G","Defend_G+1","Defend_G","Strike_G+1","Strike_G","Survivor","Neutralize","Dagger Throw+1","Accuracy+1","Caltrops+1","Blade Dance+1","Dagger Throw","Dagger Throw+1","Night Terror+1","Backflip+1","Escape Plan","Escape Plan","Corpse Explosion+1","Calculated Gamble+1","Acrobatics","Underhanded Strike","Prepared","Cloak And Dagger+1","Caltrops+1","Acrobatics+1","Prepared+1","PiercingWail+1","Deflect","Dodge and Roll","Slice","Corpse Explosion+1","Outmaneuver+1","Finisher+1","Crippling Poison+1","Corpse Explosion+1","Apotheosis","Quick Slash+1","Reflex+1","Quick Slash+1","Predator+1","Malaise+1","Expertise+1","Writhe"],"relics":["Astrolabe","Pantograph","Smiling Mask","Ancient Tea Set","War Paint","Coffee Dripper","Meat on the Bone","Juzu Bracelet","Whetstone","Snecko Eye","Ice Cream","DollysMirror","Unceasing Top","Oddly Smooth Stone","Blood Vial","Question Card","Anchor","Happy Flower"],"potions_floor_usage":[7,16,16,16,24,33,33,33,40,40,42],"damage_taken":[{"damage":0,"enemies":"Jaw Worm","floor":1,"turns":4},{"damage":1,"enemies":"Cultist","floor":2,"turns":4},{"damage":9,"enemies":"Small Slimes","floor":4,"turns":3},{"damage":7,"enemies":"Looter","floor":5,"turns":3},{"damage":15,"enemies":"3 Sentries","floor":7,"turns":7},{"damage":0,"enemies":"2 Fungi Beasts","floor":10,"turns":2},{"damage":0,"enemies":"Red Slaver","floor":13,"turns":3},{"damage":0,"enemies":"Gremlin Gang","floor":14,"turns":6},{"damage":0,"enemies":"Slime Boss","floor":16,"turns":10},{"damage":5,"enemies":"3 Byrds","floor":18,"turns":3},{"damage":12,"enemies":"2 Thieves","floor":19,"turns":3},{"damage":2,"enemies":"Chosen and Byrds","floor":20,"turns":5},{"damage":9,"enemies":"Centurion and Healer","floor":22,"turns":4},{"damage":5,"enemies":"Book of Stabbing","floor":24,"turns":5},{"damage":22,"enemies":"Slaver and Parasite","floor":25,"turns":4},{"damage":0,"enemies":"Cultist and Chosen","floor":27,"turns":3},{"damage":6,"enemies":"Gremlin Leader","floor":29,"turns":7},{"damage":0,"enemies":"Snecko","floor":31,"turns":5},{"damage":8,"enemies":"Automaton","floor":33,"turns":10},{"damage":15,"enemies":"3 Darklings","floor":35,"turns":6},{"damage":0,"enemies":"3 Shapes","floor":36,"turns":3},{"damage":9,"floor":37,"turns":2},{"damage":0,"floor":39,"turns":6},{"damage":40,"enemies":"Giant Head","floor":40,"turns":8},{"damage":11,"enemies":"Maw","floor":41,"turns":4},{"damage":12,"enemies":"2 Orb Walkers","floor":42,"turns":3},{"damage":27,"enemies":"Giant Head","floor":44,"turns":8},{"damage":11,"enemies":"4 Shapes","floor":46,"turns":4},{"damage":24,"enemies":"Donu and Deca","floor":50,"turns":7}],"seed_played":"794531126113411446","potions_obtained":[{"floor":2,"key":"PowerPotion"},{"floor":4,"key":"Weak Potion"},{"floor":10,"key":"SteroidPotion"},{"floor":13,"key":"Ancient Potion"},{"floor":19,"key":"GhostInAJar"},{"floor":20,"key":"Fire Potion"},{"floor":24,"key":"Dexterity Potion"},{"floor":31,"key":"Explosive Potion"},{"floor":35,"key":"GamblersBrew"},{"floor":37,"key":"SkillPotion"},{"floor":41,"key":"GamblersBrew"}],"is_trial":false,"path_per_floor":["M","M","?","M","M","R","E","R","T","M","?","$","M","M","R","B",null,"M","M","M","$","M","R","E","M","T","M","?","E","R","M","R","B",null,"M","M","?","$","?","E","M","E","T","E","$","M","R","?","R","B"],"character_chosen":"THE_SILENT","items_purchased":["War Paint","Prepared","Cloak And Dagger","Caltrops","DollysMirror","Apotheosis","Happy Flower"],"campfire_rested":0,"item_purchase_floors":[12,21,21,21,38,38,45],"current_hp_per_floor":[70,69,70,61,54,54,39,39,39,39,14,14,14,14,14,39,70,65,53,51,51,42,42,37,27,27,39,26,32,32,44,44,61,75,60,60,51,51,75,47,48,48,48,35,35,38,38,57,57,51],"gold":39,"neow_bonus":"BOSS_RELIC","is_prod":false,"is_daily":false,"chose_seed":false,"campfire_upgraded":8,"win_rate":0,"timestamp":1531289730,"path_taken":["M","M","?","M","M","R","E","R","T","M","?","$","M","M","R","BOSS","M","?","M","$","M","R","E","M","T","M","?","E","R","M","R","BOSS","M","M","?","$","?","E","M","E","T","E","?","M","R","?","R","BOSS"],"build_version":"2018-07-05","purchased_purges":1,"victory":true,"max_hp_per_floor":[70,70,70,70,70,70,70,70,70,70,70,70,70,70,70,70,70,70,70,70,70,70,70,70,70,70,70,75,75,75,75,75,75,75,75,75,75,75,75,75,75,75,75,75,75,75,75,75,75,75],"card_choices":[{"not_picked":["Cloak And Dagger","Predator"],"picked":"Blade Dance","floor":1},{"not_picked":["Reflex","All Out Attack"],"picked":"Well Laid Plans","floor":2},{"not_picked":["Reflex","Outmaneuver"],"picked":"Dagger Throw","floor":4},{"not_picked":["Malaise","Deadly Poison"],"picked":"Dagger Throw","floor":5},{"not_picked":["Calculated Gamble","Prepared"],"picked":"Night Terror","floor":7},{"not_picked":["Flying Knee","Dagger Spray"],"picked":"Backflip","floor":10},{"not_picked":["Flying Knee","Sucker Punch"],"picked":"Escape Plan","floor":13},{"not_picked":["Deadly Poison","Poisoned Stab"],"picked":"Escape Plan","floor":14},{"not_picked":["Venomology","Night Terror"],"picked":"Corpse Explosion","floor":16},{"not_picked":["Skewer","Sucker Punch"],"picked":"Calculated Gamble+1","floor":18},{"not_picked":["Dash","Deflect"],"picked":"Acrobatics","floor":19},{"not_picked":["Leg Sweep","Eviscerate"],"picked":"Underhanded Strike","floor":20},{"not_picked":["Slice+1","Dagger Spray"],"picked":"Acrobatics+1","floor":22},{"not_picked":["Outmaneuver","Dodge and Roll"],"picked":"Prepared","floor":24},{"not_picked":["Cloak And Dagger","Underhanded Strike"],"picked":"PiercingWail+1","floor":25},{"not_picked":["Finisher","Bane"],"picked":"Deflect","floor":27},{"not_picked":["Wraith Form v2","Heel Hook"],"picked":"Dodge and Roll","floor":29},{"not_picked":["All Out Attack","Sucker Punch"],"picked":"Slice","floor":31},{"not_picked":["Doppelganger","Wraith Form v2"],"picked":"Corpse Explosion","floor":33},{"not_picked":["Malaise+1","Poisoned Stab+1"],"picked":"Outmaneuver+1","floor":35},{"not_picked":["Dagger Spray+1","Cloak And Dagger"],"picked":"Finisher+1","floor":36},{"not_picked":["Caltrops","Prepared"],"picked":"Crippling Poison+1","floor":37},{"not_picked":["Poisoned Stab","Backflip"],"picked":"Quick Slash+1","floor":39},{"not_picked":["Underhanded Strike+1","Dagger Spray+1"],"picked":"Reflex+1","floor":40},{"not_picked":["Leg Sweep","Die Die Die"],"picked":"Quick Slash+1","floor":41},{"not_picked":["Deadly Poison+1","Caltrops"],"picked":"Predator+1","floor":42},{"not_picked":["All Out Attack","Bane+1","Poisoned Stab"],"picked":"Malaise+1","floor":44},{"not_picked":["Dodge and Roll","Sucker Punch","Acrobatics+1"],"picked":"Expertise+1","floor":46}],"player_experience":84524,"relics_obtained":[{"floor":7,"key":"Pantograph"},{"floor":9,"key":"Smiling Mask"},{"floor":24,"key":"Meat on the Bone"},{"floor":26,"key":"Juzu Bracelet"},{"floor":29,"key":"Whetstone"},{"floor":37,"key":"Ice Cream"},{"floor":39,"key":"Unceasing Top"},{"floor":40,"key":"Oddly Smooth Stone"},{"floor":42,"key":"Blood Vial"},{"floor":43,"key":"Question Card"},{"floor":44,"key":"Anchor"}],"event_choices":[{"event_name":"Bonfire Elementals","player_choice":"UNCOMMON","floor":3,"damage_taken":0},{"event_name":"Scrap Ooze","player_choice":"success","floor":11,"damage_taken":25},{"event_name":"Forgotten Altar","player_choice":"Shed Blood","floor":28,"damage_taken":0},{"event_name":"Mysterious Sphere","player_choice":"Fight","floor":37,"damage_taken":0},{"event_name":"MindBloom","player_choice":"Fight","floor":39,"damage_taken":0},{"event_name":"Winding Halls","player_choice":"Writhe","floor":48,"damage_taken":0}],"boss_relics":[{"not_picked":["Lizard Tail","White Beast Statue"],"picked":"Coffee Dripper"},{"not_picked":["Runic Pyramid","Tiny House"],"picked":"Snecko Eye"}],"items_purged_floors":[21],"is_endless":false,"potions_floor_spawned":[2,4,10,13,19,20,24,31,35,37,41],"ascension_level":1}