{"gold_per_floor":[110,120,120,195,25,25,56,71,71,71,71,85,95,18,18,120,120,137,137,37,37,57,57,92,110,184,211,211,236,236,253,253,355,355,365,3,78,78,98,98,72,72,98,124,143,143,143,154,154,154],"floor_reached":51,"playtime":1803,"items_purged":["Defend_G","Writhe","Strike_G"],"score":893,"play_id":"422850e2-4897-4cc4-be5c-6bc8e8c4ed9e","local_time":"20181030014842","is_ascension_mode":true,"campfire_choices":[{"data":"Dramatic Entrance","floor":6,"key":"SMITH"},{"data":"After Image","floor":10,"key":"SMITH"},{"data":"Blade Dance","floor":15,"key":"SMITH"},{"data":"Burst","floor":23,"key":"SMITH"},{"data":"Cloak And Dagger","floor":28,"key":"SMITH"},{"data":"Finisher","floor":30,"key":"SMITH"},{"floor":32,"key":"REST"},{"data":"Finisher","floor":40,"key":"SMITH"},{"data":"Blade Dance","floor":42,"key":"SMITH"},{"data":"Panache","floor":46,"key":"SMITH"},{"data":"Cloak And Dagger","floor":49,"key":"SMITH"}],"neow_cost":"NONE","seed_source_timestamp":251392341819122,"circlet_count":0,"master_deck":["Defend_G","Defend_G","Strike_G","Strike_G","Survivor","Neutralize","Cloak And Dagger+1","Dramatic Entrance+1","Blade Dance+1","After Image+1","Finisher+1","Backstab","Burst+1","Wraith Form v2+1","Corpse Explosion+1","Blade Dance+1","Finisher+1","Cloak And Dagger+1","Blade Dance+1","Cloak And Dagger","Blur+1","Infinite Blades","Panache+1","Cloak And Dagger+1","Blade Dance+1"],"relics":["Sozu","Mummified Hand","Singing Bowl","Astrolabe","Turnip","Kunai","Letter Opener","Centennial Puzzle","Nunchaku","Eternal Feather","Juzu Bracelet","Snake Skull","Potion Belt"],"potions_floor_usage":[],"damage_taken":[{"damage":0,"enemies":"Jaw Worm","floor":1,"turns":4},{"damage":0,"enemies":"Cultist","floor":2,"turns":4},{"damage":22,"enemies":"Gremlin Nob","floor":7,"turns":5},{"damage":0,"enemies":"2 Louse","floor":8,"turns":2},{"damage":0,"enemies":"2 Fungi Beasts","floor":12,"turns":3},{"damage":0,"enemies":"3 Louse","floor":13,"turns":2},{"damage":37,"enemies":"Hexaghost","floor":16,"turns":15},{"damage":16,"enemies":"2 Thieves","floor":18,"turns":3},{"damage":0,"enemies":"Spheric Guardian","floor":22,"turns":4},{"damage":0,"enemies":"Gremlin Leader","floor":24,"turns":5},{"damage":0,"enemies":"Centurion and Healer","floor":25,"turns":5},{"damage":28,"enemies":"Slavers","floor":27,"turns":2},{"damage":6,"enemies":"Gremlin Leader","floor":29,"turns":5},{"damage":14,"enemies":"Snake Plant","floor":31,"turns":2},{"damage":3,"enemies":"Champ","floor":33,"turns":9},{"damage":6,"enemies":"Orb Walker","floor":35,"turns":2},{"damage":26,"enemies":"3 Darklings","floor":39,"turns":2},{"damage":14,"enemies":"Reptomancer","floor":44,"turns":4},{"damage":3,"enemies":"Sphere and 2 Shapes","floor":45,"turns":3},{"damage":0,"enemies":"Transient","floor":48,"turns":5},{"damage":13,"enemies":"Donu and Deca","floor":50,"turns":8}],"seed_played":"-4209521682576991449","potions_obtained":[],"is_trial":false,"path_per_floor":["M","M","?","?","$","R","E","M","T","R","?","M","M","$","R","B",null,"M","?","$","?","M","R","E","M","T","E","R","E","R","M","R","B",null,"M","$","?","?","M","R","$","R","T","E","M","R","?","M","R","B"],"character_chosen":"THE_SILENT","items_purchased":["Dramatic Entrance","Backstab","Juzu Bracelet","Infinite Blades","Blade Dance"],"campfire_rested":1,"item_purchase_floors":[5,14,36,36,41],"current_hp_per_floor":[70,70,70,59,59,59,37,37,37,37,37,37,39,39,39,2,72,56,56,56,56,56,56,56,58,58,32,32,26,26,14,37,36,80,74,74,66,66,40,55,55,70,70,58,57,72,72,74,86,73],"gold":154,"neow_bonus":"BOSS_RELIC","is_prod":false,"is_daily":false,"chose_seed":false,"campfire_upgraded":10,"win_rate":0,"timestamp":1540882122,"path_taken":["M","M","?","?","?","R","E","?","T","R","?","M","M","$","R","BOSS","M","?","$","?","?","R","E","M","T","E","R","E","R","M","R","BOSS","M","$","?","?","M","R","$","R","T","E","M","R","?","M","R","BOSS"],"build_version":"2018-10-29v2","purchased_purges":3,"victory":true,"max_hp_per_floor":[70,70,70,70,70,70,70,70,70,70,70,70,72,72,72,72,72,72,72,72,72,72,72,72,74,74,76,76,76,76,78,78,80,80,80,80,80,80,80,80,80,80,80,82,84,84,84,86,86,86],"card_choices":[{"not_picked":["Crippling Poison","Choke"],"picked":"Cloak And Dagger","floor":1},{"not_picked":["Acrobatics","Underhanded Strike","Prepared"],"picked":"SKIP","floor":2},{"not_picked":["Quick Slash","Backstab"],"picked":"Blade Dance","floor":7},{"not_picked":["Blade Dance","Choke"],"picked":"After Image","floor":8},{"not_picked":["Acrobatics","PiercingWail"],"picked":"Finisher","floor":12},{"not_picked":["Tactician","Concentrate","Dagger Spray"],"picked":"Singing Bowl","floor":13},{"not_picked":["Grand Finale","Doppelganger"],"picked":"Burst","floor":16},{"not_picked":["Setup","Slice"],"picked":"Finisher","floor":18},{"not_picked":["Concentrate","Backstab"],"picked":"Cloak And Dagger","floor":22},{"not_picked":["Infinite Blades","Blur"],"picked":"Blade Dance+1","floor":24},{"not_picked":["All Out Attack","Acrobatics","Underhanded Strike"],"picked":"Singing Bowl","floor":25},{"not_picked":["Deflect+1","Bouncing Flask","Dagger Throw"],"picked":"Singing Bowl","floor":27},{"not_picked":["Flying Knee+1","Slice+1"],"picked":"Cloak And Dagger","floor":29},{"not_picked":["Bane+1","Prepared","Bullet Time"],"picked":"Singing Bowl","floor":31},{"not_picked":["Grand Finale","Die Die Die","Unload"],"picked":"Singing Bowl","floor":33},{"not_picked":["Reflex+1","Outmaneuver+1"],"picked":"Blur+1","floor":35},{"not_picked":["Madness","Enlightenment"],"picked":"Panache","floor":38},{"not_picked":["Backflip+1","Slice"],"picked":"Cloak And Dagger","floor":39},{"not_picked":["Noxious Fumes","Cloak And Dagger","Deflect"],"picked":"Singing Bowl","floor":44},{"not_picked":["Finisher","Noxious Fumes+1","Acrobatics+1"],"picked":"Singing Bowl","floor":45},{"not_picked":["Sucker Punch","Flying Knee","Outmaneuver+1"],"picked":"Singing Bowl","floor":48}],"player_experience":731500,"relics_obtained":[{"floor":7,"key":"Mummified Hand"},{"floor":9,"key":"Singing Bowl"},{"floor":24,"key":"Kunai"},{"floor":26,"key":"Letter Opener"},{"floor":27,"key":"Centennial Puzzle"},{"floor":29,"key":"Nunchaku"},{"floor":43,"key":"Snake Skull"},{"floor":44,"key":"Potion Belt"}],"event_choices":[{"damage_healed":0,"gold_gain":0,"player_choice":"Forge","damage_taken":0,"max_hp_gain":0,"max_hp_loss":0,"event_name":"Accursed Blacksmith","floor":3,"gold_loss":0,"cards_upgraded":["Cloak And Dagger"]},{"damage_healed":0,"gold_gain":75,"player_choice":"Gather Gold","damage_taken":11,"max_hp_gain":0,"max_hp_loss":0,"event_name":"World of Goop","floor":4,"gold_loss":0},{"damage_healed":0,"gold_gain":0,"player_choice":"Bought 0 Potions","damage_taken":0,"max_hp_gain":0,"max_hp_loss":0,"event_name":"The Woman in Blue","floor":11,"gold_loss":0},{"damage_healed":0,"gold_gain":0,"player_choice":"Opened","damage_taken":0,"relics_obtained":["Turnip"],"max_hp_gain":0,"max_hp_loss":0,"event_name":"The Mausoleum","floor":19,"gold_loss":0,"cards_obtained":["Writhe"]},{"damage_healed":0,"gold_gain":75,"player_choice":"Touch","damage_taken":8,"max_hp_gain":0,"max_hp_loss":0,"event_name":"FaceTrader","floor":37,"gold_loss":0},{"damage_healed":0,"gold_gain":0,"player_choice":"Memory 1","damage_taken":0,"max_hp_gain":0,"max_hp_loss":0,"event_name":"SensoryStone","floor":38,"gold_loss":0},{"cards_removed":["Strike_G"],"damage_healed":0,"gold_gain":0,"player_choice":"Card Removal","damage_taken":0,"max_hp_gain":0,"max_hp_loss":0,"event_name":"Wheel of Change","floor":47,"gold_loss":0}],"is_beta":true,"boss_relics":[{"not_picked":["Tiny House","Philosopher\u0027s Stone"],"picked":"Astrolabe"},{"not_picked":["Runic Dome","Coffee Dripper"],"picked":"Eternal Feather"}],"items_purged_floors":[5,20,36],"is_endless":false,"potions_floor_spawned":[1,7,16,18,25,31,33,35,39,44,48],"ascension_level":1}