{"gold_per_floor":[19,19,70,87,87,97,111,138,138,238,26,39,56,66,66,170,170,190,206,223,223,63,63,63,63,87,103,18,18],"floor_reached":29,"playtime":2377,"items_purged":[],"score":227,"play_id":"e9e9b3b8-788e-4af9-a6be-636f3be3e3b0","local_time":"20190105142924","is_ascension_mode":false,"campfire_choices":[{"floor":15,"key":"REST"},{"data":"Loop","floor":23,"key":"SMITH"},{"data":"Static Discharge","floor":25,"key":"SMITH"}],"neow_cost":"NO_GOLD","seed_source_timestamp":1306257344207501,"circlet_count":0,"master_deck":["Strike_B+1","Strike_B+1","Strike_B+1","Strike_B+1","Defend_B+1","Defend_B+1","Defend_B+1","Defend_B+1","Zap","Dualcast","Dramatic Entrance","Trip","Streamline","Ball Lightning","Conserve Battery","Skim","Conserve Battery","Double Energy","Static Discharge+1","Reboot","BootSequence","Conserve Battery","Loop+1","White Noise"],"relics":["Cracked Core","Bag of Marbles","Anchor","Membership Card","White Beast Statue","MutagenicStrength","Letter Opener","Strawberry","Kunai"],"potions_floor_usage":[8,13,18,19,20,27],"damage_taken":[{"damage":5,"enemies":"Small Slimes","floor":1,"turns":3},{"damage":0,"enemies":"Jaw Worm","floor":4,"turns":1},{"damage":0,"enemies":"2 Louse","floor":6,"turns":2},{"damage":6,"enemies":"Lots of Slimes","floor":7,"turns":2},{"damage":13,"enemies":"3 Sentries","floor":8,"turns":5},{"damage":0,"enemies":"Looter","floor":12,"turns":2},{"damage":11,"enemies":"Large Slime","floor":13,"turns":3},{"damage":0,"enemies":"2 Fungi Beasts","floor":14,"turns":2},{"damage":38,"enemies":"The Guardian","floor":16,"turns":10},{"damage":5,"enemies":"Shell Parasite","floor":18,"turns":4},{"damage":18,"enemies":"2 Thieves","floor":19,"turns":4},{"damage":36,"enemies":"3 Cultists","floor":20,"turns":5},{"damage":16,"enemies":"Cultist and Chosen","floor":27,"turns":5},{"damage":15,"enemies":"Chosen and Byrds","floor":29,"turns":5}],"seed_played":"6414096735751498020","potions_obtained":[{"floor":1,"key":"Energy Potion"},{"floor":6,"key":"Strength Potion"},{"floor":16,"key":"FearPotion"},{"floor":18,"key":"Dexterity Potion"},{"floor":19,"key":"Strength Potion"},{"floor":20,"key":"SkillPotion"},{"floor":27,"key":"GamblersBrew"}],"is_trial":false,"path_per_floor":["M","?","?","M","?","M","M","E","T","?","$","M","M","M","R","B",null,"M","M","M","?","$","R","?","R","T","M","?","M"],"character_chosen":"DEFECT","items_purchased":["Membership Card","Conserve Battery","Letter Opener","Loop"],"campfire_rested":1,"item_purchase_floors":[11,11,22,22],"current_hp_per_floor":[70,55,55,55,60,60,54,41,41,41,41,41,30,30,54,16,80,75,57,21,21,21,21,21,21,28,12,12,0],"gold":18,"neow_bonus":"RANDOM_COLORLESS_2","is_prod":false,"is_daily":false,"chose_seed":false,"campfire_upgraded":2,"win_rate":0,"timestamp":1546727364,"path_taken":["M","?","?","M","?","M","M","E","T","?","$","M","M","M","R","BOSS","M","?","M","?","$","R","?","R","T","M","?","M"],"build_version":"2019-01-03v4","purchased_purges":0,"victory":false,"max_hp_per_floor":[75,75,75,75,80,80,80,80,80,80,80,80,80,80,80,80,80,80,80,80,80,80,80,80,80,87,87,87,87],"card_choices":[{"not_picked":["BootSequence","Compile Driver"],"picked":"Streamline","floor":1},{"not_picked":["Undo","Barrage"],"picked":"Ball Lightning","floor":4},{"not_picked":["Turbo","Gash","Heatsinks"],"picked":"SKIP","floor":6},{"not_picked":["Compile Driver","Sunder"],"picked":"Conserve Battery","floor":7},{"not_picked":["Streamline","Multi-Cast"],"picked":"Skim","floor":8},{"not_picked":["Streamline","Auto Shields"],"picked":"Double Energy","floor":12},{"not_picked":["Chill","Barrage","Turbo"],"picked":"SKIP","floor":13},{"not_picked":["Defragment","Sweeping Beam"],"picked":"Static Discharge","floor":14},{"not_picked":["Machine Learning","Biased Cognition"],"picked":"Reboot","floor":16},{"not_picked":["Streamline+1","Reinforced Body"],"picked":"BootSequence","floor":18},{"not_picked":["Cold Snap","Stack+1","Barrage"],"picked":"SKIP","floor":19},{"not_picked":["Leap","Darkness+1"],"picked":"Conserve Battery","floor":20},{"not_picked":["Leap","Go for the Eyes"],"picked":"White Noise","floor":27}],"player_experience":61801,"relics_obtained":[{"floor":8,"key":"Bag of Marbles"},{"floor":9,"key":"Anchor"},{"floor":26,"key":"Strawberry"}],"event_choices":[{"damage_healed":0,"gold_gain":0,"player_choice":"Entered Light","damage_taken":15,"max_hp_gain":0,"max_hp_loss":0,"event_name":"Shining Light","floor":2,"gold_loss":0,"cards_upgraded":["Strike_B","Strike_B"]},{"damage_healed":0,"gold_gain":51,"player_choice":"Gained Gold","damage_taken":0,"max_hp_gain":0,"max_hp_loss":0,"event_name":"Golden Wing","floor":3,"gold_loss":0},{"damage_healed":0,"gold_gain":0,"player_choice":"Donut","damage_taken":0,"max_hp_gain":5,"max_hp_loss":0,"event_name":"Big Fish","floor":5,"gold_loss":0},{"damage_healed":0,"gold_gain":100,"player_choice":"Pray","damage_taken":0,"max_hp_gain":0,"max_hp_loss":0,"event_name":"Golden Shrine","floor":10,"gold_loss":0},{"damage_healed":0,"gold_gain":0,"player_choice":"Inject Mutagens","damage_taken":0,"relics_obtained":["MutagenicStrength"],"max_hp_gain":0,"max_hp_loss":0,"event_name":"Drug Dealer","floor":21,"gold_loss":0},{"damage_healed":0,"gold_gain":0,"player_choice":"Simplicity","damage_taken":0,"max_hp_gain":0,"max_hp_loss":0,"event_name":"Back to Basics","floor":24,"gold_loss":0,"cards_upgraded":["Strike_B","Strike_B","Defend_B","Defend_B","Defend_B","Defend_B"]},{"damage_healed":0,"gold_gain":0,"player_choice":"Obtained Relic","damage_taken":0,"relics_obtained":["Kunai"],"max_hp_gain":0,"max_hp_loss":0,"event_name":"Addict","floor":28,"gold_loss":85}],"is_beta":false,"boss_relics":[{"not_picked":["Runic Pyramid","Black Star"],"picked":"White Beast Statue"}],"items_purged_floors":[],"is_endless":false,"potions_floor_spawned":[1,6,16,18,19,20,27],"killed_by":"Chosen and Byrds","ascension_level":0}