{"gold_per_floor":[118,136,156,176,176,176,202,218,243,261,278,35,35,69,69,148,148,164,174,174,188,198,198,208,208,208,208],"floor_reached":27,"playtime":1072,"items_purged":["Strike_R"],"score":424,"play_id":"5308cbf6-d578-468f-8e00-f819eedf05f1","local_time":"20190215091226","is_ascension_mode":true,"campfire_choices":[{"data":"Spot Weakness","floor":6.0,"key":"SMITH"},{"floor":15.0,"key":"REST"},{"floor":23,"key":"REST"},{"floor":25,"key":"REST"}],"neow_cost":"NONE","seed_source_timestamp":106396808119381,"circlet_count":0,"master_deck":["AscendersBane","Strike_R","Strike_R","Strike_R","Strike_R","Defend_R","Defend_R","Defend_R","Defend_R","Bash","Spot Weakness+1","True Grit","Offering","Anger","Cleave","Metallicize","Whirlwind","Limit Break","Ghostly Armor","Reaper","Sword Boomerang+1","Dropkick","Decay","Spot Weakness","Sword Boomerang","Cleave","Impervious","Sword Boomerang"],"special_seed":0,"relics":["Black Blood","NeowsBlessing","Dream Catcher","Centennial Puzzle","Pen Nib","Bag of Marbles","Ice Cream"],"potions_floor_usage":[21,27],"damage_taken":[{"damage":0.0,"enemies":"Cultist","floor":1.0,"turns":1.0},{"damage":0.0,"enemies":"2 Louse","floor":2.0,"turns":1.0},{"damage":0.0,"enemies":"Small Slimes","floor":3.0,"turns":1.0},{"damage":11.0,"enemies":"Looter","floor":4.0,"turns":3.0},{"damage":19.0,"enemies":"Gremlin Nob","floor":7.0,"turns":4.0},{"damage":7.0,"enemies":"Exordium Thugs","floor":8.0,"turns":3.0},{"damage":19.0,"enemies":"Blue Slaver","floor":10.0,"turns":2.0},{"damage":6.0,"enemies":"Looter","floor":11.0,"turns":3.0},{"damage":23.0,"enemies":"Lagavulin","floor":14.0,"turns":7.0},{"damage":29.0,"enemies":"The Guardian","floor":16.0,"turns":10.0},{"damage":12,"enemies":"Chosen","floor":18,"turns":3},{"damage":20,"enemies":"Spheric Guardian","floor":19,"turns":4},{"damage":26,"enemies":"Snake Plant","floor":21,"turns":4},{"damage":30,"enemies":"Sentry and Sphere","floor":22,"turns":5},{"damage":57,"enemies":"Shelled Parasite and Fungi","floor":24,"turns":4},{"damage":82,"enemies":"Slavers","floor":27,"turns":3}],"seed_played":"144865612459109862","potions_obtained":[{"floor":1.0,"key":"PowerPotion"},{"floor":2.0,"key":"Block Potion"},{"floor":10.0,"key":"SteroidPotion"},{"floor":18,"key":"Block Potion"},{"floor":21,"key":"Dexterity Potion"},{"floor":24,"key":"Swift Potion"}],"is_trial":false,"path_per_floor":["M","M","M","M","?","R","E","M","T","M","M","$","?","E","R","B",null,"M","M","?","M","M","R","M","R","T","E"],"character_chosen":"IRONCLAD","items_purchased":["Pen Nib"],"campfire_rested":3,"item_purchase_floors":[12],"current_hp_per_floor":[74,75,75,70,66,66,53,52,52,39,39,39,39,22,44,21,62,75,74,74,58,38,60,27,49,49,0],"gold":208,"neow_bonus":"THREE_ENEMY_KILL","is_prod":false,"is_daily":false,"chose_seed":false,"campfire_upgraded":1,"win_rate":0,"timestamp":1550239946,"path_taken":["M","?","M","M","?","R","E","M","T","M","M","?","?","E","R","BOSS","M","M","?","M","M","R","M","R","T","E"],"build_version":"2019-01-23","purchased_purges":1,"victory":false,"max_hp_per_floor":[75,75,75,75,75,75,75,75,75,75,75,75,75,75,75,75,75,75,75,75,75,75,75,75,75,75,75],"card_choices":[{"not_picked":["Headbutt","Flex"],"picked":"Spot Weakness","floor":1.0},{"not_picked":["Warcry","Flex"],"picked":"True Grit","floor":2.0},{"not_picked":["Anger","Rage"],"picked":"Offering","floor":3.0},{"not_picked":["Dual Wield","Perfected Strike","Rupture"],"picked":"SKIP","floor":4.0},{"not_picked":["True Grit","Flame Barrier"],"picked":"Anger","floor":7.0},{"not_picked":["Clash","Wild Strike"],"picked":"Cleave","floor":8.0},{"not_picked":["Headbutt","Battle Trance"],"picked":"Metallicize","floor":10.0},{"not_picked":["Body Slam","Rampage"],"picked":"Whirlwind","floor":11.0},{"not_picked":["Sword Boomerang","Wild Strike"],"picked":"Limit Break","floor":14.0},{"not_picked":["Shrug It Off","Warcry"],"picked":"Ghostly Armor","floor":15.0},{"not_picked":["Impervious","Double Tap"],"picked":"Reaper","floor":16.0},{"not_picked":["Bloodletting","Rampage"],"picked":"Sword Boomerang+1","floor":18},{"not_picked":["Armaments","Perfected Strike"],"picked":"Dropkick","floor":19},{"not_picked":["Reckless Charge","Rupture"],"picked":"Spot Weakness","floor":21},{"not_picked":["Anger","Power Through"],"picked":"Sword Boomerang","floor":22},{"not_picked":["Second Wind","Iron Wave"],"picked":"Cleave","floor":23},{"not_picked":["Infernal Blade","Cleave"],"picked":"Impervious","floor":24},{"not_picked":["Anger","Fire Breathing"],"picked":"Sword Boomerang","floor":25}],"player_experience":2432355,"relics_obtained":[{"floor":7.0,"key":"Dream Catcher"},{"floor":9.0,"key":"Centennial Puzzle"},{"floor":14.0,"key":"Bag of Marbles"},{"floor":26,"key":"Ice Cream"}],"event_choices":[{"damage_healed":0.0,"max_hp_gain":0.0,"max_hp_loss":0.0,"gold_gain":0.0,"event_name":"The Woman in Blue","player_choice":"Bought 0 Potions","floor":5.0,"gold_loss":0.0,"damage_taken":0.0},{"damage_healed":0.0,"max_hp_gain":0.0,"max_hp_loss":0.0,"gold_gain":0.0,"event_name":"Liars Game","player_choice":"Ignored","floor":13.0,"gold_loss":0.0,"damage_taken":0.0},{"damage_healed":0,"gold_gain":0,"player_choice":"Cursed","damage_taken":0,"max_hp_gain":0,"max_hp_loss":0,"event_name":"Wheel of Change","floor":20,"gold_loss":0,"cards_obtained":["Decay"]}],"is_beta":false,"boss_relics":[{"not_picked":["Black Star","Eternal Feather"],"picked":"Black Blood"}],"items_purged_floors":[12],"is_endless":false,"potions_floor_spawned":[1,2,10,18,21,24],"killed_by":"Slavers","ascension_level":17}