{"path_per_floor":["M","$","?","?","M","R","E","R","T","T","E","R","$","?","R","B",null,"M","$","M","$","M"],"character_chosen":"THE_SILENT","items_purchased":["Accuracy","Noxious Fumes","Blade Dance","Noxious Fumes","Storm of Steel","Noxious Fumes"],"gold_per_floor":[116,41,41,41,51,51,76,76,76,103,131,131,55,123,123,223,253,273,159,174,24,38,38],"floor_reached":23,"campfire_rested":2,"playtime":1393,"item_purchase_floors":[2,13,19,19,21,21],"current_hp_per_floor":[71,71,71,56,56,77,54,77,77,77,64,64,64,64,64,34,82,69,69,54,54,27,0],"items_purged":[],"gold":38,"score":259,"play_id":"cc1b41d6-a824-4b25-81f5-43af1ea36cb8","local_time":"20180620164350","is_prod":false,"is_daily":false,"chose_seed":false,"is_ascension_mode":true,"campfire_upgraded":2,"win_rate":0,"timestamp":1529527430,"campfire_choices":[{"floor":6,"key":"REST"},{"floor":8,"key":"REST"},{"data":"Dash","floor":12,"key":"SMITH"},{"data":"Noxious Fumes","floor":15,"key":"SMITH"}],"path_taken":["M","$","?","?","M","R","E","R","T","?","E","R","$","?","R","BOSS","M","$","M","$","M","E"],"build_version":"2018-06-14v2","seed_source_timestamp":565335442453853,"purchased_purges":0,"victory":false,"master_deck":["Defend_G","Defend_G","Defend_G+1","Defend_G+1","Defend_G","Strike_G","Strike_G","Strike_G+1","Strike_G","Strike_G+1","Survivor","Neutralize","Crippling Poison","Accuracy","Dash+1","Dagger Throw","Poisoned Stab+1","Noxious Fumes+1","A Thousand Cuts","Blur","Footwork","Blade Dance","Noxious Fumes","Storm of Steel","Noxious Fumes"],"max_hp_per_floor":[77,77,77,77,77,77,77,77,77,77,77,77,77,77,77,77,82,82,82,84,84,86,86],"relics":["Ring of the Snake","Orichalcum","Centennial Puzzle","War Paint","Singing Bowl","Tiny House"],"card_choices":[{"not_picked":["Calculated Gamble","Catalyst"],"picked":"Crippling Poison","floor":1},{"not_picked":["PiercingWail","Finisher"],"picked":"Dash","floor":5},{"not_picked":["Outmaneuver","Dodge and Roll"],"picked":"Dagger Throw","floor":7},{"not_picked":["Flying Knee","Bane"],"picked":"Poisoned Stab","floor":11},{"not_picked":["Burst","Venomology"],"picked":"A Thousand Cuts","floor":16},{"not_picked":["Deflect","Quick Slash"],"picked":"Blur","floor":17},{"not_picked":["Outmaneuver","Dagger Spray"],"picked":"Footwork","floor":18},{"not_picked":["Deadly Poison","Calculated Gamble+1","Sucker Punch"],"picked":"Singing Bowl","floor":20},{"not_picked":["Quick Slash","Caltrops","Sucker Punch"],"picked":"Singing Bowl","floor":22}],"player_experience":661812,"potions_floor_usage":[7,18,20,20,20,20,23],"damage_taken":[{"damage":6,"enemies":"Jaw Worm","floor":1,"turns":5},{"damage":0,"enemies":"Small Slimes","floor":5,"turns":3},{"damage":23,"enemies":"Gremlin Nob","floor":7,"turns":5},{"damage":13,"enemies":"Lagavulin","floor":11,"turns":8},{"damage":30,"enemies":"Slime Boss","floor":16,"turns":9},{"damage":13,"enemies":"Spheric Guardian","floor":18,"turns":5},{"damage":26,"enemies":"2 Thieves","floor":20,"turns":4},{"damage":29,"enemies":"Sentry and Sphere","floor":22,"turns":6},{"damage":31,"enemies":"Gremlin Leader","floor":23,"turns":3}],"relics_obtained":[{"floor":7,"key":"Orichalcum"},{"floor":9,"key":"Centennial Puzzle"},{"floor":10,"key":"War Paint"},{"floor":11,"key":"Singing Bowl"}],"event_choices":[{"event_name":"The Cleric","player_choice":"Leave","floor":3,"damage_taken":0},{"event_name":"Shining Light","player_choice":"Entered Light","floor":4,"damage_taken":0},{"event_name":"Golden Wing","player_choice":"Gained Gold","floor":14,"damage_taken":0}],"boss_relics":[{"not_picked":["White Beast Statue","Calling Bell"],"picked":"Tiny House"}],"items_purged_floors":[],"is_endless":false,"potions_floor_spawned":[1,11,18],"seed_played":"4205181699480801814","killed_by":"Gremlin Leader","ascension_level":4,"potions_obtained":[{"floor":1,"key":"Strength Potion"},{"floor":11,"key":"FearPotion"},{"floor":17,"key":"Energy Potion"},{"floor":18,"key":"EntropicBrew"}],"is_trial":false}