{"gold_per_floor":[117,137,151,151,105,105,131,80,107,119,133,160,172,172,172,271,271,286,286,306,306,52,52,77,77,77,95,112,112,125,125,125,221,221,235,235,44,0,400,433,449,460,460,86,86,114,131,3,3,3,3,3,3,32,32],"floor_reached":55,"playtime":3036,"items_purged":[],"score":1196,"play_id":"45e6272c-1749-4618-87e1-9e9d51d238a1","local_time":"20190113155251","is_ascension_mode":true,"campfire_choices":[{"data":"Perfected Strike","floor":6.0,"key":"SMITH"},{"data":"Perfected Strike","floor":15.0,"key":"SMITH"},{"floor":23,"key":"REST"},{"floor":25,"key":"RECALL"},{"floor":32,"key":"REST"},{"floor":45,"key":"REST"},{"floor":49,"key":"REST"},{"floor":52,"key":"REST"}],"neow_cost":"NONE","seed_source_timestamp":387710355782341,"circlet_count":0,"master_deck":["AscendersBane","Strike_R","Strike_R","Strike_R","Strike_R","Strike_R","Defend_R","Defend_R","Defend_R","Defend_R","Bash","Perfected Strike+1","Perfected Strike+1","Pommel Strike","Iron Wave","Shrug It Off","Reaper","Twin Strike","Shockwave","Perfected Strike+1","Limit Break","Pommel Strike","Metallicize+1","Metallicize","Perfected Strike","Berserk","Mayhem","Thunderclap","Perfected Strike","Inflame","Shrug It Off","Spot Weakness+1","Impervious","Inflame","Cleave","Perfected Strike+1"],"special_seed":0,"relics":["Burning Blood","NeowsBlessing","Bag of Marbles","Centennial Puzzle","Oddly Smooth Stone","Runic Pyramid","Mummified Hand","Anchor","Strawberry","Fusion Hammer","Red Mask","Old Coin","Juzu Bracelet","Thread and Needle","Smiling Mask","Art of War"],"potions_floor_usage":[28,33,35,40,46,55],"damage_taken":[{"damage":0.0,"enemies":"Cultist","floor":1.0,"turns":1.0},{"damage":0.0,"enemies":"Jaw Worm","floor":2.0,"turns":1.0},{"damage":0.0,"enemies":"2 Louse","floor":3.0,"turns":1.0},{"damage":15.0,"enemies":"Lagavulin","floor":7.0,"turns":3.0},{"damage":6.0,"enemies":"Exordium Thugs","floor":10.0,"turns":3.0},{"damage":13.0,"enemies":"Blue Slaver","floor":11.0,"turns":3.0},{"damage":17.0,"enemies":"3 Sentries","floor":12.0,"turns":6.0},{"damage":6.0,"enemies":"2 Fungi Beasts","floor":13.0,"turns":3.0},{"damage":9.0,"enemies":"Slime Boss","floor":16.0,"turns":5.0},{"damage":51.0,"enemies":"2 Thieves","floor":18.0,"turns":4.0},{"damage":14,"enemies":"3 Byrds","floor":20,"turns":4},{"damage":18,"enemies":"Centurion and Healer","floor":27,"turns":5},{"damage":8,"enemies":"Snecko","floor":28,"turns":4},{"damage":6,"enemies":"3 Cultists","floor":30,"turns":4},{"damage":53,"enemies":"Collector","floor":33,"turns":9},{"damage":21,"enemies":"3 Darklings","floor":35,"turns":4},{"damage":29,"enemies":"Mind Bloom Boss Battle","floor":39,"turns":3},{"damage":64,"enemies":"Reptomancer","floor":40,"turns":4},{"damage":0,"enemies":"Orb Walker","floor":41,"turns":1},{"damage":8,"enemies":"Sphere and 2 Shapes","floor":42,"turns":4},{"damage":15,"enemies":"Nemesis","floor":46,"turns":5},{"damage":13,"enemies":"Writhing Mass","floor":47,"turns":3},{"damage":72,"enemies":"Donu and Deca","floor":50,"turns":6},{"damage":46,"enemies":"Shield and Spear","floor":54,"turns":5},{"damage":67,"enemies":"The Heart","floor":55,"turns":3}],"seed_played":"8321992303629689446","potions_obtained":[{"floor":3.0,"key":"FearPotion"},{"floor":7.0,"key":"EssenceOfSteel"},{"floor":10.0,"key":"Weak Potion"},{"floor":16.0,"key":"Ancient Potion"},{"floor":18.0,"key":"PowerPotion"},{"floor":28,"key":"Regen Potion"},{"floor":39,"key":"Strength Potion"},{"floor":42,"key":"PowerPotion"},{"floor":54,"key":"LiquidBronze"}],"is_trial":false,"path_per_floor":["M","M","M","?","$","R","E","$","T","M","M","E","M","?","R","B",null,"M","$","M","?","$","R","T","R","T","M","M","?","M","?","R","B",null,"M","?","$","?","?","E","M","M","T","$","R","E","M","$","R","B",null,"R","$","E","B"],"character_chosen":"IRONCLAD","items_purchased":["Iron Wave","Shrug It Off","Mummified Hand","Mayhem","Thread and Needle","Inflame","Shrug It Off","Inflame","Cleave"],"campfire_rested":5,"item_purchase_floors":[5,8,22,37,44,44,44,48,48],"current_hp_per_floor":[78,80,80,80,80,80,71,71,71,71,70,59,71,76,76,73,82,37,37,29,57,57,82,82,82,89,83,87,87,87,69,97,50,85,95,95,95,95,78,26,32,36,36,36,65,56,61,61,90,64,89,97,97,66,0],"gold":32,"neow_bonus":"THREE_ENEMY_KILL","is_prod":false,"is_daily":false,"chose_seed":false,"campfire_upgraded":2,"win_rate":0,"timestamp":1547412771,"path_taken":["M","M","M","?","$","R","E","$","T","M","M","E","M","?","R","BOSS","M","$","M","?","$","R","?","R","T","M","M","?","?","?","R","BOSS","M","?","$","?","?","E","M","M","T","$","R","E","M","$","R","BOSS","R","$","E","BOSS"],"build_version":"2019-01-10","purchased_purges":0,"victory":false,"max_hp_per_floor":[80,80,80,80,80,80,80,80,80,80,80,80,80,85,85,85,85,85,85,85,85,85,85,85,85,92,92,92,92,92,97,97,97,97,97,97,97,97,97,97,97,97,97,97,97,97,97,97,97,97,97,97,97,97,97],"card_choices":[{"not_picked":["Pommel Strike","Infernal Blade"],"picked":"Perfected Strike","floor":1.0},{"not_picked":["Whirlwind","Anger"],"picked":"Perfected Strike","floor":2.0},{"not_picked":["Disarm","Rage"],"picked":"Pommel Strike","floor":3.0},{"not_picked":["Dual Wield","True Grit","Blood for Blood"],"picked":"SKIP","floor":7.0},{"not_picked":["Heavy Blade","Intimidate"],"picked":"Reaper","floor":10.0},{"not_picked":["Havoc","Reckless Charge"],"picked":"Twin Strike","floor":11.0},{"not_picked":["Body Slam","Feed"],"picked":"Shockwave","floor":12.0},{"not_picked":["Uppercut","Flex"],"picked":"Perfected Strike","floor":13.0},{"not_picked":["Bludgeon","Juggernaut"],"picked":"Limit Break","floor":16.0},{"not_picked":["Carnage","Heavy Blade","Havoc"],"picked":"SKIP","floor":18.0},{"not_picked":["Twin Strike","Wild Strike"],"picked":"Pommel Strike","floor":20},{"not_picked":["Disarm","Wild Strike"],"picked":"Metallicize","floor":27},{"not_picked":["Heavy Blade","Disarm"],"picked":"Metallicize","floor":28},{"not_picked":["Exhume","Whirlwind+1"],"picked":"Perfected Strike","floor":30},{"not_picked":["Dark Embrace","Offering"],"picked":"Berserk","floor":33},{"not_picked":["Combust","Feel No Pain"],"picked":"Flame Barrier","floor":35},{"not_picked":["Anger","Brutality","True Grit"],"picked":"SKIP","floor":40},{"not_picked":["True Grit","Inflame+1"],"picked":"Thunderclap","floor":41},{"not_picked":["Havoc+1","Clothesline+1"],"picked":"Perfected Strike","floor":42},{"not_picked":["Armaments","Clash"],"picked":"Spot Weakness+1","floor":46},{"not_picked":["Hemokinesis","Rupture"],"picked":"Impervious","floor":47},{"not_picked":["Dual Wield","Heavy Blade+1"],"picked":"Perfected Strike+1","floor":54}],"player_experience":2108889,"relics_obtained":[{"floor":7.0,"key":"Bag of Marbles"},{"floor":9.0,"key":"Centennial Puzzle"},{"floor":12.0,"key":"Oddly Smooth Stone"},{"floor":24,"key":"Anchor"},{"floor":26,"key":"Strawberry"},{"floor":39,"key":"Old Coin"},{"floor":40,"key":"Juzu Bracelet"},{"floor":46,"key":"Smiling Mask"},{"floor":54,"key":"Art of War"}],"event_choices":[{"damage_healed":0.0,"max_hp_gain":0.0,"max_hp_loss":0.0,"gold_gain":0.0,"event_name":"Living Wall","player_choice":"Grow","floor":4.0,"gold_loss":0.0,"damage_taken":0.0,"cards_upgraded":["Perfected Strike"]},{"damage_healed":0.0,"max_hp_gain":5.0,"max_hp_loss":0.0,"gold_gain":0.0,"event_name":"Big Fish","player_choice":"Donut","floor":14.0,"gold_loss":0.0,"damage_taken":0.0},{"damage_healed":28,"gold_gain":0,"player_choice":"Heal","damage_taken":0,"max_hp_gain":0,"max_hp_loss":0,"event_name":"The Library","floor":21,"gold_loss":0},{"damage_healed":0,"gold_gain":0,"player_choice":"Upgraded","damage_taken":0,"max_hp_gain":0,"max_hp_loss":0,"event_name":"Upgrade Shrine","floor":29,"gold_loss":0,"cards_upgraded":["Metallicize"]},{"damage_healed":0,"gold_gain":0,"player_choice":"Shed Blood","damage_taken":23,"max_hp_gain":5,"max_hp_loss":0,"event_name":"Forgotten Altar","floor":31,"gold_loss":0},{"cards_removed":["Flame Barrier"],"damage_healed":0,"gold_gain":0,"player_choice":"Removed Skill","damage_taken":0,"max_hp_gain":0,"max_hp_loss":0,"event_name":"Falling","floor":36,"gold_loss":0},{"damage_healed":0,"gold_gain":0,"player_choice":"Paid","damage_taken":0,"relics_obtained":["Red Mask"],"max_hp_gain":0,"max_hp_loss":0,"event_name":"Tomb of Lord Red Mask","floor":38,"gold_loss":44},{"damage_healed":0,"gold_gain":0,"player_choice":"Fight","damage_taken":0,"max_hp_gain":0,"max_hp_loss":0,"event_name":"MindBloom","floor":39,"gold_loss":0}],"is_beta":false,"boss_relics":[{"not_picked":["Mark of Pain","Black Star"],"picked":"Runic Pyramid"},{"not_picked":["Tiny House","Calling Bell"],"picked":"Fusion Hammer"}],"items_purged_floors":[],"is_endless":false,"potions_floor_spawned":[3,7,10,13,16,18,27,28,39,42,54],"killed_by":"The Heart","ascension_level":12}