{"gold_per_floor":[119,119,43,43,59,59,74,100,126,126,126,126,144,160,160,291,291,304,304,403,423,446,446,462,462,462,477,500,521,559,577,577,577],"floor_reached":33,"playtime":1773,"items_purged":[],"score":404,"play_id":"8fad3f57-d68a-4ea3-8cc5-9970725768d6","local_time":"20180730095433","is_ascension_mode":true,"campfire_choices":[{"data":"Heavy Blade","floor":6,"key":"SMITH"},{"data":"Demon Form","floor":10,"key":"SMITH"},{"floor":15,"key":"REST"},{"floor":23,"key":"REST"},{"data":"True Grit","floor":25,"key":"SMITH"},{"floor":32,"key":"REST"}],"neow_cost":"NONE","seed_source_timestamp":0,"circlet_count":0,"master_deck":["Strike_R","Strike_R","Strike_R","Strike_R","Strike_R","Defend_R","Defend_R","Defend_R","Defend_R","Bash+1","Demon Form+1","Iron Wave","Shrug It Off","Thunderclap","Heavy Blade+1","Disarm","Injury","True Grit+1","Shrug It Off","Immolate+1","Battle Trance","Flex","Flame Barrier","Shrug It Off+1","Body Slam+1","Thunderclap+1","Limit Break","Shrug It Off"],"special_seed":0,"relics":["Burning Blood","Anchor","Molten Egg 2","Ancient Tea Set","Darkstone Periapt","Golden Idol","Mark of Pain","Enchiridion","Smiling Mask","Dodecahedron"],"potions_floor_usage":[8,18,22,30,31,33],"damage_taken":[{"damage":14,"enemies":"2 Louse","floor":1,"turns":3},{"damage":0,"enemies":"Small Slimes","floor":5,"turns":4},{"damage":10,"enemies":"Cultist","floor":7,"turns":4},{"damage":19,"enemies":"3 Sentries","floor":8,"turns":6},{"damage":19,"enemies":"Large Slime","floor":13,"turns":6},{"damage":0,"enemies":"2 Fungi Beasts","floor":14,"turns":4},{"damage":13,"enemies":"Hexaghost","floor":16,"turns":7},{"damage":30,"enemies":"Spheric Guardian","floor":18,"turns":5},{"damage":14,"enemies":"Shell Parasite","floor":21,"turns":6},{"damage":6,"enemies":"3 Cultists","floor":22,"turns":5},{"damage":6,"enemies":"Centurion and Healer","floor":24,"turns":8},{"damage":0,"enemies":"Cultist and Chosen","floor":27,"turns":6},{"damage":8,"enemies":"Snake Plant","floor":28,"turns":5},{"damage":0,"enemies":"3 Cultists","floor":29,"turns":2},{"damage":16,"enemies":"Slavers","floor":30,"turns":5},{"damage":5,"enemies":"Snecko","floor":31,"turns":4},{"damage":99,"enemies":"Collector","floor":33,"turns":6}],"seed_played":"7595370003720277847","potions_obtained":[{"floor":1,"key":"Poison Potion"},{"floor":14,"key":"SteroidPotion"},{"floor":16,"key":"FearPotion"},{"floor":21,"key":"Block Potion"},{"floor":22,"key":"Energy Potion"},{"floor":28,"key":"EssenceOfSteel"},{"floor":31,"key":"GamblersBrew"}],"is_trial":false,"path_per_floor":["M","?","$","?","M","R","M","E","T","R","?","?","M","M","R","B",null,"M","?","?","M","M","R","M","R","T","M","M","M","E","M","R"],"character_chosen":"IRONCLAD","items_purchased":["Shrug It Off","Thunderclap"],"campfire_rested":3,"item_purchase_floors":[3,3],"current_hp_per_floor":[64,64,64,52,58,58,54,41,41,41,41,47,34,40,65,58,79,55,39,39,31,31,56,56,56,56,62,60,66,56,57,82,0],"gold":577,"neow_bonus":"ONE_RANDOM_RARE_CARD","is_prod":false,"is_daily":false,"chose_seed":false,"campfire_upgraded":3,"win_rate":0,"timestamp":1532958873,"path_taken":["M","?","$","?","M","R","M","E","T","R","?","?","M","M","R","BOSS","M","?","?","?","M","R","M","R","T","M","?","M","E","M","R","BOSS"],"build_version":"2018-07-26","purchased_purges":0,"victory":false,"max_hp_per_floor":[80,80,80,80,80,80,80,80,80,80,80,86,86,86,86,86,86,86,86,86,86,86,86,86,86,86,86,86,86,86,86,86,86],"card_choices":[{"not_picked":["Bloodletting","True Grit"],"picked":"Iron Wave","floor":1},{"not_picked":["True Grit","Sword Boomerang"],"picked":"Heavy Blade","floor":5},{"not_picked":["Havoc","Second Wind"],"picked":"Intimidate","floor":7},{"not_picked":["Flame Barrier","Clothesline"],"picked":"Disarm","floor":8},{"not_picked":["Perfected Strike+1","Clothesline+1"],"picked":"True Grit","floor":13},{"not_picked":["Evolve","Pommel Strike+1"],"picked":"Shrug It Off","floor":14},{"not_picked":["Demon Form","Berserk"],"picked":"Immolate+1","floor":16},{"not_picked":["Sword Boomerang+1","Ghostly Armor"],"picked":"Battle Trance","floor":18},{"not_picked":["Anger+1","Flame Barrier"],"picked":"Flex","floor":21},{"not_picked":["Perfected Strike+1","True Grit"],"picked":"Flame Barrier","floor":22},{"not_picked":["Perfected Strike+1","Anger+1"],"picked":"Shrug It Off+1","floor":24},{"not_picked":["Sever Soul+1","Spot Weakness"],"picked":"Body Slam+1","floor":27},{"not_picked":["Wild Strike+1","Rupture"],"picked":"Thunderclap+1","floor":28},{"not_picked":["Perfected Strike+1","Searing Blow+1","Sword Boomerang+1"],"picked":"SKIP","floor":29},{"not_picked":["Entrench","Sword Boomerang+1"],"picked":"Limit Break","floor":30},{"not_picked":["Armaments+1","Thunderclap+1"],"picked":"Shrug It Off","floor":31}],"player_experience":1351857,"relics_obtained":[{"floor":8,"key":"Molten Egg 2"},{"floor":9,"key":"Ancient Tea Set"},{"floor":19,"key":"Enchiridion"},{"floor":26,"key":"Smiling Mask"},{"floor":30,"key":"Dodecahedron"}],"event_choices":[{"event_name":"Living Wall","player_choice":"Grow","floor":2,"damage_taken":0},{"event_name":"Scrap Ooze","player_choice":"success","floor":4,"damage_taken":12},{"event_name":"WeMeetAgain","player_choice":"Card","floor":11,"damage_taken":0},{"event_name":"Golden Idol","player_choice":"Take Wound","floor":12,"damage_taken":0},{"event_name":"Cursed Tome","player_choice":"Obtained Book","floor":19,"damage_taken":0},{"event_name":"Nest","player_choice":"Stole From Cult","floor":20,"damage_taken":0}],"is_beta":false,"boss_relics":[{"not_picked":["Philosopher\u0027s Stone","Lizard Tail"],"picked":"Mark of Pain"}],"items_purged_floors":[],"is_endless":false,"potions_floor_spawned":[1,14,16,21,22,28,31],"killed_by":"Collector","ascension_level":8}