{"path_per_floor":["M","?","?","?","M","E","?","$","T","$","?","R","M","M","R","B",null,"M","?","T","?","M","R","M","E","T","$","R","M","M","M","R","B",null,"M","?","?","M","$","E","R","M","T","R","M","M","M","$","R","B"],"character_chosen":"DEFECT","items_purchased":["Defragment","Consume","Doom and Gloom","Coolheaded","Panache","Storm","Blizzard","Undo"],"gold_per_floor":[111,111,111,111,131,164,225,69,94,56,6,6,20,35,35,133,133,153,153,180,180,200,200,220,251,251,29,29,39,59,71,71,174,174,190,190,190,209,59,86,86,102,125,125,138,154,166,60,60,60],"floor_reached":51,"campfire_rested":5,"playtime":2822,"item_purchase_floors":[8,8,10,27,27,39,48,48],"current_hp_per_floor":[75,57,75,75,75,75,44,44,44,44,44,44,45,41,63,63,75,70,54,54,54,27,49,46,23,23,23,45,52,59,52,74,72,75,75,75,75,75,75,71,71,52,52,74,67,79,81,81,81,56],"items_purged":["Strike_B"],"gold":60,"score":1110,"play_id":"2fec628a-e6e9-4263-9fc1-470da86c524b","local_time":"20180615084533","is_prod":false,"is_daily":false,"chose_seed":false,"is_ascension_mode":true,"campfire_upgraded":3,"win_rate":0,"timestamp":1529066733,"campfire_choices":[{"data":"Defragment","floor":12,"key":"SMITH"},{"floor":15,"key":"REST"},{"floor":23,"key":"REST"},{"floor":28,"key":"REST"},{"floor":32,"key":"REST"},{"data":"Storm","floor":41,"key":"SMITH"},{"floor":44,"key":"REST"},{"data":"Machine Learning","floor":49,"key":"SMITH"}],"path_taken":["M","?","?","?","M","E","?","$","T","$","?","R","M","?","R","BOSS","M","?","?","?","?","R","M","E","T","$","R","?","?","M","R","BOSS","M","?","?","?","$","E","R","M","T","R","M","M","M","$","R","BOSS"],"build_version":"2018-06-14v2","seed_source_timestamp":103242079542957,"purchased_purges":1,"victory":true,"master_deck":["Strike_B","Strike_B","Defend_B+1","Defend_B","Defend_B+1","Defend_B","Zap","Dualcast","Self Repair","Static Discharge","Coolheaded","Defragment+1","Consume","Doom and Gloom","Loop","Machine Learning+1","Seek","Cold Snap","Heatsinks+1","Coolheaded","Panache","Loop+1","Storm+1","Blizzard","Undo"],"max_hp_per_floor":[75,75,75,75,75,75,75,75,75,75,75,75,75,75,75,75,75,75,75,75,75,75,75,75,75,75,75,75,75,75,75,75,75,75,75,75,75,75,75,75,75,75,75,75,77,79,81,81,81,81],"relics":["Cracked Core","NeowsBlessing","Toolbox","Art of War","Mummified Hand","Ancient Tea Set","Busted Crown","Enchiridion","War Paint","Bronze Scales","Ice Cream","Inserter","Girya","Bag of Marbles","Singing Bowl"],"card_choices":[{"not_picked":["Coolheaded","Redo"],"picked":"Self Repair","floor":1},{"not_picked":["Turbo","Double Energy"],"picked":"Static Discharge","floor":5},{"not_picked":["Tempest","Reprogram","Ball Lightning"],"picked":"SKIP","floor":6},{"not_picked":["Gash","Compile Driver"],"picked":"Coolheaded","floor":7},{"not_picked":["Steam","Sweeping Beam"],"picked":"Loop","floor":13},{"not_picked":["Steam","Stack","Hyperbeam"],"picked":"SKIP","floor":14},{"not_picked":["Reboot","Thunder Strike"],"picked":"Machine Learning","floor":16},{"not_picked":["Gash"],"picked":"SKIP","floor":18},{"not_picked":["Stack+1"],"picked":"SKIP","floor":22},{"not_picked":[],"picked":"Cold Snap","floor":24},{"not_picked":[],"picked":"Heatsinks+1","floor":25},{"not_picked":["Scrape"],"picked":"SKIP","floor":29},{"not_picked":["Coolheaded"],"picked":"SKIP","floor":30},{"not_picked":[],"picked":"Loop+1","floor":31},{"not_picked":["Beam Cell"],"picked":"SKIP","floor":35},{"not_picked":["Rip and Tear+1"],"picked":"SKIP","floor":38},{"not_picked":["Streamline"],"picked":"SKIP","floor":40},{"not_picked":["Conserve Battery+1"],"picked":"SKIP","floor":42},{"not_picked":["Steam Power+1"],"picked":"Singing Bowl","floor":45},{"not_picked":["Leap"],"picked":"Singing Bowl","floor":46},{"not_picked":["Hologram"],"picked":"Singing Bowl","floor":47}],"player_experience":563699,"potions_floor_usage":[7,16,22,31,33,36,40,40,45],"damage_taken":[{"damage":0,"enemies":"2 Louse","floor":1,"turns":1},{"damage":0,"enemies":"Jaw Worm","floor":5,"turns":1},{"damage":0,"enemies":"3 Sentries","floor":6,"turns":1},{"damage":42,"enemies":"Gremlin Nob","floor":7,"turns":4},{"damage":6,"enemies":"Cultist","floor":13,"turns":3},{"damage":11,"enemies":"Looter","floor":14,"turns":2},{"damage":0,"enemies":"Slime Boss","floor":16,"turns":7},{"damage":12,"enemies":"Shell Parasite","floor":18,"turns":4},{"damage":34,"enemies":"2 Thieves","floor":22,"turns":3},{"damage":10,"enemies":"3 Cultists","floor":24,"turns":4},{"damage":30,"enemies":"Book of Stabbing","floor":25,"turns":5},{"damage":0,"enemies":"Chosen and Byrds","floor":29,"turns":5},{"damage":0,"enemies":"Centurion and Healer","floor":30,"turns":7},{"damage":14,"enemies":"Snake Plant","floor":31,"turns":3},{"damage":9,"enemies":"Automaton","floor":33,"turns":9},{"damage":6,"enemies":"Orb Walker","floor":35,"turns":5},{"damage":8,"floor":36,"turns":3},{"damage":5,"enemies":"3 Darklings","floor":38,"turns":3},{"damage":11,"enemies":"2 Orb Walkers","floor":40,"turns":3},{"damage":26,"enemies":"4 Shapes","floor":42,"turns":3},{"damage":16,"enemies":"Maw","floor":45,"turns":5},{"damage":0,"enemies":"Sphere and 2 Shapes","floor":46,"turns":3},{"damage":0,"enemies":"4 Shapes","floor":47,"turns":3},{"damage":32,"enemies":"Donu and Deca","floor":50,"turns":9}],"relics_obtained":[{"floor":6,"key":"Art of War"},{"floor":7,"key":"Mummified Hand"},{"floor":9,"key":"Ancient Tea Set"},{"floor":19,"key":"Enchiridion"},{"floor":20,"key":"War Paint"},{"floor":25,"key":"Bronze Scales"},{"floor":26,"key":"Ice Cream"},{"floor":36,"key":"Girya"},{"floor":40,"key":"Bag of Marbles"},{"floor":43,"key":"Singing Bowl"}],"event_choices":[{"event_name":"Scrap Ooze","player_choice":"success","floor":2,"damage_taken":18},{"event_name":"Big Fish","player_choice":"Banana","floor":3,"damage_taken":0},{"event_name":"The Woman in Blue","player_choice":"Bought 0 Potions","floor":4,"damage_taken":0},{"event_name":"Dead Adventurer","player_choice":"Searched \u00271\u0027 times","floor":7,"damage_taken":0},{"event_name":"The Cleric","player_choice":"Card Removal","floor":11,"damage_taken":0},{"event_name":"Cursed Tome","player_choice":"Obtained Book","floor":19,"damage_taken":0},{"event_name":"Match and Keep!","player_choice":"2 cards matched","floor":21,"damage_taken":0},{"event_name":"MindBloom","player_choice":"Fight","floor":36,"damage_taken":0},{"event_name":"Falling","player_choice":"Removed Skill","floor":37,"damage_taken":0}],"boss_relics":[{"not_picked":["Coffee Dripper","Snecko Eye"],"picked":"Busted Crown"},{"not_picked":["Astrolabe","Velvet Choker"],"picked":"Inserter"}],"items_purged_floors":[39],"is_endless":false,"potions_floor_spawned":[5,7,7,14,18,24,25,31,33,35,40,42],"seed_played":"-5950898733002030083","ascension_level":3,"potions_obtained":[{"floor":5,"key":"AttackPotion"},{"floor":7,"key":"Dexterity Potion"},{"floor":7,"key":"Energy Potion"},{"floor":14,"key":"Ancient Potion"},{"floor":18,"key":"Explosive Potion"},{"floor":24,"key":"SteroidPotion"},{"floor":31,"key":"Swift Potion"},{"floor":33,"key":"Energy Potion"},{"floor":35,"key":"AttackPotion"},{"floor":40,"key":"Poison Potion"},{"floor":42,"key":"SteroidPotion"}],"is_trial":false}