{"gold_per_floor":[112,62,78,98,111,146,146,146,146,146,49,49,69,100,100,198,198,212,212,212,29,44,75,75,75,146,158,175,200,200,200,200,299,299,310,325,325,56,68,68,78,96,96,127,127,127,142,154,154,154,154,154,2,30,30],"floor_reached":55,"playtime":6324,"items_purged":["Parasite","Chill"],"score":852,"play_id":"e768083a-bb15-4d36-b308-74a2d8c29f15","local_time":"20190209184948","is_ascension_mode":true,"campfire_choices":[{"floor":7,"key":"REST"},{"data":"Zap","floor":10,"key":"SMITH"},{"data":"Dualcast","floor":15,"key":"SMITH"},{"data":"Hyperbeam","floor":25,"key":"SMITH"},{"data":"Sunder","floor":30,"key":"SMITH"},{"floor":32,"key":"REST"},{"floor":40,"key":"RECALL"},{"floor":49,"key":"REST"},{"data":"Capacitor","floor":52,"key":"SMITH"}],"neow_cost":"NONE","seed_source_timestamp":2737869155757059,"circlet_count":0,"master_deck":["Zap+1","Dualcast+1","Sweeping Beam","Coolheaded","Cold Snap","Leap+1","Skim+1","Seek+1","Chill+1","Skim+1","Core Surge","Hyperbeam+1","Sunder+1","Machine Learning","Double Energy+1","Double Energy+1","Beam Cell","Blind+1","Conserve Battery+1","FTL","Turbo+1","Hologram+1","Madness+1","Madness+1","Capacitor+1","Glacier+1","Self Repair+1","Consume+1","Undo+1","Turbo+1","White Noise+1","Recycle+1","Trip+1","Metamorphosis+1","Discovery+1","Cold Snap","Chaos+1","Capacitor","Glacier+1","FTL+1"],"relics":["Cracked Core","Toxic Egg 2","Letter Opener","Meat on the Bone","Boot","Pandora\u0027s Box","Darkstone Periapt","Prayer Wheel","Pear","Pocketwatch","FaceOfCleric","Runic Pyramid","Pen Nib","Orichalcum","Nunchaku"],"potions_floor_usage":[16,16,29,33,33,50,54,55],"damage_taken":[{"damage":4,"enemies":"2 Louse","floor":1,"turns":3},{"damage":0,"enemies":"Cultist","floor":3,"turns":3},{"damage":7,"enemies":"Small Slimes","floor":4,"turns":4},{"damage":14,"enemies":"Gremlin Gang","floor":5,"turns":5},{"damage":56,"enemies":"Gremlin Nob","floor":6,"turns":5},{"damage":1,"enemies":"Blue Slaver","floor":13,"turns":3},{"damage":18,"enemies":"Lagavulin","floor":14,"turns":7},{"damage":5,"enemies":"The Guardian","floor":16,"turns":9},{"damage":0,"enemies":"2 Thieves","floor":18,"turns":3},{"damage":16,"enemies":"Chosen","floor":22,"turns":4},{"damage":6,"enemies":"Slavers","floor":23,"turns":3},{"damage":4,"enemies":"Shelled Parasite and Fungi","floor":27,"turns":2},{"damage":0,"enemies":"3 Cultists","floor":28,"turns":2},{"damage":29,"enemies":"Book of Stabbing","floor":29,"turns":4},{"damage":5,"enemies":"Champ","floor":33,"turns":9},{"damage":6,"enemies":"3 Shapes","floor":35,"turns":1},{"damage":0,"enemies":"Orb Walker","floor":36,"turns":2},{"damage":0,"enemies":"Spire Growth","floor":39,"turns":4},{"damage":6,"enemies":"4 Shapes","floor":41,"turns":2},{"damage":8,"enemies":"Sphere and 2 Shapes","floor":42,"turns":2},{"damage":10,"enemies":"Nemesis","floor":44,"turns":5},{"damage":28,"enemies":"Spire Growth","floor":47,"turns":4},{"damage":0,"enemies":"Maw","floor":48,"turns":6},{"damage":33,"enemies":"Awakened One","floor":50,"turns":15},{"damage":86,"enemies":"Shield and Spear","floor":54,"turns":8},{"damage":57,"enemies":"The Heart","floor":55,"turns":2}],"seed_played":"3684794812023384205","potions_obtained":[{"floor":5,"key":"SkillPotion"},{"floor":6,"key":"PowerPotion"},{"floor":13,"key":"FocusPotion"},{"floor":14,"key":"FearPotion"},{"floor":16,"key":"Dexterity Potion"},{"floor":23,"key":"EssenceOfSteel"},{"floor":29,"key":"SkillPotion"},{"floor":33,"key":"Fire Potion"},{"floor":41,"key":"SteroidPotion"},{"floor":47,"key":"Regen Potion"}],"is_trial":false,"path_per_floor":["M","?","M","M","M","E","R","?","T","R","$","?","M","E","R","B",null,"M","?","?","$","M","E","?","R","T","M","M","E","R","?","R","B",null,"M","M","?","$","M","R","M","M","T","E","?","?","M","M","R","B",null,"R","$","E","B"],"character_chosen":"DEFECT","items_purchased":["Leap+1","Blind+1","Pen Nib","Capacitor","Glacier+1","Capacitor","Glacier+1"],"campfire_rested":3,"item_purchase_floors":[11,21,38,38,38,53,53],"current_hp_per_floor":[78,78,78,71,57,1,25,45,45,45,45,45,44,38,38,45,79,79,79,79,79,63,57,57,57,67,63,63,46,46,46,72,68,90,85,86,74,74,75,75,80,73,73,74,74,64,59,70,98,76,99,99,99,50,0],"gold":30,"neow_bonus":"TEN_PERCENT_HP_BONUS","is_prod":false,"is_daily":false,"chose_seed":false,"campfire_upgraded":5,"win_rate":0,"timestamp":1549759788,"path_taken":["M","?","M","M","M","E","R","?","T","R","$","?","?","E","R","BOSS","M","?","?","$","M","E","?","R","T","M","M","E","R","?","R","BOSS","M","?","?","$","M","R","M","M","T","E","?","?","?","M","R","BOSS","R","$","E","BOSS"],"build_version":"2019-02-06","purchased_purges":2,"victory":false,"max_hp_per_floor":[82,82,82,82,82,82,82,82,82,82,79,79,79,79,79,79,79,79,79,79,79,79,79,79,79,89,89,89,89,89,89,89,90,90,91,92,92,92,93,93,94,95,95,96,96,96,97,98,98,99,99,99,99,100,100],"card_choices":[{"not_picked":["Go for the Eyes","Compile Driver"],"picked":"Sweeping Beam","floor":1},{"not_picked":["Skim","Loop"],"picked":"Coolheaded","floor":3},{"not_picked":["Self Repair","Auto Shields"],"picked":"Chill","floor":4},{"not_picked":["Melter","Beam Cell","Chaos"],"picked":"SKIP","floor":5},{"not_picked":["Turbo","Ball Lightning"],"picked":"Cold Snap","floor":6},{"not_picked":["Genetic Algorithm+1","Rebound"],"picked":"Skim+1","floor":13},{"not_picked":["Conserve Battery+1","Redo+1"],"picked":"Capacitor","floor":14},{"not_picked":["Amplify+1","Fission+1"],"picked":"Seek+1","floor":16},{"not_picked":["Rip and Tear","Compile Driver"],"picked":"Double Energy+1","floor":18},{"not_picked":["Hologram+1","Static Discharge"],"picked":"Conserve Battery+1","floor":22},{"not_picked":["Aggregate+1","Streamline"],"picked":"FTL","floor":23},{"not_picked":["Capacitor","FTL"],"picked":"Turbo+1","floor":27},{"not_picked":["Coolheaded+1","Stack+1","Redo+1"],"picked":"SKIP","floor":27},{"not_picked":["Coolheaded+1","Sweeping Beam+1","Heatsinks"],"picked":"SKIP","floor":28},{"not_picked":["Steam+1","Defragment","Heatsinks+1"],"picked":"SKIP","floor":28},{"not_picked":["Genetic Algorithm+1","Melter","Turbo+1"],"picked":"SKIP","floor":29},{"not_picked":["Amplify+1","Buffer"],"picked":"Creative AI","floor":33},{"not_picked":["Rebound+1","Barrage"],"picked":"Hologram+1","floor":35},{"not_picked":["Reinforced Body+1","Defragment","Genetic Algorithm+1"],"picked":"SKIP","floor":35},{"not_picked":["Compile Driver+1","Sweeping Beam+1","Coolheaded+1"],"picked":"SKIP","floor":36},{"not_picked":["Sweeping Beam+1","Leap+1","Beam Cell+1"],"picked":"SKIP","floor":36},{"not_picked":["Gash","Cold Snap"],"picked":"Self Repair+1","floor":39},{"not_picked":["Sweeping Beam+1","Darkness+1"],"picked":"Consume+1","floor":39},{"not_picked":["Hello World","BootSequence+1"],"picked":"Undo+1","floor":41},{"not_picked":["Sweeping Beam+1","Undo+1"],"picked":"Turbo+1","floor":41},{"not_picked":["Gash+1","Steam Power+1"],"picked":"White Noise+1","floor":42},{"not_picked":["Compile Driver","Steam Power+1","Static Discharge"],"picked":"SKIP","floor":42},{"not_picked":["Rebound+1","Blizzard+1"],"picked":"Recycle+1","floor":44},{"not_picked":["Bandage Up+1","Impatience+1"],"picked":"Trip+1","floor":46},{"not_picked":["Impatience+1","Blind+1"],"picked":"Metamorphosis+1","floor":46},{"not_picked":["HandOfGreed","Bandage Up+1"],"picked":"Discovery+1","floor":46},{"not_picked":["Compile Driver","Doom and Gloom+1"],"picked":"Cold Snap","floor":47},{"not_picked":["Capacitor","Cold Snap+1","Loop"],"picked":"SKIP","floor":47},{"not_picked":["Steam+1","Force Field+1"],"picked":"Chaos+1","floor":48},{"not_picked":["Fusion+1","Lockon","Loop"],"picked":"SKIP","floor":48},{"not_picked":["Recycle+1","Loop+1"],"picked":"FTL+1","floor":54}],"player_experience":83584,"relics_obtained":[{"floor":6,"key":"Toxic Egg 2"},{"floor":9,"key":"Letter Opener"},{"floor":14,"key":"Boot"},{"floor":23,"key":"Prayer Wheel"},{"floor":26,"key":"Pear"},{"floor":29,"key":"Pocketwatch"},{"floor":44,"key":"Orichalcum"},{"floor":54,"key":"Nunchaku"}],"event_choices":[{"cards_removed":["Strike_B"],"damage_healed":0,"gold_gain":0,"player_choice":"Card Removal","damage_taken":0,"max_hp_gain":0,"max_hp_loss":0,"event_name":"The Cleric","floor":2,"gold_loss":50},{"damage_healed":20,"gold_gain":0,"player_choice":"Healed and dodged fight","damage_taken":0,"max_hp_gain":0,"max_hp_loss":0,"event_name":"Mushrooms","floor":8,"gold_loss":0,"cards_obtained":["Parasite"]},{"damage_healed":0,"gold_gain":0,"player_choice":"Gave Potion","damage_taken":0,"relics_obtained":["Meat on the Bone"],"max_hp_gain":0,"max_hp_loss":0,"event_name":"WeMeetAgain","floor":12,"gold_loss":0},{"damage_healed":0,"gold_gain":0,"player_choice":"Opened","damage_taken":0,"relics_obtained":["Darkstone Periapt"],"max_hp_gain":0,"max_hp_loss":0,"event_name":"The Mausoleum","floor":19,"gold_loss":0},{"damage_healed":0,"gold_gain":0,"cards_transformed":["Biased Cognition","Capacitor"],"player_choice":"Became Test Subject","damage_taken":0,"max_hp_gain":0,"max_hp_loss":0,"event_name":"Drug Dealer","floor":20,"gold_loss":0,"cards_obtained":["Double Energy","Beam Cell"]},{"damage_healed":0,"gold_gain":0,"player_choice":"Ignored","damage_taken":0,"max_hp_gain":0,"max_hp_loss":0,"event_name":"Ghosts","floor":24,"gold_loss":0},{"damage_healed":0,"gold_gain":0,"player_choice":"Trade","damage_taken":0,"relics_obtained":["FaceOfCleric"],"max_hp_gain":0,"max_hp_loss":0,"event_name":"FaceTrader","floor":31,"gold_loss":0},{"damage_healed":0,"gold_gain":0,"player_choice":"Embrace Madness","damage_taken":12,"max_hp_gain":0,"max_hp_loss":0,"event_name":"Winding Halls","floor":37,"gold_loss":0,"cards_obtained":["Madness","Madness"]},{"cards_removed":["Creative AI"],"damage_healed":0,"gold_gain":0,"player_choice":"Removed Power","damage_taken":0,"max_hp_gain":0,"max_hp_loss":0,"event_name":"Falling","floor":45,"gold_loss":0},{"damage_healed":0,"gold_gain":0,"player_choice":"Memory 3","damage_taken":10,"max_hp_gain":0,"max_hp_loss":0,"event_name":"SensoryStone","floor":46,"gold_loss":0}],"is_beta":true,"boss_relics":[{"not_picked":["Empty Cage","Nuclear Battery"],"picked":"Pandora\u0027s Box"},{"not_picked":["Tiny House","Inserter"],"picked":"Runic Pyramid"}],"items_purged_floors":[11,21],"is_endless":false,"potions_floor_spawned":[5,6,13,14,16,23,27,29,33,41,44,47],"killed_by":"The Heart","ascension_level":3}