{"path_per_floor":["M","?","?","M","M","R","E","?","T","M","E","$","M","M","R","B",null,"M","?","M","M","?","R","M","R","T","E","$","M","R","M","R"],"character_chosen":"THE_SILENT","items_purchased":["Accuracy","Trip","Vajra","Noxious Fumes"],"gold_per_floor":[116,191,191,203,213,213,242,242,242,262,289,108,122,137,137,232,232,251,251,271,285,285,285,300,300,300,326,49,66,66,79,79,79],"floor_reached":33,"campfire_rested":6,"playtime":2207,"item_purchase_floors":[12,12,28,28],"current_hp_per_floor":[70,59,34,34,34,55,15,70,70,63,49,49,25,7,28,28,70,48,48,48,29,13,34,14,35,35,1,1,1,22,10,31,0],"items_purged":["Strike_G","Strike_G"],"gold":79,"score":395,"play_id":"259a327b-2164-4aa0-a41c-f59f0b3cf1ba","local_time":"20180618094144","is_prod":false,"is_daily":false,"chose_seed":false,"is_ascension_mode":true,"campfire_upgraded":0,"win_rate":0,"timestamp":1529329304,"campfire_choices":[{"floor":6,"key":"REST"},{"floor":15,"key":"REST"},{"floor":23,"key":"REST"},{"floor":25,"key":"REST"},{"floor":30,"key":"REST"},{"floor":32,"key":"REST"}],"path_taken":["M","?","?","?","M","R","E","?","T","M","E","$","M","M","R","BOSS","M","?","?","?","?","R","M","R","T","E","$","M","R","M","R","BOSS"],"build_version":"2018-06-14v2","seed_source_timestamp":366423951366466,"purchased_purges":2,"victory":false,"master_deck":["Defend_G","Defend_G","Defend_G","Defend_G","Defend_G","Strike_G","Strike_G","Strike_G","Survivor","Neutralize","Dagger Spray","Accuracy","After Image","Infinite Blades","Blade Dance+1","Accuracy","Trip","Backflip","Deflect","A Thousand Cuts","Backflip+1","Dodge and Roll","Footwork","Necronomicurse","Storm of Steel","Noxious Fumes","Cloak And Dagger"],"max_hp_per_floor":[70,70,70,70,70,70,70,70,70,70,70,70,70,70,70,70,70,70,70,70,70,70,70,70,70,70,70,70,70,70,70,70,70],"relics":["Ring of the Snake","NeowsBlessing","Smiling Mask","Paper Crane","Ornamental Fan","Shuriken","Sozu","War Paint","Necronomicon","Gambling Chip","Art of War","Vajra"],"card_choices":[{"not_picked":["Sucker Punch","Bane"],"picked":"Dagger Spray","floor":1},{"not_picked":["Blur","Masterful Stab"],"picked":"Accuracy","floor":4},{"not_picked":["Backflip","Outmaneuver"],"picked":"Bouncing Flask","floor":5},{"not_picked":["Outmaneuver","Sucker Punch"],"picked":"After Image","floor":7},{"not_picked":["Quick Slash","Backflip"],"picked":"Infinite Blades","floor":10},{"not_picked":["Endless Agony","Prepared"],"picked":"Blade Dance","floor":11},{"not_picked":["Outmaneuver","Masterful Stab"],"picked":"Backflip","floor":13},{"not_picked":["Poisoned Stab","Flechettes"],"picked":"Deflect","floor":14},{"not_picked":["Storm of Steel","Phantasmal Killer"],"picked":"A Thousand Cuts","floor":16},{"not_picked":["Prepared","Dodge and Roll"],"picked":"Backflip","floor":18},{"not_picked":["Dagger Spray","Slice"],"picked":"Dodge and Roll","floor":20},{"not_picked":["Blur","Underhanded Strike"],"picked":"Footwork","floor":21},{"not_picked":["Poisoned Stab","Deflect"],"picked":"Storm of Steel","floor":24},{"not_picked":["Skewer+1","Outmaneuver","Prepared+1"],"picked":"SKIP","floor":27},{"not_picked":["Reflex","Prepared","Quick Slash+1"],"picked":"SKIP","floor":29},{"not_picked":["Quick Slash","Acrobatics"],"picked":"Cloak And Dagger","floor":31}],"player_experience":627341,"potions_floor_usage":[11,14],"damage_taken":[{"damage":0,"enemies":"Small Slimes","floor":1,"turns":1},{"damage":0,"enemies":"Jaw Worm","floor":4,"turns":1},{"damage":0,"enemies":"2 Louse","floor":5,"turns":1},{"damage":40,"enemies":"3 Sentries","floor":7,"turns":9},{"damage":7,"enemies":"2 Fungi Beasts","floor":10,"turns":5},{"damage":14,"enemies":"Lagavulin","floor":11,"turns":8},{"damage":24,"enemies":"3 Louse","floor":13,"turns":3},{"damage":23,"enemies":"Exordium Thugs","floor":14,"turns":6},{"damage":0,"enemies":"Hexaghost","floor":16,"turns":7},{"damage":22,"enemies":"Spheric Guardian","floor":18,"turns":6},{"damage":0,"enemies":"Shell Parasite","floor":20,"turns":6},{"damage":19,"enemies":"Sentry and Sphere","floor":21,"turns":5},{"damage":20,"enemies":"Snake Plant","floor":24,"turns":6},{"damage":34,"enemies":"Book of Stabbing","floor":27,"turns":6},{"damage":0,"enemies":"Snecko","floor":29,"turns":5},{"damage":12,"enemies":"3 Cultists","floor":31,"turns":6},{"damage":34,"enemies":"Automaton","floor":33,"turns":4}],"relics_obtained":[{"floor":7,"key":"Paper Crane"},{"floor":9,"key":"Ornamental Fan"},{"floor":11,"key":"Shuriken"},{"floor":22,"key":"Necronomicon"},{"floor":26,"key":"Gambling Chip"},{"floor":27,"key":"Art of War"}],"event_choices":[{"event_name":"World of Goop","player_choice":"Gather Gold","floor":2,"damage_taken":0},{"event_name":"Scrap Ooze","player_choice":"success","floor":3,"damage_taken":25},{"event_name":"Bonfire Elementals","player_choice":"UNCOMMON","floor":8,"damage_taken":0},{"event_name":"The Mausoleum","player_choice":"Yes","floor":19,"damage_taken":0},{"event_name":"Cursed Tome","player_choice":"Obtained Book","floor":22,"damage_taken":0}],"boss_relics":[{"not_picked":["Pandora\u0027s Box","Philosopher\u0027s Stone"],"picked":"Sozu"}],"items_purged_floors":[12,28],"is_endless":false,"potions_floor_spawned":[4,10,11,13,14,18,21,24,31],"seed_played":"-2816524343365197158","killed_by":"Automaton","ascension_level":4,"potions_obtained":[{"floor":4,"key":"Dexterity Potion"},{"floor":10,"key":"SpeedPotion"},{"floor":11,"key":"Poison Potion"},{"floor":13,"key":"Regen Potion"},{"floor":14,"key":"SpeedPotion"}],"is_trial":false}