{"gold_per_floor":[114,125,125,0,0,33,33,61,88,119,133,133,133,149,149,222,222,236,0,50,67,67],"floor_reached":22,"playtime":1223,"items_purged":[],"score":454,"play_id":"589b92b1-ae09-45c9-b670-90b0f12d3d48","local_time":"20190107154351","is_ascension_mode":true,"campfire_choices":[{"data":"Neutralize","floor":7.0,"key":"SMITH"},{"data":"Footwork","floor":12.0,"key":"SMITH"},{"data":"Deadly Poison","floor":15.0,"key":"SMITH"}],"neow_cost":"NONE","seed_source_timestamp":0,"circlet_count":0,"master_deck":["AscendersBane","Defend_G","Defend_G","Defend_G","Defend_G","Defend_G","Strike_G","Strike_G","Strike_G","Strike_G","Survivor","Neutralize+1","Slice","Deadly Poison+1","Footwork+1","Finisher","Deadly Poison","Infinite Blades","Die Die Die","Wraith Form v2","Footwork"],"special_seed":0,"relics":["Ring of the Snake","NeowsBlessing","Smiling Mask","Pocketwatch","Centennial Puzzle","Torii","Runic Pyramid"],"potions_floor_usage":[],"damage_taken":[{"damage":0.0,"enemies":"2 Louse","floor":1.0,"turns":1.0},{"damage":0.0,"enemies":"Cultist","floor":2.0,"turns":1.0},{"damage":0.0,"enemies":"3 Sentries","floor":6.0,"turns":1.0},{"damage":12.0,"enemies":"Lagavulin","floor":8.0,"turns":7.0},{"damage":18.0,"enemies":"3 Sentries","floor":10.0,"turns":10.0},{"damage":1.0,"enemies":"Small Slimes","floor":11.0,"turns":4.0},{"damage":0.0,"enemies":"2 Fungi Beasts","floor":14.0,"turns":2.0},{"damage":3.0,"enemies":"Hexaghost","floor":16.0,"turns":9.0},{"damage":14.0,"enemies":"3 Byrds","floor":18.0,"turns":6.0},{"damage":4,"enemies":"Shell Parasite","floor":21,"turns":5},{"damage":58,"enemies":"3 Cultists","floor":22,"turns":6}],"seed_played":"1283959537354727712","potions_obtained":[{"floor":2.0,"key":"Dexterity Potion"},{"floor":6.0,"key":"SpeedPotion"},{"floor":11.0,"key":"Weak Potion"},{"floor":16.0,"key":"Regen Potion"}],"is_trial":false,"path_per_floor":["M","M","?","$","?","E","R","E","T","E","M","R","?","M","R","B",null,"M","?","?","M","M"],"character_chosen":"THE_SILENT","items_purchased":["Footwork","Finisher"],"campfire_rested":0,"item_purchase_floors":[4,4],"current_hp_per_floor":[59,59,64,64,64,64,64,52,52,34,33,33,33,33,33,30,61,62,62,62,58,0],"gold":67,"neow_bonus":"THREE_ENEMY_KILL","is_prod":false,"is_daily":false,"chose_seed":false,"campfire_upgraded":3,"win_rate":0,"timestamp":1546872231,"path_taken":["M","M","?","$","?","E","R","E","T","E","?","R","?","M","R","BOSS","M","?","?","M","M"],"build_version":"2019-01-03v4","purchased_purges":0,"victory":false,"max_hp_per_floor":[66,66,71,71,71,71,71,71,71,71,71,71,71,71,71,71,71,71,71,71,71,71],"card_choices":[{"not_picked":["Outmaneuver","Deflect"],"picked":"Slice","floor":1.0},{"not_picked":["Deflect","Flechettes"],"picked":"Deadly Poison","floor":2.0},{"not_picked":["Flying Knee","Deflect"],"picked":"Deadly Poison","floor":6.0},{"not_picked":["Outmaneuver","Cloak And Dagger","Dagger Throw"],"picked":"SKIP","floor":8.0},{"not_picked":["Bane","Blur"],"picked":"Infinite Blades","floor":10.0},{"not_picked":["Deadly Poison","Outmaneuver"],"picked":"Die Die Die","floor":11.0},{"not_picked":["Heel Hook","Dagger Spray","Flechettes"],"picked":"SKIP","floor":14.0},{"not_picked":["Die Die Die","Storm of Steel"],"picked":"Wraith Form v2","floor":16.0},{"not_picked":["Blade Dance+1","Sucker Punch+1"],"picked":"Footwork","floor":18.0},{"not_picked":["Bane","Poisoned Stab","Quick Slash"],"picked":"SKIP","floor":21}],"player_experience":1841751,"relics_obtained":[{"floor":6.0,"key":"Smiling Mask"},{"floor":8.0,"key":"Pocketwatch"},{"floor":9.0,"key":"Centennial Puzzle"},{"floor":10.0,"key":"Torii"}],"event_choices":[{"damage_healed":0.0,"max_hp_gain":5.0,"max_hp_loss":0.0,"gold_gain":0.0,"event_name":"Big Fish","player_choice":"Donut","floor":3.0,"gold_loss":0.0,"damage_taken":0.0},{"cards_removed":["Strike_G"],"damage_healed":0.0,"max_hp_gain":0.0,"max_hp_loss":0.0,"gold_gain":0.0,"event_name":"Purifier","player_choice":"Purged","floor":5.0,"gold_loss":0.0,"damage_taken":0.0},{"damage_healed":0.0,"max_hp_gain":0.0,"max_hp_loss":0.0,"gold_gain":0.0,"event_name":"Golden Idol","player_choice":"Ignored","floor":13.0,"gold_loss":0.0,"damage_taken":0.0},{"damage_healed":0,"gold_gain":0,"player_choice":"Paid Fearfully","damage_taken":0,"max_hp_gain":0,"max_hp_loss":0,"event_name":"Masked Bandits","floor":19,"gold_loss":236},{"damage_healed":0,"gold_gain":50,"player_choice":"Stole From Cult","damage_taken":0,"max_hp_gain":0,"max_hp_loss":0,"event_name":"Nest","floor":20,"gold_loss":0}],"is_beta":false,"boss_relics":[{"not_picked":["White Beast Statue","Eternal Feather"],"picked":"Runic Pyramid"}],"items_purged_floors":[],"is_endless":false,"potions_floor_spawned":[2,6,11,16],"killed_by":"3 Cultists","ascension_level":20}