{"gold_per_floor":[112,187,187,204,154,154,168,178,178,192,192,209,209,241,241,336,336,348,368,87,87,87,87,87,87,87,87,99,109,144,163,163,262,262,276,8,8,21,21,21,32,32,101,101,118,118,133,150,150,150],"floor_reached":51,"playtime":1747,"items_purged":["Strike_R"],"score":676,"play_id":"fb98975f-4e1e-4b81-a479-bc900eee9c2b","local_time":"20190210032322","is_ascension_mode":false,"campfire_choices":[{"data":"Bash","floor":6,"key":"SMITH"},{"data":"Inflame","floor":11,"key":"SMITH"},{"data":"Shrug It Off","floor":13,"key":"SMITH"},{"floor":15,"key":"REST"},{"data":"Flame Barrier","floor":23,"key":"SMITH"},{"data":"Heavy Blade","floor":25,"key":"SMITH"},{"data":"Demon Form","floor":32,"key":"SMITH"},{"data":"Blind","floor":40,"key":"SMITH"},{"data":"Double Tap","floor":42,"key":"SMITH"},{"data":"Metallicize","floor":44,"key":"SMITH"},{"data":"Clothesline","floor":46,"key":"SMITH"},{"floor":49,"key":"REST"}],"neow_cost":"NONE","seed_source_timestamp":1531228855935339,"circlet_count":0,"master_deck":["Strike_R","Strike_R","Strike_R","Defend_R","Defend_R","Defend_R","Defend_R","Bash+1","Metallicize+1","Inflame+1","Shrug It Off+1","Pommel Strike","Battle Trance","Heavy Blade+1","Limit Break+1","Whirlwind+1","Clothesline+1","Flame Barrier+1","Demon Form+1","Infernal Blade+1","Double Tap+1","Shrug It Off+1","Blind+1","Warcry+1"],"relics":["Burning Blood","Red Skull","Art of War","Ornamental Fan","Mark of Pain","Tiny Chest","The Courier","Gremlin Horn","Red Mask","White Beast Statue","Bottled Tornado","Pantograph"],"potions_floor_usage":[14,16,21,30,41,50,50,50],"damage_taken":[{"damage":6,"enemies":"Jaw Worm","floor":1,"turns":3},{"damage":3,"enemies":"Small Slimes","floor":4,"turns":4},{"damage":1,"enemies":"Cultist","floor":7,"turns":4},{"damage":7,"enemies":"2 Fungi Beasts","floor":8,"turns":4},{"damage":29,"enemies":"Exordium Thugs","floor":10,"turns":5},{"damage":3,"enemies":"3 Louse","floor":12,"turns":3},{"damage":30,"enemies":"Lagavulin","floor":14,"turns":6},{"damage":32,"enemies":"Slime Boss","floor":16,"turns":8},{"damage":28,"enemies":"3 Byrds","floor":18,"turns":7},{"damage":10,"enemies":"Shell Parasite","floor":19,"turns":5},{"damage":0,"enemies":"Shelled Parasite and Fungi","floor":21,"turns":1},{"damage":4,"enemies":"Sentry and Sphere","floor":28,"turns":6},{"damage":24,"enemies":"Snake Plant","floor":29,"turns":4},{"damage":2,"enemies":"Masked Bandits","floor":30,"turns":3},{"damage":12,"enemies":"3 Cultists","floor":31,"turns":5},{"damage":36,"enemies":"Automaton","floor":33,"turns":7},{"damage":25,"enemies":"3 Darklings","floor":35,"turns":5},{"damage":4,"enemies":"Orb Walker","floor":38,"turns":4},{"damage":5,"enemies":"Sphere and 2 Shapes","floor":41,"turns":8},{"damage":24,"enemies":"Spire Growth","floor":45,"turns":5},{"damage":11,"enemies":"Maw","floor":47,"turns":6},{"damage":18,"enemies":"Transient","floor":48,"turns":5},{"damage":64,"enemies":"Donu and Deca","floor":50,"turns":6}],"seed_played":"6946015011752684419","potions_obtained":[{"floor":10,"key":"LiquidBronze"},{"floor":12,"key":"SkillPotion"},{"floor":16,"key":"SmokeBomb"},{"floor":28,"key":"Strength Potion"},{"floor":35,"key":"PowerPotion"},{"floor":38,"key":"Block Potion"},{"floor":41,"key":"Regen Potion"},{"floor":45,"key":"Dexterity Potion"},{"floor":47,"key":"Strength Potion"}],"is_trial":false,"path_per_floor":["M","?","?","M","?","R","M","M","T","M","R","M","R","E","R","B",null,"M","M","$","M","?","R","T","R","T","?","M","M","?","M","R","B",null,"M","$","?","M","$","R","M","R","T","R","M","R","M","M","R","B",null],"character_chosen":"IRONCLAD","items_purchased":["Flame Barrier","Tiny Chest","Bottled Tornado","Blind"],"campfire_rested":2,"item_purchase_floors":[20,20,36,36],"current_hp_per_floor":[80,69,74,77,77,77,82,81,81,58,58,61,61,37,62,36,85,63,59,59,65,65,65,65,65,65,65,67,49,53,47,47,17,85,66,66,66,68,68,68,69,69,69,69,51,51,46,34,59,40],"gold":150,"neow_bonus":"RANDOM_COMMON_RELIC","is_prod":false,"is_daily":false,"chose_seed":false,"campfire_upgraded":10,"win_rate":0,"timestamp":1549736602,"path_taken":["M","?","?","M","?","R","M","M","T","M","R","M","R","E","R","BOSS","M","M","$","M","?","R","?","R","T","?","?","M","?","M","R","BOSS","M","$","?","M","?","R","M","R","T","R","M","R","M","M","R","BOSS"],"build_version":"2019-01-23","purchased_purges":1,"victory":true,"max_hp_per_floor":[80,80,85,85,85,85,85,85,85,85,85,85,85,85,85,85,85,85,85,85,85,85,85,85,85,85,85,85,85,85,85,85,85,85,85,85,85,85,85,85,85,85,85,85,85,85,85,85,85,85],"card_choices":[{"not_picked":["True Grit","Clothesline"],"picked":"Metallicize","floor":1},{"not_picked":["Body Slam","Twin Strike"],"picked":"Inflame","floor":4},{"not_picked":["Clash","Anger"],"picked":"Shrug It Off","floor":7},{"not_picked":["Twin Strike","Disarm","Havoc"],"picked":"SKIP","floor":8},{"not_picked":["Clash","Armaments"],"picked":"Pommel Strike","floor":10},{"not_picked":["Combust","Cleave"],"picked":"Battle Trance","floor":12},{"not_picked":["Dropkick","Pommel Strike"],"picked":"Heavy Blade","floor":14},{"not_picked":["Barricade","Brutality"],"picked":"Limit Break","floor":16},{"not_picked":["Pommel Strike","Shockwave+1"],"picked":"Whirlwind+1","floor":18},{"not_picked":["Havoc","Sword Boomerang"],"picked":"Clothesline","floor":19},{"not_picked":["Armaments","Headbutt"],"picked":"Demon Form","floor":28},{"not_picked":["Bloodletting+1","Intimidate","Hemokinesis"],"picked":"SKIP","floor":29},{"not_picked":["Warcry+1","Pommel Strike+1"],"picked":"Infernal Blade+1","floor":31},{"not_picked":["Offering","Bludgeon"],"picked":"Double Tap","floor":33},{"not_picked":["Perfected Strike","Cleave"],"picked":"Shrug It Off+1","floor":35},{"not_picked":["Spot Weakness","Havoc+1","Sword Boomerang+1"],"picked":"SKIP","floor":38},{"not_picked":["Second Wind","Anger+1","Clash+1"],"picked":"SKIP","floor":41},{"not_picked":["Burning Pact","Carnage","Spot Weakness+1"],"picked":"SKIP","floor":45},{"not_picked":["Body Slam","Fiend Fire"],"picked":"Warcry+1","floor":47},{"not_picked":["True Grit+1","Cleave","Body Slam+1"],"picked":"SKIP","floor":48}],"player_experience":509320,"relics_obtained":[{"floor":9,"key":"Art of War"},{"floor":14,"key":"Ornamental Fan"},{"floor":24,"key":"The Courier"},{"floor":26,"key":"Gremlin Horn"},{"floor":30,"key":"Red Mask"},{"floor":43,"key":"Pantograph"}],"event_choices":[{"damage_healed":0,"gold_gain":75,"player_choice":"Gather Gold","damage_taken":11,"max_hp_gain":0,"max_hp_loss":0,"event_name":"World of Goop","floor":2,"gold_loss":0},{"damage_healed":0,"gold_gain":0,"player_choice":"Donut","damage_taken":0,"max_hp_gain":5,"max_hp_loss":0,"event_name":"Big Fish","floor":3,"gold_loss":0},{"cards_removed":["Strike_R"],"damage_healed":0,"gold_gain":0,"player_choice":"Card Removal","damage_taken":0,"max_hp_gain":0,"max_hp_loss":0,"event_name":"The Cleric","floor":5,"gold_loss":50},{"damage_healed":0,"gold_gain":0,"player_choice":"Ignored","damage_taken":0,"max_hp_gain":0,"max_hp_loss":0,"event_name":"Vampires","floor":22,"gold_loss":0},{"damage_healed":0,"gold_gain":0,"player_choice":"Forge","damage_taken":0,"max_hp_gain":0,"max_hp_loss":0,"event_name":"Accursed Blacksmith","floor":27,"gold_loss":0,"cards_upgraded":["Limit Break"]},{"damage_healed":0,"gold_gain":0,"player_choice":"Fought Bandits","damage_taken":0,"max_hp_gain":0,"max_hp_loss":0,"event_name":"Masked Bandits","floor":30,"gold_loss":0},{"damage_healed":0,"gold_gain":0,"player_choice":"Ignored","damage_taken":0,"max_hp_gain":0,"max_hp_loss":0,"event_name":"SecretPortal","floor":37,"gold_loss":0}],"is_beta":false,"boss_relics":[{"not_picked":["Runic Pyramid","Busted Crown"],"picked":"Mark of Pain"},{"not_picked":["Tiny House","Lizard Tail"],"picked":"White Beast Statue"}],"items_purged_floors":[20],"is_endless":false,"potions_floor_spawned":[10,12,16,21,28,35,38,41,45,47,48],"ascension_level":0}