{"gold_per_floor":[115,115,65,65,83,108,108,123,123,136,501,516,516,544,544,544],"floor_reached":16,"playtime":1035,"items_purged":[],"score":121,"play_id":"65e84e46-b604-4f79-92a2-9a581f7de82c","local_time":"20190209082908","is_ascension_mode":true,"campfire_choices":[{"data":"Neutralize","floor":7,"key":"SMITH"},{"data":"Sucker Punch","floor":15,"key":"SMITH"}],"neow_cost":"NONE","seed_source_timestamp":2705924534838399,"circlet_count":0,"master_deck":["Defend_G","Defend_G","Defend_G","Defend_G","Defend_G","Strike_G","Strike_G","Strike_G","Strike_G","Survivor","Neutralize+1","Backstab","Backflip","Footwork","Dagger Throw","Escape Plan","Sucker Punch+1"],"relics":["Ring of the Snake","Orichalcum","Thread and Needle","Du-Vu Doll","Turnip","Prayer Wheel","Old Coin","Frozen Egg 2","Shuriken"],"potions_floor_usage":[6,16,16],"damage_taken":[{"damage":0,"enemies":"Cultist","floor":1,"turns":4},{"damage":0,"enemies":"Jaw Worm","floor":5,"turns":4},{"damage":21,"enemies":"Gremlin Nob","floor":6,"turns":5},{"damage":0,"enemies":"2 Louse","floor":8,"turns":2},{"damage":0,"enemies":"Exordium Wildlife","floor":10,"turns":4},{"damage":14,"enemies":"Lagavulin Event","floor":11,"turns":11},{"damage":0,"enemies":"Lots of Slimes","floor":12,"turns":4},{"damage":3,"enemies":"Lagavulin","floor":14,"turns":8},{"damage":29,"enemies":"Slime Boss","floor":16,"turns":8}],"seed_played":"2779455790207795953","potions_obtained":[{"floor":1,"key":"Explosive Potion"},{"floor":11,"key":"Swift Potion"},{"floor":12,"key":"Dexterity Potion"}],"is_trial":false,"path_per_floor":["M","T","?","?","M","E","R","M","T","M","?","M","T","E","R","B"],"character_chosen":"THE_SILENT","items_purchased":[],"campfire_rested":0,"item_purchase_floors":[],"current_hp_per_floor":[70,70,70,67,67,46,46,46,46,46,32,32,32,29,29,0],"gold":544,"neow_bonus":"RANDOM_COMMON_RELIC","is_prod":false,"is_daily":false,"chose_seed":false,"campfire_upgraded":2,"win_rate":0,"timestamp":1549722548,"path_taken":["M","?","?","?","?","E","R","?","T","M","?","M","?","E","R","BOSS"],"build_version":"2019-02-06","purchased_purges":0,"victory":false,"max_hp_per_floor":[70,70,70,70,70,70,70,70,70,70,70,70,70,70,70,70],"card_choices":[{"not_picked":["Endless Agony","Acrobatics"],"picked":"Backstab","floor":1},{"not_picked":["Accuracy","Acrobatics"],"picked":"Backflip","floor":5},{"not_picked":["Glass Knife","Well Laid Plans"],"picked":"Footwork","floor":6},{"not_picked":["Bane","Catalyst","Slice"],"picked":"SKIP","floor":8},{"not_picked":["Bane","Quick Slash"],"picked":"Dagger Throw","floor":10},{"not_picked":["Finisher","Deflect","PiercingWail"],"picked":"SKIP","floor":10},{"not_picked":["Outmaneuver","Slice"],"picked":"Escape Plan","floor":11},{"not_picked":["Slice","Envenom"],"picked":"Sucker Punch","floor":12},{"not_picked":["Acrobatics","Deflect","Quick Slash"],"picked":"SKIP","floor":12},{"not_picked":["Outmaneuver","Bane","Sucker Punch"],"picked":"SKIP","floor":14}],"player_experience":53307,"relics_obtained":[{"floor":2,"key":"Thread and Needle"},{"floor":6,"key":"Turnip"},{"floor":9,"key":"Prayer Wheel"},{"floor":11,"key":"Old Coin"},{"floor":13,"key":"Frozen Egg 2"},{"floor":14,"key":"Shuriken"}],"event_choices":[{"cards_removed":["Strike_G"],"damage_healed":0,"gold_gain":0,"player_choice":"Card Removal","damage_taken":0,"max_hp_gain":0,"max_hp_loss":0,"event_name":"The Cleric","floor":3,"gold_loss":50},{"damage_healed":0,"gold_gain":0,"player_choice":"Success","damage_taken":3,"relics_obtained":["Du-Vu Doll"],"max_hp_gain":0,"max_hp_loss":0,"event_name":"Scrap Ooze","floor":4,"gold_loss":0},{"damage_healed":0,"gold_gain":0,"player_choice":"Searched \u00271\u0027 times","damage_taken":0,"max_hp_gain":0,"max_hp_loss":0,"event_name":"Dead Adventurer","floor":11,"gold_loss":0}],"is_beta":true,"boss_relics":[],"items_purged_floors":[],"is_endless":false,"potions_floor_spawned":[1,11,12],"killed_by":"Slime Boss","ascension_level":2}