{"gold_per_floor":[113,113,126,126,51,51,76,110,165,165,9,9,27,45,45,168,168,187,212,212,212],"floor_reached":21,"playtime":734,"items_purged":["Strike_R"],"score":179,"play_id":"069cebf5-83ba-4caa-a70c-527195bc2232","local_time":"20181120214002","is_ascension_mode":false,"campfire_choices":[{"data":"Bash","floor":6,"key":"SMITH"},{"data":"Bludgeon","floor":12,"key":"SMITH"},{"floor":15,"key":"REST"}],"neow_cost":"NONE","seed_source_timestamp":252283448098656,"circlet_count":0,"master_deck":["Strike_R","Strike_R","Defend_R","Defend_R","Defend_R","Defend_R","Bash+1","Heavy Blade","Injury","Armaments","Heavy Blade","Bludgeon+1","Inflame","True Grit","Feed","Rage","Intimidate"],"relics":["Burning Blood","Juzu Bracelet","Bloody Idol","Strawberry","Tiny Chest","Anchor","Eternal Feather"],"potions_floor_usage":[8,16,16,18],"damage_taken":[{"damage":6,"enemies":"Cultist","floor":1,"turns":3},{"damage":6,"enemies":"Jaw Worm","floor":3,"turns":3},{"damage":5,"enemies":"Small Slimes","floor":7,"turns":3},{"damage":39,"enemies":"3 Sentries","floor":8,"turns":10},{"damage":5,"enemies":"Exordium Wildlife","floor":13,"turns":4},{"damage":0,"enemies":"Looter","floor":14,"turns":2},{"damage":63,"enemies":"Hexaghost","floor":16,"turns":11},{"damage":16,"enemies":"2 Thieves","floor":18,"turns":4},{"damage":27,"enemies":"Spheric Guardian","floor":19,"turns":4},{"damage":64,"enemies":"3 Cultists","floor":21,"turns":5}],"seed_played":"8398808515677915604","potions_obtained":[{"floor":7,"key":"AttackPotion"},{"floor":13,"key":"Weak Potion"},{"floor":14,"key":"BloodPotion"},{"floor":16,"key":"AttackPotion"}],"is_trial":false,"path_per_floor":["M","?","M","?","$","R","M","E","T","?","$","R","M","M","R","B",null,"M","M","?","M"],"character_chosen":"IRONCLAD","items_purchased":["Anchor"],"campfire_rested":1,"item_purchase_floors":[11],"current_hp_per_floor":[80,80,80,80,80,80,80,54,54,47,47,47,48,54,80,31,87,77,56,56,0],"gold":212,"neow_bonus":"RANDOM_COMMON_RELIC","is_prod":false,"is_daily":false,"chose_seed":false,"campfire_upgraded":2,"win_rate":0,"timestamp":1542768002,"path_taken":["M","?","M","?","$","R","M","E","T","?","?","R","M","M","R","BOSS","M","M","?","M"],"build_version":"2018-11-15","purchased_purges":1,"victory":false,"max_hp_per_floor":[80,80,80,80,80,80,80,87,87,87,87,87,87,87,87,87,87,87,87,87,87],"card_choices":[{"not_picked":["Twin Strike","Power Through"],"picked":"Heavy Blade","floor":1},{"not_picked":["Searing Blow","Seeing Red"],"picked":"Armaments","floor":3},{"not_picked":["Clash","True Grit"],"picked":"Heavy Blade","floor":7},{"not_picked":["Perfected Strike","Second Wind"],"picked":"Bludgeon","floor":8},{"not_picked":["Anger","Iron Wave"],"picked":"Inflame","floor":13},{"not_picked":["Dropkick","Clash"],"picked":"True Grit","floor":14},{"not_picked":["Double Tap","Barricade"],"picked":"Feed","floor":16},{"not_picked":["Warcry","Twin Strike"],"picked":"Rage","floor":18},{"not_picked":["Headbutt","Havoc+1"],"picked":"Intimidate","floor":19}],"player_experience":1740396,"relics_obtained":[{"floor":8,"key":"Strawberry"},{"floor":9,"key":"Tiny Chest"}],"event_choices":[{"damage_healed":0,"gold_gain":0,"player_choice":"Take Wound","damage_taken":0,"relics_obtained":["Golden Idol"],"max_hp_gain":0,"max_hp_loss":0,"event_name":"Golden Idol","floor":2,"gold_loss":0,"cards_obtained":["Injury"]},{"cards_removed":["Strike_R"],"damage_healed":0,"gold_gain":0,"player_choice":"Forget","damage_taken":0,"max_hp_gain":0,"max_hp_loss":0,"event_name":"Living Wall","floor":4,"gold_loss":0},{"cards_removed":["Strike_R"],"damage_healed":0,"gold_gain":0,"player_choice":"Card Removal","damage_taken":7,"max_hp_gain":0,"max_hp_loss":0,"event_name":"Golden Wing","floor":10,"gold_loss":0},{"damage_healed":0,"gold_gain":0,"player_choice":"Gave Idol","damage_taken":0,"relics_obtained":["Bloody Idol"],"max_hp_gain":0,"max_hp_loss":0,"event_name":"Forgotten Altar","floor":20,"relics_lost":["Golden Idol"],"gold_loss":0}],"is_beta":false,"boss_relics":[{"not_picked":["Pandora\u0027s Box","Coffee Dripper"],"picked":"Eternal Feather"}],"items_purged_floors":[5],"is_endless":false,"potions_floor_spawned":[7,13,14,16],"killed_by":"3 Cultists","ascension_level":0}