{"gold_per_floor":[360,373,386,406,406,406,9,9,33,33,63,63,90,109,109,181,181,194,207,52,52,52,52,81,81,81,81,92,92,42,57,57,134,134,154,173,173,188,200,200,200],"floor_reached":41,"playtime":2009,"items_purged":["Normality","Defend_R"],"score":724,"play_id":"d752efd2-392d-4f96-8d60-7bfe6b538409","local_time":"20180704115030","is_ascension_mode":true,"campfire_choices":[{"data":"Armaments","floor":6.0,"key":"SMITH"},{"data":"Uppercut","floor":8.0,"key":"SMITH"},{"data":"Disarm","floor":10.0,"key":"SMITH"},{"floor":15.0,"key":"REST"},{"data":"True Grit","floor":23.0,"key":"SMITH"},{"data":"Shockwave","floor":25.0,"key":"SMITH"},{"data":"True Grit","floor":27.0,"key":"SMITH"},{"data":"Inflame","floor":32.0,"key":"SMITH"},{"data":"Pommel Strike","floor":40,"key":"SMITH"}],"neow_cost":"","seed_source_timestamp":460488514952575,"circlet_count":0,"master_deck":["Defend_R","Defend_R","Defend_R","Bash","AscendersBane","Uppercut+1","Disarm+1","Pommel Strike+1","Armaments+1","Inflame+1","Heavy Blade+1","Feed+1","Warcry","Immolate+1","Shockwave+1","True Grit+1","True Grit+1","Bite+1","Bite+1","Bite+1","Bite+1","Bite+1","Disarm","Bludgeon+1","Burning Pact+1","Whirlwind+1","Madness","Madness","Iron Wave+1"],"special_seed":0,"relics":["Black Blood","Bag of Marbles","Molten Egg 2","Potion Belt","Odd Mushroom","Pantograph","Lantern","Velvet Choker","Anchor","Smiling Mask","Mercury Hourglass"],"potions_floor_usage":[33,33,33],"damage_taken":[{"damage":6.0,"enemies":"Cultist","floor":1.0,"turns":4.0},{"damage":7.0,"enemies":"Small Slimes","floor":2.0,"turns":3.0},{"damage":6.0,"enemies":"Jaw Worm","floor":3.0,"turns":3.0},{"damage":4.0,"enemies":"Exordium Thugs","floor":4.0,"turns":5.0},{"damage":28.0,"floor":11.0,"turns":5.0},{"damage":32.0,"enemies":"Lagavulin","floor":13.0,"turns":5.0},{"damage":1.0,"enemies":"3 Louse","floor":14.0,"turns":3.0},{"damage":22.0,"enemies":"Hexaghost","floor":16.0,"turns":11.0},{"damage":7.0,"enemies":"2 Thieves","floor":18.0,"turns":2.0},{"damage":4.0,"enemies":"Chosen","floor":19.0,"turns":3.0},{"damage":41.0,"enemies":"Gremlin Leader","floor":24.0,"turns":8.0},{"damage":6.0,"enemies":"Snake Plant","floor":28.0,"turns":3.0},{"damage":0.0,"enemies":"Cultist and Chosen","floor":31.0,"turns":3.0},{"damage":45,"enemies":"Champ","floor":33,"turns":9},{"damage":7,"enemies":"3 Darklings","floor":35,"turns":7},{"damage":0,"enemies":"Flame Bruiser 1 Orb","floor":36,"turns":2},{"damage":6,"enemies":"4 Shapes","floor":38,"turns":1},{"damage":0,"enemies":"Sphere and 2 Shapes","floor":39,"turns":2},{"damage":79,"enemies":"Giant Head","floor":41,"turns":7}],"seed_played":"-5131950825420485015","potions_obtained":[{"floor":2.0,"key":"Poison Potion"},{"floor":3.0,"key":"Strength Potion"},{"floor":4.0,"key":"Strength Potion"},{"floor":11.0,"key":"SpeedPotion"},{"floor":16.0,"key":"SkillPotion"},{"floor":24.0,"key":"Ancient Potion"},{"floor":31.0,"key":"Poison Potion"},{"floor":35,"key":"Poison Potion"},{"floor":36,"key":"Explosive Potion"}],"is_trial":false,"path_per_floor":["M","M","M","M","?","R","$","R","T","R","?","T","E","M","R","B",null,"M","M","$","?","?","R","E","R","T","R","M","?","$","M","R","B",null,"M","M","?","M","M","R"],"character_chosen":"IRONCLAD","items_purchased":["Molten Egg 2","Inflame","Anchor"],"campfire_rested":1,"item_purchase_floors":[],"current_hp_per_floor":[68,67,67,69,62,62,62,62,62,62,40,40,14,23,46,55,73,72,74,74,74,74,74,39,39,39,39,39,39,39,54,54,31,49,55,55,48,52,55,55,0],"gold":200,"neow_bonus":"","is_prod":false,"is_daily":false,"chose_seed":false,"campfire_upgraded":8,"win_rate":0,"timestamp":1530697830,"path_taken":["M","M","?","M","?","R","$","R","T","R","?","?","E","?","R","BOSS","M","M","$","?","?","R","E","R","T","R","M","?","$","M","R","BOSS","M","M","?","M","M","R","E"],"build_version":"2018-07-03","purchased_purges":2,"victory":false,"max_hp_per_floor":[75,75,75,75,75,75,75,75,75,75,75,75,75,79,79,79,79,79,79,79,79,79,79,79,79,79,79,79,55,55,55,55,55,55,55,55,55,55,55,55,55],"card_choices":[{"not_picked":["Combust","Pommel Strike"],"picked":"Uppercut","floor":1.0},{"not_picked":["Second Wind","Clash"],"picked":"Disarm","floor":2.0},{"not_picked":["Body Slam","Dual Wield"],"picked":"Pommel Strike","floor":3.0},{"not_picked":["Barricade","Sever Soul"],"picked":"Armaments","floor":4.0},{"not_picked":["Havoc","Armaments"],"picked":"Heavy Blade+1","floor":11.0},{"not_picked":["Feel No Pain","Rupture"],"picked":"Feed+1","floor":13.0},{"not_picked":["Headbutt+1","Wild Strike+1"],"picked":"Warcry","floor":14.0},{"not_picked":["Brutality","Exhume"],"picked":"Immolate+1","floor":16.0},{"not_picked":["Body Slam+1","Shrug It Off+1"],"picked":"Shockwave","floor":18.0},{"not_picked":["Body Slam+1","Twin Strike+1"],"picked":"True Grit","floor":19.0},{"not_picked":["Clash+1","Armaments"],"picked":"True Grit","floor":24.0},{"not_picked":["Twin Strike+1","True Grit","Clothesline+1"],"picked":"SKIP","floor":28.0},{"not_picked":["Iron Wave+1","Perfected Strike+1"],"picked":"Disarm","floor":31.0},{"not_picked":["Barricade","Reaper+1"],"picked":"Bludgeon+1","floor":33},{"not_picked":["Thunderclap+1","True Grit"],"picked":"Burning Pact+1","floor":35},{"not_picked":["Perfected Strike+1","Armaments"],"picked":"Whirlwind+1","floor":36},{"not_picked":["True Grit","Second Wind","Body Slam+1"],"picked":"SKIP","floor":38},{"not_picked":["Sentinel+1","Hemokinesis+1"],"picked":"Iron Wave+1","floor":39}],"player_experience":250504,"relics_obtained":[{"floor":9.0,"key":"Potion Belt"},{"floor":11.0,"key":"Odd Mushroom"},{"floor":12.0,"key":"Pantograph"},{"floor":13.0,"key":"Lantern"},{"floor":24.0,"key":"Smiling Mask"},{"floor":26.0,"key":"Mercury Hourglass"}],"event_choices":[{"event_name":"Scrap Ooze","player_choice":"success","floor":5.0,"damage_taken":7.0},{"event_name":"Mushrooms","player_choice":"Fought Mushrooms","floor":11.0,"damage_taken":0.0},{"event_name":"Purifier","player_choice":"One Purge","floor":21.0,"damage_taken":0.0},{"event_name":"Ghosts","player_choice":"Ignored","floor":22.0,"damage_taken":0.0},{"event_name":"Vampires","player_choice":"Became a vampire","floor":29.0,"damage_taken":0.0},{"event_name":"Winding Halls","player_choice":"Embrace Madness","floor":37,"damage_taken":0}],"boss_relics":[{"not_picked":["Lizard Tail","Runic Pyramid"],"picked":"Velvet Choker"},{"not_picked":["Runic Cube","Calling Bell"],"picked":"Black Blood"}],"items_purged_floors":[],"is_endless":false,"potions_floor_spawned":[2,3,4,11,16,24,31,35,36],"killed_by":"Giant Head","ascension_level":14}