{"gold_per_floor":[116,135,147,161,5,5,68,81,104,104,104,120,120],"floor_reached":13,"playtime":574,"items_purged":["Strike_B"],"score":100,"play_id":"a3ce747d-29f3-4320-8802-23592b56416a","local_time":"20180625203522","is_ascension_mode":true,"campfire_choices":[{"floor":6,"key":"REST"}],"neow_cost":"FIFTY_PERCENT_DAMAGE","seed_source_timestamp":89845702196713,"circlet_count":0,"master_deck":["Strike_B","Strike_B","Strike_B","Defend_B","Defend_B","Defend_B","Defend_B","Zap","Dualcast","Chill","BootSequence","Tempest","Capacitor","Heatsinks","Cold Snap","Heatsinks","Loop"],"relics":["Cracked Core","Peace Pipe","Vajra","Dream Catcher"],"potions_floor_usage":[4,8,12],"damage_taken":[{"damage":4,"enemies":"Jaw Worm","floor":1,"turns":3},{"damage":0,"enemies":"2 Louse","floor":2,"turns":2},{"damage":0,"enemies":"Small Slimes","floor":3,"turns":2},{"damage":0,"enemies":"Exordium Wildlife","floor":4,"turns":2},{"damage":48,"enemies":"Gremlin Nob","floor":7,"turns":5},{"damage":0,"enemies":"2 Fungi Beasts","floor":8,"turns":3},{"damage":0,"enemies":"Blue Slaver","floor":12,"turns":5},{"damage":7,"enemies":"3 Sentries","floor":13,"turns":4}],"seed_played":"-3654244459894710872","potions_obtained":[{"floor":1,"key":"Ancient Potion"},{"floor":3,"key":"Fire Potion"},{"floor":4,"key":"Explosive Potion"},{"floor":7,"key":"Weak Potion"},{"floor":12,"key":"Energy Potion"}],"is_trial":false,"path_per_floor":["M","M","M","M","$","R","?","M","T","?","?","M"],"character_chosen":"DEFECT","items_purchased":["Heatsinks"],"campfire_rested":1,"item_purchase_floors":[5],"current_hp_per_floor":[30,30,30,30,30,52,4,4,4,4,4,4,0],"gold":120,"neow_bonus":"ONE_RARE_RELIC","is_prod":false,"is_daily":false,"chose_seed":false,"campfire_upgraded":0,"win_rate":0,"timestamp":1529973322,"path_taken":["M","M","M","M","$","R","?","M","T","?","?","M","E"],"build_version":"2018-06-21v2","purchased_purges":1,"victory":false,"max_hp_per_floor":[75,75,75,75,75,75,75,75,75,75,75,75,75],"card_choices":[{"not_picked":["Tempest","Rebound"],"picked":"Chill","floor":1},{"not_picked":["Rebound","Consume"],"picked":"BootSequence","floor":2},{"not_picked":["Barrage","Skim"],"picked":"Tempest","floor":3},{"not_picked":["Go for the Eyes","Tempest"],"picked":"Capacitor","floor":4},{"not_picked":["Static Discharge","Conserve Battery"],"picked":"Cold Snap","floor":7},{"not_picked":["Undo","Rebound"],"picked":"Heatsinks","floor":8},{"not_picked":["Melter","Reinforced Body"],"picked":"Loop","floor":12}],"player_experience":769053,"relics_obtained":[{"floor":7,"key":"Vajra"},{"floor":9,"key":"Dream Catcher"}],"event_choices":[{"event_name":"Dead Adventurer","player_choice":"Searched \u00271\u0027 times","floor":7,"damage_taken":0},{"event_name":"The Woman in Blue","player_choice":"Bought 0 Potions","floor":10,"damage_taken":0},{"event_name":"Scrap Ooze","player_choice":"unsuccessful","floor":11,"damage_taken":0}],"boss_relics":[],"items_purged_floors":[5],"is_endless":false,"potions_floor_spawned":[1,3,4,7,12],"killed_by":"3 Sentries","ascension_level":6}