{"gold_per_floor":[112,112,129,147,159,159,184,203,203,230,253,265,352,380,392,506,518,549,561,591,621,646,658,137,150,150,150,181,209,229,249,249,349,349,359,379,426,48,63,63,285,285,311,311,331,331,359,375,375,375,375,375,47,82,82],"floor_reached":55,"playtime":3929,"items_purged":["Pain"],"score":813,"play_id":"34b16cab-3ed3-43aa-8d76-7ca51037f1d6","local_time":"20181125224233","is_ascension_mode":false,"campfire_choices":[{"data":"Hello World","floor":6.0,"key":"SMITH"},{"floor":15.0,"key":"REST"},{"floor":23.0,"key":"RECALL"},{"floor":27.0,"key":"REST"},{"floor":32.0,"key":"REST"},{"floor":40.0,"key":"REST"},{"floor":42.0,"key":"REST"},{"data":"Creative AI","floor":44.0,"key":"SMITH"},{"data":"Trip","floor":46.0,"key":"SMITH"},{"data":"Glacier","floor":49.0,"key":"SMITH"},{"data":"Chill","floor":52,"key":"SMITH"}],"neow_cost":"NONE","seed_source_timestamp":683817829642987,"circlet_count":0,"master_deck":["Strike_B","Strike_B","Strike_B","Strike_B","Defend_B","Defend_B","Defend_B","Defend_B","Zap","Dualcast","Reinforced Body","Hello World+1","Ball Lightning","Self Repair","Glacier+1","Streamline","Coolheaded","Melter","Ball Lightning","Machine Learning","Go for the Eyes","Chill+1","FTL+1","Sunder","Trip+1","Leap+1","White Noise","Coolheaded","Buffer","Self Repair","Skim","Creative AI+1","Coolheaded","Skim+1","Loop+1","Buffer","Defragment"],"special_seed":0,"relics":["FrozenCore","Happy Flower","Centennial Puzzle","MawBank","Philosopher\u0027s Stone","WarpedTongs","Vajra","Oddly Smooth Stone","Red Mask","Ornamental Fan","Torii","HandDrill","Strawberry","DataDisk","Runic Capacitor","Boot"],"potions_floor_usage":[50,50,54],"damage_taken":[{"damage":5.0,"enemies":"Cultist","floor":1.0,"turns":4.0},{"damage":1.0,"enemies":"Jaw Worm","floor":3.0,"turns":3.0},{"damage":7.0,"enemies":"2 Louse","floor":4.0,"turns":2.0},{"damage":10.0,"enemies":"Looter","floor":5.0,"turns":3.0},{"damage":32.0,"enemies":"3 Sentries","floor":7.0,"turns":9.0},{"damage":8.0,"enemies":"Lots of Slimes","floor":8.0,"turns":4.0},{"damage":11.0,"enemies":"Lagavulin","floor":10.0,"turns":5.0},{"damage":0.0,"enemies":"Large Slime","floor":11.0,"turns":7.0},{"damage":1.0,"enemies":"2 Fungi Beasts","floor":14.0,"turns":2.0},{"damage":19.0,"enemies":"Slime Boss","floor":16.0,"turns":8.0},{"damage":9.0,"enemies":"Spheric Guardian","floor":18.0,"turns":3.0},{"damage":9.0,"enemies":"3 Byrds","floor":20.0,"turns":4.0},{"damage":15.0,"enemies":"Centurion and Healer","floor":21.0,"turns":7.0},{"damage":28.0,"enemies":"3 Cultists","floor":22.0,"turns":7.0},{"damage":12.0,"enemies":"Cultist and Chosen","floor":25.0,"turns":5.0},{"damage":16.0,"enemies":"Masked Bandits","floor":28.0,"turns":4.0},{"damage":26.0,"enemies":"Slavers","floor":29.0,"turns":5.0},{"damage":12.0,"enemies":"Centurion and Healer","floor":30.0,"turns":5.0},{"damage":6.0,"enemies":"3 Cultists","floor":31.0,"turns":4.0},{"damage":33.0,"enemies":"Automaton","floor":33.0,"turns":11.0},{"damage":7.0,"enemies":"Orb Walker","floor":35.0,"turns":4.0},{"damage":8.0,"enemies":"3 Darklings","floor":36.0,"turns":8.0},{"damage":87.0,"enemies":"2 Orb Walkers","floor":37.0,"turns":7.0},{"damage":13.0,"enemies":"4 Shapes","floor":39.0,"turns":5.0},{"damage":1.0,"enemies":"Sphere and 2 Shapes","floor":45.0,"turns":5.0},{"damage":0.0,"enemies":"Nemesis","floor":47.0,"turns":11.0},{"damage":8.0,"enemies":"Spire Growth","floor":48.0,"turns":6.0},{"damage":65,"enemies":"Awakened One","floor":50,"turns":25},{"damage":74,"enemies":"Shield and Spear","floor":54,"turns":11},{"damage":50,"enemies":"The Heart","floor":55,"turns":3}],"seed_played":"-5357842446711623224","potions_obtained":[{"floor":1.0,"key":"Weak Potion"},{"floor":5.0,"key":"FearPotion"},{"floor":7.0,"key":"Block Potion"},{"floor":16.0,"key":"AttackPotion"},{"floor":18.0,"key":"Fire Potion"},{"floor":21.0,"key":"SkillPotion"},{"floor":25.0,"key":"Weak Potion"},{"floor":30.0,"key":"Swift Potion"},{"floor":33.0,"key":"Regen Potion"},{"floor":36.0,"key":"AttackPotion"},{"floor":45.0,"key":"Fruit Juice"},{"floor":47.0,"key":"Swift Potion"},{"floor":48.0,"key":"GamblersBrew"}],"is_trial":false,"path_per_floor":["M","?","M","M","M","R","E","M","T","E","M","?","?","M","R","B",null,"M","?","M","M","M","R","$","M","T","R","?","E","M","M","R","B",null,"M","M","?","$","M","R","?","R","T","R","M","R","E","M","R","B",null,"R","$","E","B"],"character_chosen":"DEFECT","items_purchased":["Sunder","Vajra","Oddly Smooth Stone","Trip","Creative AI","HandDrill","Coolheaded","Runic Capacitor","Defragment","Strength Potion"],"campfire_rested":5,"item_purchase_floors":[24,24,24,24,38,38,38,53,53,53],"current_hp_per_floor":[77,82,81,74,64,64,39,38,38,34,41,41,30,29,55,43,87,85,85,83,75,54,54,54,49,49,75,66,47,42,36,62,36,87,80,87,28,28,22,48,48,74,81,81,94,94,99,99,99,51,99,99,99,39,0],"gold":82,"neow_bonus":"TEN_PERCENT_HP_BONUS","is_prod":false,"is_daily":false,"chose_seed":false,"campfire_upgraded":5,"win_rate":0,"timestamp":1543203753,"path_taken":["M","?","M","M","M","R","E","M","T","E","M","?","?","M","R","BOSS","M","?","?","M","M","R","$","M","T","R","?","E","M","M","R","BOSS","M","M","?","$","M","R","?","R","T","R","M","R","E","M","R","BOSS","R","$","E","BOSS"],"build_version":"2018-11-15","purchased_purges":1,"victory":false,"max_hp_per_floor":[82,87,87,87,87,87,87,87,87,87,87,87,87,87,87,87,87,87,87,87,87,87,87,87,87,87,87,87,87,87,87,87,87,87,87,87,87,87,87,87,87,87,94,94,94,94,99,99,99,99,99,99,99,99,99],"card_choices":[{"not_picked":["Fusion","Stack"],"picked":"Reinforced Body","floor":1.0},{"not_picked":["Turbo","Steam"],"picked":"Hello World","floor":3.0},{"not_picked":["Recycle","Barrage"],"picked":"Ball Lightning","floor":4.0},{"not_picked":["Hologram","Force Field"],"picked":"Self Repair","floor":5.0},{"not_picked":["Self Repair","Gash"],"picked":"Glacier","floor":7.0},{"not_picked":["Barrage","Hologram"],"picked":"Streamline","floor":8.0},{"not_picked":["Conserve Battery","Rainbow"],"picked":"Coolheaded","floor":10.0},{"not_picked":["Sweeping Beam","Ball Lightning"],"picked":"Melter","floor":11.0},{"not_picked":["Melter","Steam Power"],"picked":"Ball Lightning","floor":14.0},{"not_picked":["All For One","Reboot"],"picked":"Machine Learning","floor":16.0},{"not_picked":["Ball Lightning+1","Undo+1"],"picked":"Go for the Eyes","floor":18.0},{"not_picked":["Conserve Battery+1","Stack"],"picked":"Chill","floor":20.0},{"not_picked":["Compile Driver","Hello World","Barrage"],"picked":"SKIP","floor":21.0},{"not_picked":["Cold Snap+1","Steam+1"],"picked":"FTL+1","floor":22.0},{"not_picked":["Conserve Battery","Darkness"],"picked":"Leap+1","floor":25.0},{"not_picked":["Chill","Rebound"],"picked":"White Noise","floor":28.0},{"not_picked":["Biased Cognition","Sweeping Beam"],"picked":"Coolheaded","floor":29.0},{"not_picked":["Undo+1","Rebound","Cold Snap"],"picked":"SKIP","floor":30.0},{"not_picked":["Gash","Sweeping Beam","Turbo+1"],"picked":"SKIP","floor":31.0},{"not_picked":["Hyperbeam","Machine Learning"],"picked":"Buffer","floor":33.0},{"not_picked":["Melter+1","Aggregate+1"],"picked":"Self Repair","floor":35.0},{"not_picked":["Hologram+1","Cold Snap+1"],"picked":"Skim","floor":36.0},{"not_picked":["Scrape","Barrage","Sweeping Beam+1"],"picked":"SKIP","floor":39.0},{"not_picked":["Reprogram","Sweeping Beam"],"picked":"Skim+1","floor":45.0},{"not_picked":["Sweeping Beam","Coolheaded"],"picked":"Loop+1","floor":47.0},{"not_picked":["Fusion+1","Conserve Battery+1"],"picked":"Buffer","floor":48.0},{"not_picked":["Streamline","Reinforced Body","Compile Driver"],"picked":"SKIP","floor":54}],"player_experience":1753383,"relics_obtained":[{"floor":7.0,"key":"Happy Flower"},{"floor":9.0,"key":"Centennial Puzzle"},{"floor":10.0,"key":"MawBank"},{"floor":28.0,"key":"Red Mask"},{"floor":29.0,"key":"Ornamental Fan"},{"floor":37.0,"key":"Torii"},{"floor":43.0,"key":"Strawberry"},{"floor":47.0,"key":"DataDisk"},{"floor":54,"key":"Boot"}],"event_choices":[{"damage_healed":0.0,"max_hp_gain":5.0,"max_hp_loss":0.0,"gold_gain":0.0,"event_name":"Big Fish","player_choice":"Donut","floor":2.0,"gold_loss":0.0,"damage_taken":0.0},{"damage_healed":0.0,"max_hp_gain":0.0,"max_hp_loss":0.0,"gold_gain":0.0,"event_name":"Shining Light","player_choice":"Ignored","floor":12.0,"gold_loss":0.0,"damage_taken":0.0},{"damage_healed":0.0,"max_hp_gain":0.0,"max_hp_loss":0.0,"gold_gain":75.0,"event_name":"World of Goop","player_choice":"Gather Gold","floor":13.0,"gold_loss":0.0,"damage_taken":11.0},{"damage_healed":0.0,"max_hp_gain":0.0,"max_hp_loss":0.0,"gold_gain":0.0,"event_name":"Accursed Blacksmith","player_choice":"Rummage","floor":19.0,"gold_loss":0.0,"damage_taken":0.0,"relics_obtained":["WarpedTongs"],"cards_obtained":["Pain"]},{"damage_healed":0.0,"max_hp_gain":0.0,"max_hp_loss":0.0,"gold_gain":0.0,"event_name":"Masked Bandits","player_choice":"Fought Bandits","floor":28.0,"gold_loss":0.0,"damage_taken":0.0},{"damage_healed":0.0,"max_hp_gain":0.0,"max_hp_loss":0.0,"gold_gain":0.0,"event_name":"Mysterious Sphere","player_choice":"Fight","floor":37.0,"gold_loss":0.0,"damage_taken":0.0},{"damage_healed":0.0,"max_hp_gain":0.0,"max_hp_loss":0.0,"gold_gain":222.0,"event_name":"Tomb of Lord Red Mask","player_choice":"Wore Mask","floor":41.0,"gold_loss":0.0,"damage_taken":0.0}],"is_beta":false,"boss_relics":[{"not_picked":["Orrery","Runic Dome"],"picked":"Philosopher\u0027s Stone"},{"not_picked":["Snecko Eye","Black Star"],"picked":"FrozenCore"}],"items_purged_floors":[24],"is_endless":false,"potions_floor_spawned":[1,5,7,16,18,21,25,30,33,36,45,47,48],"killed_by":"The Heart","ascension_level":0}