{"gold_per_floor":[119,119,119,219,230,230,160,204,239,251,149,168,198,214,214,312,312,325,341,361,376,376,376],"floor_reached":23,"playtime":1433,"items_purged":["Pain"],"score":241,"play_id":"8e9c245b-251c-4dd6-9b8a-3a487e2a93a6","local_time":"20190212032430","is_ascension_mode":true,"campfire_choices":[{"data":"Neutralize","floor":6,"key":"SMITH"},{"data":"Caltrops","floor":10,"key":"SMITH"},{"floor":15,"key":"REST"}],"neow_cost":"NONE","seed_source_timestamp":2946154095454500,"circlet_count":0,"master_deck":["Defend_G","Defend_G","Defend_G","Defend_G","Defend_G","Strike_G","Strike_G","Strike_G","Strike_G","Survivor","Neutralize+1","Sucker Punch","Caltrops+1","Backflip","Dash","Leg Sweep","Acrobatics","Die Die Die","Backflip","RitualDagger"],"relics":["Cursed Key","MawBank","Anchor","Bag of Marbles","Snake Skull","Philosopher\u0027s Stone"],"potions_floor_usage":[16,16,16,19],"damage_taken":[{"damage":0,"enemies":"2 Louse","floor":1,"turns":3},{"damage":0,"enemies":"Small Slimes","floor":5,"turns":3},{"damage":27,"enemies":"Lagavulin","floor":8,"turns":11},{"damage":0,"enemies":"Cultist","floor":12,"turns":3},{"damage":24,"enemies":"Gremlin Nob","floor":13,"turns":5},{"damage":0,"enemies":"3 Louse","floor":14,"turns":3},{"damage":10,"enemies":"Slime Boss","floor":16,"turns":12},{"damage":7,"enemies":"Spheric Guardian","floor":18,"turns":6},{"damage":0,"enemies":"2 Thieves","floor":19,"turns":3},{"damage":41,"enemies":"Sentry and Sphere","floor":20,"turns":8},{"damage":8,"enemies":"Snake Plant","floor":21,"turns":5},{"damage":14,"enemies":"Gremlin Leader","floor":23,"turns":4}],"seed_played":"5534984620839864502","potions_obtained":[{"floor":8,"key":"Strength Potion"},{"floor":13,"key":"Explosive Potion"},{"floor":14,"key":"Block Potion"},{"floor":18,"key":"Block Potion"}],"is_trial":false,"path_per_floor":["M","?","?","?","M","R","?","E","T","R","$","M","E","M","R","B",null,"M","M","M","M","?","E"],"character_chosen":"THE_SILENT","items_purchased":["Dash"],"campfire_rested":1,"item_purchase_floors":[11],"current_hp_per_floor":[70,75,68,68,68,68,68,41,41,41,41,41,17,17,39,29,75,68,68,27,19,13,0],"gold":376,"neow_bonus":"BOSS_RELIC","is_prod":false,"is_daily":false,"chose_seed":false,"campfire_upgraded":2,"win_rate":0,"timestamp":1549963470,"path_taken":["M","?","?","?","?","R","?","E","T","R","$","M","E","M","R","BOSS","M","M","M","?","?","E"],"build_version":"2019-02-06","purchased_purges":1,"victory":false,"max_hp_per_floor":[70,75,75,75,75,75,75,75,75,75,75,75,75,75,75,75,75,75,75,75,75,75,75],"card_choices":[{"not_picked":["Cloak And Dagger","All Out Attack"],"picked":"Sucker Punch","floor":1},{"not_picked":["Terror","Poisoned Stab"],"picked":"Caltrops","floor":5},{"not_picked":["Calculated Gamble","Bouncing Flask"],"picked":"Backflip","floor":8},{"not_picked":["Setup","Doppelganger"],"picked":"Leg Sweep","floor":12},{"not_picked":["Caltrops","Reflex"],"picked":"Acrobatics","floor":13},{"not_picked":["Endless Agony","Terror","Slice"],"picked":"SKIP","floor":14},{"not_picked":["Venomology","Phantasmal Killer"],"picked":"Die Die Die","floor":16},{"not_picked":["Underhanded Strike+1","Dodge and Roll","Acrobatics+1"],"picked":"SKIP","floor":18},{"not_picked":["Flying Knee+1","Bane","Deadly Poison"],"picked":"SKIP","floor":19},{"not_picked":["Sucker Punch","Slice+1"],"picked":"Backflip","floor":20},{"not_picked":["Poisoned Stab+1","Acrobatics","Reflex"],"picked":"SKIP","floor":21}],"player_experience":114067,"relics_obtained":[{"floor":8,"key":"Anchor"},{"floor":9,"key":"Bag of Marbles"},{"floor":13,"key":"Snake Skull"}],"event_choices":[{"damage_healed":0,"gold_gain":0,"player_choice":"Donut","damage_taken":0,"max_hp_gain":5,"max_hp_loss":0,"event_name":"Big Fish","floor":2,"gold_loss":0},{"cards_removed":["Strike_G"],"damage_healed":0,"gold_gain":0,"player_choice":"Card Removal","damage_taken":7,"max_hp_gain":0,"max_hp_loss":0,"event_name":"Golden Wing","floor":3,"gold_loss":0},{"damage_healed":0,"gold_gain":100,"player_choice":"Pray","damage_taken":0,"max_hp_gain":0,"max_hp_loss":0,"event_name":"Golden Shrine","floor":4,"gold_loss":0},{"damage_healed":0,"gold_gain":0,"player_choice":"Paid Gold","damage_taken":0,"relics_obtained":["MawBank"],"max_hp_gain":0,"max_hp_loss":0,"event_name":"WeMeetAgain","floor":7,"gold_loss":70},{"damage_healed":0,"gold_gain":0,"player_choice":"Joined the Cult","damage_taken":6,"max_hp_gain":0,"max_hp_loss":0,"event_name":"Nest","floor":22,"gold_loss":0,"cards_obtained":["RitualDagger"]}],"is_beta":true,"boss_relics":[{"not_picked":["Fusion Hammer","Black Star"],"picked":"Philosopher\u0027s Stone"}],"items_purged_floors":[11],"is_endless":false,"potions_floor_spawned":[8,13,14,18],"killed_by":"Gremlin Leader","ascension_level":4}