{"gold_per_floor":[117,136,149,49,61,61,76,76,76,76,97,197,197,197],"floor_reached":14,"playtime":532,"items_purged":[],"score":111,"play_id":"1e85214f-6baf-4f78-b2ea-a5cfbce98cba","local_time":"20180718173913","is_ascension_mode":true,"campfire_choices":[{"floor":6,"key":"REST"},{"data":"Sever Soul","floor":8,"key":"SMITH"},{"floor":13,"key":"REST"}],"neow_cost":"","seed_source_timestamp":413883001706774,"circlet_count":0,"master_deck":["Strike_R","Strike_R","Strike_R","Strike_R","Strike_R","Defend_R","Defend_R","Defend_R","Defend_R","Bash","Sever Soul+1","Disarm","Headbutt","Trip","Intimidate","True Grit","Injury","Shrug It Off"],"relics":["Burning Blood","Mummified Hand","Golden Idol"],"potions_floor_usage":[5],"damage_taken":[{"damage":15,"enemies":"Small Slimes","floor":1,"turns":4},{"damage":7,"enemies":"Jaw Worm","floor":2,"turns":3},{"damage":1,"enemies":"Cultist","floor":3,"turns":3},{"damage":39,"enemies":"Large Slime","floor":5,"turns":6},{"damage":29,"enemies":"Gremlin Gang","floor":7,"turns":6},{"damage":34,"enemies":"Lots of Slimes","floor":11,"turns":6},{"damage":31,"enemies":"3 Louse","floor":14,"turns":4}],"seed_played":"928199581116465415","potions_obtained":[{"floor":2,"key":"SkillPotion"},{"floor":3,"key":"Ancient Potion"},{"floor":7,"key":"SteroidPotion"}],"is_trial":false,"path_per_floor":["M","M","M","$","M","R","M","R","T","?","M","?","R"],"character_chosen":"IRONCLAD","items_purchased":["Trip"],"campfire_rested":2,"item_purchase_floors":[4],"current_hp_per_floor":[63,62,67,67,34,58,35,35,35,35,7,7,31,0],"gold":197,"neow_bonus":"","is_prod":false,"is_daily":false,"chose_seed":false,"campfire_upgraded":1,"win_rate":0,"timestamp":1531949953,"path_taken":["M","M","M","$","M","R","M","R","T","?","M","?","R","?"],"build_version":"2018-07-12","purchased_purges":0,"victory":false,"max_hp_per_floor":[80,80,80,80,80,80,80,80,80,80,80,80,80,80],"card_choices":[{"not_picked":["Wild Strike","Armaments"],"picked":"Sever Soul","floor":1},{"not_picked":["Clash","Intimidate"],"picked":"Disarm","floor":2},{"not_picked":["Immolate","Wild Strike"],"picked":"Headbutt","floor":3},{"not_picked":["Sword Boomerang","Combust"],"picked":"Intimidate","floor":5},{"not_picked":["Disarm","Perfected Strike"],"picked":"True Grit","floor":7},{"not_picked":["Warcry","Headbutt"],"picked":"Shrug It Off","floor":11}],"player_experience":1171733,"relics_obtained":[{"floor":9,"key":"Mummified Hand"}],"event_choices":[{"event_name":"Golden Idol","player_choice":"Take Wound","floor":10,"damage_taken":0},{"event_name":"Golden Shrine","player_choice":"Pray","floor":12,"damage_taken":0}],"boss_relics":[],"items_purged_floors":[],"is_endless":false,"potions_floor_spawned":[2,3,7],"killed_by":"3 Louse","ascension_level":7}