{"gold_per_floor":[114,128,128,128,145,178,178,196,196,196,196,30,58,68,68,145,145,155,135,17,17,34,34,53,53,78,38,38,56,72,82,82,159,159,170,170,170,186,143,143,143],"floor_reached":41,"playtime":1730,"items_purged":["Strike_B"],"score":882,"play_id":"fea7888b-5bfe-4343-8fd4-dc30d9eec6bc","local_time":"20190121222050","is_ascension_mode":true,"campfire_choices":[{"floor":7,"key":"REST"},{"floor":10,"key":"REST"},{"floor":15,"key":"REST"},{"data":"Double Energy","floor":23,"key":"SMITH"},{"floor":25,"key":"REST"},{"data":"Defragment","floor":28,"key":"SMITH"},{"floor":32,"key":"REST"},{"floor":40,"key":"REST"}],"neow_cost":"NONE","seed_source_timestamp":135593879743854,"circlet_count":0,"master_deck":["AscendersBane","Strike_B","Strike_B","Defend_B","Defend_B","Defend_B","Defend_B","Zap","Dualcast","Cold Snap","Sunder","Chaos","Glacier","Melter","Glacier","Loop","Capacitor","Chill","Core Surge","Defragment+1","Blizzard","Double Energy+1","Fusion+1","Injury","Self Repair","Leap+1","Defragment","Electrodynamics","BootSequence+1","Conserve Battery","Coolheaded","Madness","Madness","Tempest","Defragment"],"relics":["Cracked Core","NeowsBlessing","Gremlin Horn","Incense Burner","Ice Cream","Orichalcum","Cursed Key","Blood Vial","Orrery"],"potions_floor_usage":[13,14,16,22,24,29,33],"damage_taken":[{"damage":0,"enemies":"Small Slimes","floor":1,"turns":1},{"damage":0,"enemies":"Cultist","floor":2,"turns":1},{"damage":0,"enemies":"Jaw Worm","floor":5,"turns":1},{"damage":40,"enemies":"Lagavulin","floor":6,"turns":6},{"damage":12,"enemies":"Red Slaver","floor":8,"turns":4},{"damage":36,"enemies":"Gremlin Nob","floor":13,"turns":6},{"damage":0,"enemies":"Looter","floor":14,"turns":4},{"damage":0,"enemies":"The Guardian","floor":16,"turns":15},{"damage":13,"enemies":"Shell Parasite","floor":18,"turns":4},{"damage":3,"enemies":"2 Thieves","floor":22,"turns":4},{"damage":19,"enemies":"Snake Plant","floor":24,"turns":4},{"damage":21,"enemies":"3 Cultists","floor":29,"turns":8},{"damage":3,"enemies":"Centurion and Healer","floor":30,"turns":8},{"damage":0,"enemies":"Sentry and Sphere","floor":31,"turns":4},{"damage":37,"enemies":"Collector","floor":33,"turns":15},{"damage":11,"enemies":"Orb Walker","floor":35,"turns":6},{"damage":43,"enemies":"3 Darklings","floor":38,"turns":7},{"damage":44,"enemies":"Spire Growth","floor":41,"turns":4}],"seed_played":"4950399382210097259","potions_obtained":[{"floor":8,"key":"SteroidPotion"},{"floor":13,"key":"Energy Potion"},{"floor":14,"key":"FocusPotion"},{"floor":19,"key":"Poison Potion"},{"floor":22,"key":"SkillPotion"},{"floor":24,"key":"Poison Potion"},{"floor":30,"key":"Explosive Potion"}],"is_trial":false,"path_per_floor":["M","M","?","?","M","E","R","M","T","R","?","$","E","M","R","B",null,"M","?","$","$","M","R","M","R","T","$","R","M","M","M","R","B",null,"M","?","?","M","$","R","M"],"character_chosen":"DEFECT","items_purchased":["Glacier","Loop","Blizzard","Self Repair","Defragment"],"campfire_rested":6,"item_purchase_floors":[12,12,20,27,39],"current_hp_per_floor":[64,64,69,62,62,22,44,32,32,54,49,49,13,13,35,35,66,53,53,53,53,50,50,31,53,53,53,53,41,47,56,76,46,69,60,46,46,12,12,34,0],"gold":143,"neow_bonus":"THREE_ENEMY_KILL","is_prod":false,"is_daily":false,"chose_seed":false,"campfire_upgraded":2,"win_rate":0,"timestamp":1548127250,"path_taken":["M","M","?","?","M","E","R","M","T","R","?","$","E","M","R","BOSS","M","?","?","$","M","R","M","R","T","?","R","M","M","?","R","BOSS","M","?","?","M","$","R","?"],"build_version":"2019-01-17v2","purchased_purges":1,"victory":false,"max_hp_per_floor":[71,71,76,76,76,76,76,76,76,76,76,76,76,76,76,76,76,76,76,76,76,76,76,76,76,76,76,76,76,76,76,76,76,76,76,76,76,76,76,76,76],"card_choices":[{"not_picked":["Rebound","Hologram"],"picked":"Cold Snap","floor":1},{"not_picked":["Doom and Gloom","Force Field"],"picked":"Sunder","floor":2},{"not_picked":["Hologram","Turbo"],"picked":"Chaos","floor":5},{"not_picked":["BootSequence","Conserve Battery"],"picked":"Glacier","floor":6},{"not_picked":["Scrape","Go for the Eyes"],"picked":"Melter","floor":8},{"not_picked":["Loop","Streamline"],"picked":"Capacitor","floor":13},{"not_picked":["Double Energy","Steam"],"picked":"Chill","floor":14},{"not_picked":["Reboot","All For One"],"picked":"Core Surge","floor":16},{"not_picked":["BootSequence","Turbo"],"picked":"Defragment","floor":18},{"not_picked":["Rebound","Go for the Eyes"],"picked":"Double Energy","floor":22},{"not_picked":["Double Energy","Hello World"],"picked":"Fusion+1","floor":24},{"not_picked":["Undo","Barrage+1"],"picked":"Leap+1","floor":29},{"not_picked":["Beam Cell","FTL","Compile Driver+1"],"picked":"SKIP","floor":30},{"not_picked":["Conserve Battery","Darkness"],"picked":"Defragment","floor":31},{"not_picked":["All For One","Hyperbeam"],"picked":"Electrodynamics","floor":33},{"not_picked":["Steam","Leap"],"picked":"BootSequence+1","floor":34},{"not_picked":["Hologram","Sweeping Beam"],"picked":"Conserve Battery","floor":34},{"not_picked":["Turbo","Stack"],"picked":"Coolheaded","floor":34},{"not_picked":["Streamline+1","Ball Lightning","FTL+1"],"picked":"SKIP","floor":35},{"not_picked":["Go for the Eyes+1","Chaos"],"picked":"Tempest","floor":38}],"player_experience":2201113,"relics_obtained":[{"floor":6,"key":"Gremlin Horn"},{"floor":9,"key":"Incense Burner"},{"floor":13,"key":"Orichalcum"},{"floor":26,"key":"Blood Vial"}],"event_choices":[{"damage_healed":0,"gold_gain":0,"player_choice":"Donut","damage_taken":0,"max_hp_gain":5,"max_hp_loss":0,"event_name":"Big Fish","floor":3,"gold_loss":0},{"cards_removed":["Strike_B"],"damage_healed":0,"gold_gain":0,"player_choice":"Card Removal","damage_taken":7,"max_hp_gain":0,"max_hp_loss":0,"event_name":"Golden Wing","floor":4,"gold_loss":0},{"damage_healed":0,"gold_gain":0,"player_choice":"Success","damage_taken":5,"relics_obtained":["Ice Cream"],"max_hp_gain":0,"max_hp_loss":0,"event_name":"Scrap Ooze","floor":11,"gold_loss":0},{"damage_healed":0,"gold_gain":0,"player_choice":"Bought 1 Potion","damage_taken":0,"max_hp_gain":0,"max_hp_loss":0,"event_name":"The Woman in Blue","floor":19,"gold_loss":0},{"damage_healed":0,"gold_gain":0,"player_choice":"Embrace Madness","damage_taken":14,"max_hp_gain":0,"max_hp_loss":0,"event_name":"Winding Halls","floor":36,"gold_loss":0,"cards_obtained":["Madness","Madness"]},{"damage_healed":0,"gold_gain":0,"player_choice":"Ignored","damage_taken":0,"max_hp_gain":0,"max_hp_loss":0,"event_name":"WeMeetAgain","floor":37,"gold_loss":0}],"is_beta":false,"boss_relics":[{"not_picked":["Pandora\u0027s Box","Tiny House"],"picked":"Cursed Key"},{"not_picked":["Eternal Feather","Busted Crown"],"picked":"Orrery"}],"items_purged_floors":[20],"is_endless":false,"potions_floor_spawned":[8,13,14,22,24,30],"killed_by":"Spire Growth","ascension_level":18}