{"gold_per_floor":[116,127,55,55,55,55,86,102,102,102,72,82,82,82,82,181,181,197,197,210,135,149,149,20,33,33,33,112,112,130,143,143,246,246,263,263,66,66,0,0,20,30,30,30,49,49,69,85,85,85],"floor_reached":51,"playtime":3607,"items_purged":[],"score":771,"play_id":"8a80e828-252b-4498-a7ed-1d240edb350e","local_time":"20181203111854","is_ascension_mode":true,"campfire_choices":[{"data":"Neutralize","floor":6,"key":"SMITH"},{"data":"Sucker Punch","floor":10,"key":"SMITH"},{"data":"Footwork","floor":15,"key":"SMITH"},{"floor":23,"key":"REST"},{"floor":27,"key":"DIG"},{"floor":29,"key":"DIG"},{"floor":32,"key":"REST"},{"data":"Backflip","floor":40,"key":"SMITH"},{"floor":44,"key":"REST"},{"data":"After Image","floor":49,"key":"SMITH"}],"neow_cost":"NONE","seed_source_timestamp":207322936539959,"circlet_count":0,"master_deck":["Defend_G","Defend_G","Defend_G","Defend_G","Defend_G","Strike_G","Strike_G","Strike_G","Survivor","Neutralize+1","Caltrops","Footwork+1","Noxious Fumes","Well Laid Plans","Sucker Punch+1","Tools of the Trade","Footwork","Cloak And Dagger+1","Footwork","Backflip+1","Skewer+1","Deflect+1","Adrenaline","Dash+1","Cloak And Dagger+1","Finesse","Dagger Throw+1","Swift Strike+1","Flechettes+1","After Image+1"],"relics":["Ring of the Snake","Shovel","Dodecahedron","White Beast Statue","Strawberry","Anchor","Molten Egg 2","Pen Nib","WristBlade","DollysMirror","Red Mask","Meat on the Bone"],"potions_floor_usage":[16,16,18,25,31,33,33,42,42,47,47,50,50,50],"damage_taken":[{"damage":0,"enemies":"2 Louse","floor":1,"turns":4},{"damage":4,"enemies":"Small Slimes","floor":2,"turns":5},{"damage":9,"enemies":"Lagavulin","floor":7,"turns":9},{"damage":0,"enemies":"Jaw Worm","floor":8,"turns":6},{"damage":0,"enemies":"Looter","floor":11,"turns":4},{"damage":0,"enemies":"Blue Slaver","floor":12,"turns":5},{"damage":16,"enemies":"Hexaghost","floor":16,"turns":12},{"damage":10,"enemies":"Shell Parasite","floor":18,"turns":10},{"damage":19,"enemies":"Chosen","floor":20,"turns":9},{"damage":2,"enemies":"Centurion and Healer","floor":22,"turns":11},{"damage":14,"enemies":"Cultist and Chosen","floor":25,"turns":10},{"damage":18,"enemies":"Sentry and Sphere","floor":30,"turns":12},{"damage":4,"enemies":"Chosen and Byrds","floor":31,"turns":7},{"damage":26,"enemies":"Automaton","floor":33,"turns":17},{"damage":0,"enemies":"Orb Walker","floor":35,"turns":6},{"damage":13,"enemies":"3 Darklings","floor":41,"turns":13},{"damage":9,"enemies":"Transient","floor":42,"turns":5},{"damage":0,"enemies":"Writhing Mass","floor":45,"turns":11},{"damage":5,"enemies":"3 Darklings","floor":47,"turns":7},{"damage":0,"enemies":"Spire Growth","floor":48,"turns":8},{"damage":66,"enemies":"Donu and Deca","floor":50,"turns":17}],"seed_played":"3386833849865727080","potions_obtained":[{"floor":2,"key":"Swift Potion"},{"floor":8,"key":"Regen Potion"},{"floor":12,"key":"FearPotion"},{"floor":18,"key":"Ancient Potion"},{"floor":20,"key":"LiquidBronze"},{"floor":22,"key":"GamblersBrew"},{"floor":25,"key":"Ancient Potion"},{"floor":31,"key":"Energy Potion"},{"floor":33,"key":"GhostInAJar"},{"floor":35,"key":"PowerPotion"},{"floor":41,"key":"Energy Potion"},{"floor":42,"key":"SteroidPotion"},{"floor":45,"key":"SteroidPotion"},{"floor":47,"key":"SpeedPotion"},{"floor":48,"key":"Regen Potion"}],"is_trial":false,"path_per_floor":["M","M","$","?","$","R","E","M","T","R","M","M","?","$","R","B",null,"M","?","M","?","M","R","$","M","T","R","T","R","M","M","R","B",null,"M","?","$","?","?","R","M","M","T","R","M","?","M","M","R","B",null],"character_chosen":"THE_SILENT","items_purchased":["Noxious Fumes","Footwork","Backflip","DollysMirror"],"campfire_rested":3,"item_purchase_floors":[3,24,24,37],"current_hp_per_floor":[77,73,73,73,73,73,64,64,64,64,64,64,69,69,69,68,79,69,69,50,50,48,72,72,58,65,65,65,65,47,43,69,43,78,78,78,78,78,78,78,65,56,56,82,82,82,77,77,77,38],"gold":85,"neow_bonus":"TEN_PERCENT_HP_BONUS","is_prod":false,"is_daily":false,"chose_seed":false,"campfire_upgraded":5,"win_rate":0,"timestamp":1543857534,"path_taken":["M","M","$","?","$","R","E","M","T","R","M","M","?","$","R","BOSS","M","?","M","?","M","R","?","M","T","R","?","R","M","?","R","BOSS","M","?","$","?","?","R","M","M","T","R","M","?","?","M","R","BOSS"],"build_version":"2018-11-15","purchased_purges":0,"victory":true,"max_hp_per_floor":[77,77,77,77,77,77,77,77,77,77,77,77,82,82,82,82,82,82,82,82,82,82,82,82,82,89,89,89,89,89,89,89,89,89,89,89,89,89,89,89,89,89,89,89,89,89,89,89,89,89],"card_choices":[{"not_picked":["Underhanded Strike","Reflex"],"picked":"Caltrops","floor":1},{"not_picked":["Concentrate","Blade Dance"],"picked":"Footwork","floor":2},{"not_picked":["Deadly Poison","Eviscerate"],"picked":"Well Laid Plans","floor":7},{"not_picked":["Well Laid Plans","Acrobatics"],"picked":"Sucker Punch","floor":8},{"not_picked":["Underhanded Strike","Quick Slash","Cloak And Dagger"],"picked":"SKIP","floor":11},{"not_picked":["Outmaneuver","Blade Dance","Tactician"],"picked":"SKIP","floor":12},{"not_picked":["Unload","Storm of Steel"],"picked":"Tools of the Trade","floor":16},{"not_picked":["Riddle With Holes","Bane","Setup"],"picked":"SKIP","floor":18},{"not_picked":["Dagger Throw","Prepared"],"picked":"Footwork","floor":20},{"not_picked":["Catalyst","PiercingWail"],"picked":"Cloak And Dagger+1","floor":22},{"not_picked":["Flechettes","Backflip","Infinite Blades"],"picked":"SKIP","floor":25},{"not_picked":["Expertise+1","Tactician"],"picked":"Skewer+1","floor":30},{"not_picked":["Sucker Punch+1","Flechettes+1"],"picked":"Deflect+1","floor":31},{"not_picked":["Venomology","Envenom"],"picked":"Adrenaline","floor":33},{"not_picked":["Footwork+1","Backflip+1"],"picked":"Dash+1","floor":35},{"not_picked":["Jack Of All Trades","Magnetism"],"picked":"Finesse","floor":38},{"not_picked":["Poisoned Stab+1","Dodge and Roll"],"picked":"Dagger Throw+1","floor":41},{"not_picked":["Caltrops+1","Quick Slash+1","Outmaneuver"],"picked":"SKIP","floor":42},{"not_picked":["Eviscerate+1","Bane+1","Underhanded Strike+1"],"picked":"SKIP","floor":45},{"not_picked":["Sucker Punch+1","Flying Knee+1"],"picked":"After Image","floor":47},{"not_picked":["Escape Plan+1","Setup+1","Flying Knee+1"],"picked":"SKIP","floor":48}],"player_experience":556257,"relics_obtained":[{"floor":7,"key":"Shovel"},{"floor":9,"key":"Dodecahedron"},{"floor":26,"key":"Strawberry"},{"floor":27,"key":"Anchor"},{"floor":28,"key":"Molten Egg 2"},{"floor":29,"key":"Pen Nib"},{"floor":43,"key":"Meat on the Bone"}],"event_choices":[{"damage_healed":0,"gold_gain":0,"player_choice":"Ignored","damage_taken":0,"max_hp_gain":0,"max_hp_loss":0,"event_name":"Golden Wing","floor":4,"gold_loss":0},{"damage_healed":0,"gold_gain":0,"player_choice":"Donut","damage_taken":0,"max_hp_gain":5,"max_hp_loss":0,"event_name":"Big Fish","floor":13,"gold_loss":0},{"damage_healed":0,"gold_gain":0,"player_choice":"Ignored","damage_taken":0,"max_hp_gain":0,"max_hp_loss":0,"event_name":"Ghosts","floor":19,"gold_loss":0},{"cards_removed":["Strike_G"],"damage_healed":0,"gold_gain":0,"player_choice":"Gave Gold","damage_taken":0,"max_hp_gain":0,"max_hp_loss":0,"event_name":"Beggar","floor":21,"gold_loss":75},{"cards_removed":["Strike_G"],"damage_healed":0,"gold_gain":0,"player_choice":"Removed Attack","damage_taken":0,"max_hp_gain":0,"max_hp_loss":0,"event_name":"Falling","floor":36,"gold_loss":0},{"damage_healed":0,"gold_gain":0,"player_choice":"Memory 1","damage_taken":0,"max_hp_gain":0,"max_hp_loss":0,"event_name":"SensoryStone","floor":38,"gold_loss":0},{"damage_healed":0,"gold_gain":0,"player_choice":"Paid","damage_taken":0,"relics_obtained":["Red Mask"],"max_hp_gain":0,"max_hp_loss":0,"event_name":"Tomb of Lord Red Mask","floor":39,"gold_loss":66},{"damage_healed":0,"gold_gain":0,"player_choice":"2 cards matched","damage_taken":0,"max_hp_gain":0,"max_hp_loss":0,"event_name":"Match and Keep!","floor":46,"gold_loss":0,"cards_obtained":["Swift Strike","Flechettes"]}],"is_beta":true,"boss_relics":[{"not_picked":["Ectoplasm","Velvet Choker"],"picked":"White Beast Statue"},{"not_picked":["Astrolabe","Black Star"],"picked":"WristBlade"}],"items_purged_floors":[],"is_endless":false,"potions_floor_spawned":[2,8,12,18,20,22,25,30,31,33,35,41,42,45,47,48],"ascension_level":5}