{"path_per_floor":["M","M","?","M","M","R","?","M","T","$","?","M","R","M","R","B",null,"M","?","?","?","?","R","T","R","T","$","M","$","R","M","R"],"character_chosen":"IRONCLAD","items_purchased":["Strawberry"],"gold_per_floor":[109,121,121,131,147,147,147,164,189,38,38,50,50,65,65,160,160,172,97,125,125,125,125,125,125,125,50,67,67,67,82,82,82],"floor_reached":33,"campfire_rested":3,"playtime":3119,"item_purchase_floors":[10],"current_hp_per_floor":[80,80,80,78,80,80,80,80,80,87,87,87,87,87,87,53,87,74,74,28,28,28,55,55,82,82,82,76,76,90,83,83,0],"items_purged":["Strike_R"],"gold":82,"score":235,"play_id":"16019e3b-ddcd-4e81-9fc4-e5206006a4e4","local_time":"20180528225415","is_prod":false,"is_daily":false,"chose_seed":false,"is_ascension_mode":false,"campfire_upgraded":4,"win_rate":0.0,"timestamp":1527566055,"campfire_choices":[{"data":"Dual Wield","floor":6,"key":"SMITH"},{"data":"Rampage","floor":13,"key":"SMITH"},{"data":"Rampage","floor":15,"key":"SMITH"},{"floor":23,"key":"REST"},{"floor":25,"key":"REST"},{"floor":30,"key":"REST"},{"data":"Anger","floor":32,"key":"SMITH"}],"path_taken":["M","M","?","?","?","R","?","?","T","$","?","M","R","M","R","BOSS","M","?","?","?","?","R","?","R","T","$","M","$","R","M","R","BOSS"],"build_version":"2018-05-27","seed_source_timestamp":508483432752093,"purchased_purges":1,"victory":false,"master_deck":["Strike_R","Strike_R","Defend_R","Defend_R+1","Defend_R+1","Bash","Anger+1","Dual Wield+1","Rampage+1","Rampage+1","Feed","Shrug It Off+1","Flame Barrier"],"max_hp_per_floor":[80,80,80,80,80,80,80,80,80,87,87,87,87,87,87,87,87,87,87,90,90,90,90,90,90,90,90,90,90,90,93,93,93],"relics":["Burning Blood","Bronze Scales","Strawberry","White Beast Statue","Red Mask","Kunai","War Paint"],"card_choices":[{"not_picked":["Bloodletting","Corruption"],"picked":"Anger","floor":1},{"not_picked":["Warcry","Pommel Strike","Intimidate"],"picked":"SKIP","floor":2},{"not_picked":["Body Slam","Shrug It Off","Evolve"],"picked":"SKIP","floor":4},{"not_picked":["Headbutt","Pommel Strike"],"picked":"Rampage","floor":5},{"not_picked":["Sentinel","True Grit","Clothesline"],"picked":"SKIP","floor":8},{"not_picked":["Perfected Strike","Armaments","Pommel Strike"],"picked":"SKIP","floor":12},{"not_picked":["Headbutt","Dropkick"],"picked":"Rampage","floor":14},{"not_picked":["Fiend Fire","Impervious"],"picked":"Feed","floor":16},{"not_picked":["Hemokinesis","Anger"],"picked":"Shrug It Off+1","floor":18},{"not_picked":["Cleave","Intimidate","Sword Boomerang"],"picked":"SKIP","floor":28},{"not_picked":["Twin Strike","Inflame","Thunderclap"],"picked":"SKIP","floor":31}],"player_experience":154229,"potions_floor_usage":[5,14,16,16,20,28,31,33],"damage_taken":[{"damage":5,"enemies":"2 Louse","floor":1,"turns":3},{"damage":1,"enemies":"Cultist","floor":2,"turns":3},{"damage":8,"enemies":"Jaw Worm","floor":4,"turns":4},{"damage":1,"enemies":"Looter","floor":5,"turns":4},{"damage":6,"enemies":"Red Slaver","floor":8,"turns":3},{"damage":4,"enemies":"2 Fungi Beasts","floor":12,"turns":3},{"damage":0,"enemies":"Looter","floor":14,"turns":3},{"damage":40,"enemies":"Slime Boss","floor":16,"turns":10},{"damage":19,"enemies":"Spheric Guardian","floor":18,"turns":4},{"damage":55,"enemies":"Masked Bandits","floor":20,"turns":5},{"damage":12,"enemies":"Chosen","floor":28,"turns":6},{"damage":16,"enemies":"Slaver and Parasite","floor":31,"turns":6},{"damage":103,"enemies":"Collector","floor":33,"turns":11}],"relics_obtained":[{"floor":9,"key":"Bronze Scales"},{"floor":20,"key":"Red Mask"},{"floor":24,"key":"Kunai"},{"floor":26,"key":"War Paint"}],"event_choices":[{"event_name":"Living Wall","player_choice":"Change","floor":3,"damage_taken":0},{"event_name":"Purifier","player_choice":"One Purge","floor":7,"damage_taken":0},{"event_name":"The Lab","player_choice":"Got Potions","floor":11,"damage_taken":0},{"event_name":"Beggar","player_choice":"Gave Gold","floor":19,"damage_taken":0},{"event_name":"Masked Bandits","player_choice":"Fought over 97 gold","floor":20,"damage_taken":0},{"event_name":"Ghosts","player_choice":"Ignored","floor":21,"damage_taken":0},{"event_name":"Match and Keep!","player_choice":"1 cards matched","floor":22,"damage_taken":0}],"boss_relics":[{"not_picked":["Calling Bell","Cursed Key"],"picked":"White Beast Statue"}],"items_purged_floors":[27],"potions_floor_spawned":[1,2,4,18,20,28,31],"seed_played":"-2870525079768310667","killed_by":"Collector","ascension_level":0,"potions_obtained":[{"floor":1,"key":"Strength Potion"},{"floor":2,"key":"EssenceOfSteel"},{"floor":4,"key":"SteroidPotion"},{"floor":11,"key":"Energy Potion"},{"floor":11,"key":"Block Potion"},{"floor":18,"key":"LiquidBronze"},{"floor":20,"key":"Poison Potion"},{"floor":28,"key":"Fire Potion"},{"floor":31,"key":"Block Potion"}],"is_trial":false}