{"path_per_floor":["M","M","M","$","M","R","$","M","T","R","M","M","M","M","R","B",null,"M","M","?","$","?","E","R","?","T","$","M"],"character_chosen":"IRONCLAD","items_purchased":["Inflame","Anger","Clash","Flex","Mind Blast","Flex","Fire Potion","PowerPotion"],"gold_per_floor":[109,126,146,71,83,83,32,47,47,47,60,73,93,107,107,209,209,226,240,240,74,74,108,108,108,131,4,15,15],"floor_reached":29,"campfire_rested":3,"playtime":883,"item_purchase_floors":[4,7,21,21,21,27,27,27],"current_hp_per_floor":[80,78,80,80,80,80,80,63,63,80,79,69,63,60,80,33,80,73,58,80,80,80,37,61,61,61,61,9,0],"items_purged":[],"gold":15,"score":239,"play_id":"8635f5d7-951b-4018-a97a-317b35c4070e","local_time":"20180519202048","is_prod":false,"is_daily":false,"chose_seed":false,"is_ascension_mode":false,"campfire_upgraded":1,"timestamp":1526779248,"campfire_choices":[{"data":"Inflame","floor":6,"key":"SMITH"},{"floor":10,"key":"REST"},{"floor":15,"key":"REST"},{"floor":24,"key":"REST"}],"path_taken":["M","M","?","?","M","R","?","M","T","R","M","?","M","M","R","BOSS","M","M","?","$","?","E","R","?","T","?","M","?"],"build_version":"2018-05-18","seed_source_timestamp":267469987392888,"purchased_purges":0,"victory":false,"master_deck":["Strike_R","Strike_R","Strike_R","Strike_R","Strike_R","Defend_R","Defend_R","Defend_R","Bash","Searing Blow","Twin Strike","Shrug It Off","Inflame+1","Anger","Headbutt","Perfected Strike","Thunderclap","Demon Form","Flex","Clash","Flex","Mind Blast","Clothesline","Feed","Flex","Battle Trance"],"max_hp_per_floor":[80,80,80,80,80,80,80,80,80,80,80,80,80,80,80,80,80,80,80,80,80,80,80,80,80,80,80,80,80],"relics":["Burning Blood","Pantograph","Black Star","Darkstone Periapt","Paper Frog","Oddly Smooth Stone"],"card_choices":[{"not_picked":["Blood for Blood","Feel No Pain"],"picked":"Searing Blow","floor":1},{"not_picked":["Rupture","Bloodletting"],"picked":"Twin Strike","floor":2},{"not_picked":["True Grit","Impervious"],"picked":"Shrug It Off","floor":3},{"not_picked":["Pommel Strike","Warcry","Iron Wave"],"picked":"SKIP","floor":5},{"not_picked":["Burning Pact","Flame Barrier","Warcry"],"picked":"SKIP","floor":8},{"not_picked":["Warcry","Reckless Charge","Body Slam"],"picked":"SKIP","floor":11},{"not_picked":["Armaments","Sever Soul"],"picked":"Headbutt","floor":12},{"not_picked":["Power Through","Iron Wave"],"picked":"Perfected Strike","floor":13},{"not_picked":["Twin Strike","Pummel"],"picked":"Thunderclap","floor":14},{"not_picked":["Dark Embrace","Double Tap"],"picked":"Demon Form","floor":16},{"not_picked":["Headbutt","Dual Wield"],"picked":"Flex","floor":18},{"not_picked":["Body Slam","Twin Strike","Sever Soul"],"picked":"SKIP","floor":19},{"not_picked":["Offering","Dark Embrace"],"picked":"Feed","floor":23},{"not_picked":["Clash","Second Wind"],"picked":"Battle Trance","floor":28}],"player_experience":92794,"potions_floor_usage":[16,23,23,23,28,28,28],"damage_taken":[{"damage":1,"enemies":"Cultist","floor":1,"turns":3},{"damage":8,"enemies":"Jaw Worm","floor":2,"turns":4},{"damage":0,"enemies":"2 Louse","floor":3,"turns":2},{"damage":6,"enemies":"Blue Slaver","floor":5,"turns":5},{"damage":23,"enemies":"Exordium Wildlife","floor":8,"turns":5},{"damage":7,"enemies":"Looter","floor":11,"turns":3},{"damage":16,"enemies":"Lots of Slimes","floor":12,"turns":5},{"damage":12,"enemies":"Blue Slaver","floor":13,"turns":4},{"damage":9,"enemies":"2 Fungi Beasts","floor":14,"turns":2},{"damage":68,"enemies":"The Guardian","floor":16,"turns":12},{"damage":13,"enemies":"Chosen","floor":18,"turns":5},{"damage":21,"enemies":"Spheric Guardian","floor":19,"turns":5},{"damage":49,"enemies":"Book of Stabbing","floor":23,"turns":5},{"damage":58,"enemies":"Cultist and Chosen","floor":28,"turns":6},{"damage":10,"enemies":"Snake Plant","floor":29,"turns":2}],"relics_obtained":[{"floor":9,"key":"Pantograph"},{"floor":23,"key":"Darkstone Periapt"},{"floor":23,"key":"Paper Frog"},{"floor":26,"key":"Oddly Smooth Stone"}],"event_choices":[{"event_name":"The Library","player_choice":"Heal","floor":20,"damage_taken":0},{"event_name":"Transmorgrifier","player_choice":"Transform","floor":22,"damage_taken":0},{"event_name":"Ghosts","player_choice":"Ignored","floor":25,"damage_taken":0}],"boss_relics":[{"not_picked":["Sozu","Philosopher\u0027s Stone"],"picked":"Black Star"}],"items_purged_floors":[],"potions_floor_spawned":[1,11,14,16,19,23],"seed_played":"-3063851715921911462","killed_by":"Snake Plant","ascension_level":0,"potions_obtained":[{"floor":1,"key":"Strength Potion"},{"floor":11,"key":"Swift Potion"},{"floor":14,"key":"Regen Potion"},{"floor":16,"key":"GamblersBrew"},{"floor":19,"key":"FearPotion"},{"floor":23,"key":"Poison Potion"}],"is_trial":false}