{"gold_per_floor":[109,126,142,152,167,167,167,195,195,195,195,215,90,103,103,180,180,195,206,121,32,48,48,78,0,0,0,12,12,29,46,46,46],"floor_reached":33,"playtime":1479,"items_purged":[],"score":474,"play_id":"78739d20-0a5f-401c-9043-a6e3746d0cc8","local_time":"20180713133618","is_ascension_mode":true,"campfire_choices":[{"data":"Neutralize","floor":6,"key":"SMITH"},{"floor":11,"key":"REST"},{"floor":15,"key":"REST"},{"floor":23,"key":"REST"},{"floor":27,"key":"REST"},{"floor":29,"key":"REST"},{"floor":32,"key":"REST"}],"neow_cost":"NONE","seed_source_timestamp":221744477842172,"circlet_count":0,"master_deck":["Survivor","Neutralize+1","AscendersBane","Dagger Spray","Crippling Poison+1","Infinite Blades","Dodge and Roll","Deadly Poison","Backflip","Adrenaline","Escape Plan","Sucker Punch+1","Well Laid Plans","Backflip","Backflip","Flying Knee+1","PiercingWail","Blur","Flying Knee+1","Blade Dance","Cloak And Dagger","Deadly Poison","Sucker Punch+1","Underhanded Strike+1","Dagger Spray+1","Mind Blast+1","Cloak And Dagger+1","Finisher+1","Infinite Blades","Backstab+1","Terror"],"relics":["Ring of the Snake","Whetstone","Molten Egg 2","Pandora\u0027s Box","Dream Catcher","The Specimen","Du-Vu Doll"],"potions_floor_usage":[4,8,24,30,33,33],"damage_taken":[{"damage":0,"enemies":"Jaw Worm","floor":1,"turns":6},{"damage":2,"enemies":"Cultist","floor":2,"turns":5},{"damage":9,"enemies":"Small Slimes","floor":3,"turns":3},{"damage":1,"enemies":"Looter","floor":4,"turns":4},{"damage":12,"enemies":"Exordium Wildlife","floor":5,"turns":5},{"damage":15,"enemies":"Gremlin Nob","floor":8,"turns":5},{"damage":11,"enemies":"Exordium Thugs","floor":12,"turns":5},{"damage":0,"enemies":"Large Slime","floor":14,"turns":5},{"damage":10,"enemies":"The Guardian","floor":16,"turns":13},{"damage":5,"enemies":"Chosen","floor":18,"turns":5},{"damage":2,"enemies":"Shell Parasite","floor":19,"turns":7},{"damage":26,"enemies":"Snecko","floor":22,"turns":6},{"damage":31,"enemies":"Slavers","floor":24,"turns":5},{"damage":9,"enemies":"Snake Plant","floor":28,"turns":2},{"damage":6,"enemies":"Centurion and Healer","floor":30,"turns":5},{"damage":20,"enemies":"Sentry and Sphere","floor":31,"turns":5},{"damage":78,"enemies":"Collector","floor":33,"turns":7}],"seed_played":"4706435703272223478","potions_obtained":[{"floor":1,"key":"Swift Potion"},{"floor":3,"key":"SpeedPotion"},{"floor":12,"key":"GhostInAJar"},{"floor":14,"key":"Swift Potion"},{"floor":24,"key":"Poison Potion"},{"floor":28,"key":"FearPotion"},{"floor":31,"key":"SpeedPotion"}],"is_trial":false,"path_per_floor":["M","M","M","M","M","R","?","E","T","?","R","M","$","M","R","B",null,"M","M","?","$","M","R","E","?","T","R","M","R","M","M","R"],"character_chosen":"THE_SILENT","items_purchased":["Sucker Punch+1","Well Laid Plans","Mind Blast+1"],"campfire_rested":6,"item_purchase_floors":[13,13,21],"current_hp_per_floor":[59,57,48,47,35,35,35,20,20,20,39,28,28,28,47,37,59,54,52,52,52,26,45,14,14,14,33,24,43,37,17,36,0],"gold":46,"neow_bonus":"THREE_CARDS","is_prod":false,"is_daily":false,"chose_seed":false,"campfire_upgraded":1,"win_rate":0,"timestamp":1531481778,"path_taken":["M","M","M","M","M","R","?","E","T","?","R","?","$","M","R","BOSS","M","M","?","$","M","R","E","?","T","R","M","R","?","M","R","BOSS"],"build_version":"2018-07-12","purchased_purges":0,"victory":false,"max_hp_per_floor":[66,66,66,66,66,66,66,66,66,66,66,66,66,66,66,66,66,66,66,66,66,66,66,66,66,66,66,66,66,66,66,66,66],"card_choices":[{"not_picked":["Crippling Poison","Backflip"],"picked":"Dagger Spray","floor":0},{"not_picked":["Blur","Blade Dance"],"picked":"Crippling Poison","floor":1},{"not_picked":["Backflip","Bane"],"picked":"Infinite Blades","floor":2},{"not_picked":["Sucker Punch","Crippling Poison"],"picked":"Dodge and Roll","floor":3},{"not_picked":["Dagger Spray","Bouncing Flask"],"picked":"Deadly Poison","floor":4},{"not_picked":["Reflex","Deadly Poison"],"picked":"Backflip","floor":5},{"not_picked":["Infinite Blades","Terror"],"picked":"Adrenaline","floor":8},{"not_picked":["Distraction","Prepared"],"picked":"Escape Plan","floor":12},{"not_picked":["Sucker Punch+1","Bouncing Flask"],"picked":"Backflip","floor":14},{"not_picked":["Prepared","Dagger Throw+1"],"picked":"Dagger Spray+1","floor":18},{"not_picked":["Slice+1","Masterful Stab+1","Deadly Poison"],"picked":"SKIP","floor":19},{"not_picked":["Dagger Spray+1","Dodge and Roll","Slice+1"],"picked":"SKIP","floor":22},{"not_picked":["Terror","Masterful Stab+1"],"picked":"Cloak And Dagger+1","floor":24},{"not_picked":["Caltrops","Blur"],"picked":"Finisher+1","floor":27},{"not_picked":["Bane+1","Sucker Punch+1","Calculated Gamble"],"picked":"SKIP","floor":28},{"not_picked":["PiercingWail","Quick Slash+1"],"picked":"Infinite Blades","floor":30},{"not_picked":["Cloak And Dagger","Quick Slash+1"],"picked":"Backstab+1","floor":31},{"not_picked":["All Out Attack+1","Quick Slash+1"],"picked":"Terror","floor":32}],"player_experience":1028789,"relics_obtained":[{"floor":8,"key":"Whetstone"},{"floor":9,"key":"Molten Egg 2"},{"floor":24,"key":"The Specimen"},{"floor":26,"key":"Du-Vu Doll"}],"event_choices":[{"event_name":"Accursed Blacksmith","player_choice":"Forge","floor":7,"damage_taken":0},{"event_name":"Golden Idol","player_choice":"Ignored","floor":10,"damage_taken":0},{"event_name":"Addict","player_choice":"Obtained Relic","floor":20,"damage_taken":0},{"event_name":"Masked Bandits","player_choice":"Paid Bandits 78 gold","floor":25,"damage_taken":0}],"boss_relics":[{"not_picked":["Velvet Choker","Eternal Feather"],"picked":"Pandora\u0027s Box"}],"items_purged_floors":[],"is_endless":false,"potions_floor_spawned":[1,3,12,14,19,24,28,31],"killed_by":"Collector","ascension_level":15}