{"gold_per_floor":[115,115,134,134,147,147,180,180,180,210,210,240,254,11,11,11],"floor_reached":16,"playtime":968,"items_purged":["Strike_R"],"score":189,"play_id":"914479d0-ac21-4275-95e4-ada828ac6492","local_time":"20190112200017","is_ascension_mode":true,"campfire_choices":[{"floor":6.0,"key":"REST"},{"data":"Hemokinesis","floor":8.0,"key":"SMITH"},{"floor":11.0,"key":"REST"},{"floor":15.0,"key":"REST"}],"neow_cost":"NONE","seed_source_timestamp":0,"circlet_count":0,"master_deck":["AscendersBane","Strike_R","Strike_R","Strike_R","Defend_R","Defend_R","Defend_R","Defend_R+1","Bash+1","Anger","Dropkick","Hemokinesis+1","Clothesline","Cleave","Hemokinesis","Anger","Apotheosis+1"],"special_seed":0,"relics":["Burning Blood","Dodecahedron","Toxic Egg 2","Potion Belt","Strawberry"],"potions_floor_usage":[16],"damage_taken":[{"damage":6.0,"enemies":"Cultist","floor":1.0,"turns":3.0},{"damage":5.0,"enemies":"2 Louse","floor":3.0,"turns":3.0},{"damage":8.0,"enemies":"Small Slimes","floor":5.0,"turns":3.0},{"damage":30.0,"enemies":"Lagavulin","floor":7.0,"turns":5.0},{"damage":31.0,"enemies":"3 Sentries","floor":10.0,"turns":6.0},{"damage":35.0,"enemies":"Lagavulin","floor":12.0,"turns":5.0},{"damage":12.0,"enemies":"Red Slaver","floor":13.0,"turns":3.0},{"damage":74,"enemies":"The Guardian","floor":16,"turns":10}],"seed_played":"-5669440400638622400","potions_obtained":[{"floor":3.0,"key":"Poison Potion"},{"floor":10.0,"key":"SteroidPotion"},{"floor":12.0,"key":"SkillPotion"}],"is_trial":false,"path_per_floor":["M","?","M","?","M","R","E","R","T","E","R","E","M","$","R","B"],"character_chosen":"IRONCLAD","items_purchased":["Apotheosis+1"],"campfire_rested":3,"item_purchase_floors":[14],"current_hp_per_floor":[72,56,57,57,55,79,55,55,55,30,54,32,26,26,52,0],"gold":11,"neow_bonus":"UPGRADE_CARD","is_prod":false,"is_daily":false,"chose_seed":false,"campfire_upgraded":1,"win_rate":0,"timestamp":1547341217,"path_taken":["M","?","M","?","M","R","E","R","T","E","R","E","?","$","R","BOSS"],"build_version":"2019-01-10","purchased_purges":1,"victory":false,"max_hp_per_floor":[80,80,80,80,80,80,80,80,80,80,80,87,87,87,87,87],"card_choices":[{"not_picked":["Searing Blow","Warcry"],"picked":"Anger","floor":1.0},{"not_picked":["Clash","Anger"],"picked":"Dropkick","floor":3.0},{"not_picked":["Fire Breathing","Second Wind"],"picked":"Clothesline","floor":5.0},{"not_picked":["Limit Break","Sword Boomerang"],"picked":"Cleave","floor":7.0},{"not_picked":["Entrench+1","Sword Boomerang"],"picked":"Hemokinesis","floor":10.0},{"not_picked":["Sentinel+1","Second Wind+1"],"picked":"Anger","floor":12.0},{"not_picked":["Twin Strike","Havoc+1","Clothesline"],"picked":"SKIP","floor":13.0}],"player_experience":2097873,"relics_obtained":[{"floor":7.0,"key":"Dodecahedron"},{"floor":9.0,"key":"Toxic Egg 2"},{"floor":10.0,"key":"Potion Belt"},{"floor":12.0,"key":"Strawberry"}],"event_choices":[{"damage_healed":0.0,"max_hp_gain":0.0,"max_hp_loss":0.0,"gold_gain":0.0,"event_name":"Shining Light","player_choice":"Entered Light","floor":2.0,"gold_loss":0.0,"damage_taken":16.0,"cards_upgraded":["Strike_R","Defend_R"]},{"damage_healed":0.0,"max_hp_gain":0.0,"max_hp_loss":0.0,"gold_gain":0.0,"cards_transformed":["Strike_R"],"event_name":"Transmorgrifier","player_choice":"Transformed","floor":4.0,"gold_loss":0.0,"damage_taken":0.0,"cards_obtained":["Hemokinesis"]}],"is_beta":false,"boss_relics":[],"items_purged_floors":[14],"is_endless":false,"potions_floor_spawned":[3,10,12],"killed_by":"The Guardian","ascension_level":12}