{"gold_per_floor":[115,115,135,151,23,23,57,70,70,84,84,95,95,2,2,100,100,110,35,35,35,52,52,6,6,31,31,31,65,77,104,104,204,204,221,271,4,24,35,35],"floor_reached":40,"playtime":2170,"items_purged":["Defend_R","Defend_R"],"score":470,"play_id":"9d805f3d-3a82-43a5-8dcb-53b7df0bce96","local_time":"20190213213501","is_ascension_mode":true,"campfire_choices":[{"data":"Second Wind","floor":6.0,"key":"SMITH"},{"data":"Fiend Fire","floor":11.0,"key":"SMITH"},{"data":"Armaments","floor":13.0,"key":"SMITH"},{"data":"Shrug It Off","floor":15.0,"key":"SMITH"},{"data":"True Grit","floor":23.0,"key":"SMITH"},{"data":"Warcry","floor":27.0,"key":"SMITH"},{"data":"Havoc","floor":32.0,"key":"SMITH"}],"neow_cost":"NONE","seed_source_timestamp":0,"circlet_count":0,"master_deck":["Defend_R","Defend_R","Bash+1","Sentinel","Second Wind+1","Cleave","Shrug It Off+1","Shrug It Off","Fiend Fire+1","Armaments+1","Havoc+1","Infernal Blade","Fiend Fire","Bite","Bite","Bite","Bite","True Grit+1","Warcry+1","Inflame+1","Combust","Secret Technique","Feel No Pain","PanicButton"],"special_seed":0,"relics":["Burning Blood","Du-Vu Doll","Calipers","Sozu","Centennial Puzzle","SsserpentHead","Ginger","Dodecahedron","Runic Cube"],"potions_floor_usage":[],"damage_taken":[{"damage":0.0,"enemies":"Small Slimes","floor":1.0,"turns":3.0},{"damage":6.0,"enemies":"Cultist","floor":3.0,"turns":4.0},{"damage":4.0,"enemies":"2 Louse","floor":4.0,"turns":3.0},{"damage":38.0,"enemies":"Lagavulin","floor":7.0,"turns":10.0},{"damage":8.0,"enemies":"Looter","floor":8.0,"turns":4.0},{"damage":5.0,"enemies":"Gremlin Gang","floor":10.0,"turns":3.0},{"damage":20.0,"enemies":"Exordium Wildlife","floor":12.0,"turns":6.0},{"damage":22.0,"enemies":"Hexaghost","floor":16.0,"turns":11.0},{"damage":18.0,"enemies":"Shell Parasite","floor":18.0,"turns":8.0},{"damage":0.0,"enemies":"Chosen","floor":22.0,"turns":4.0},{"damage":43.0,"enemies":"Slavers","floor":29.0,"turns":10.0},{"damage":3.0,"enemies":"Snake Plant","floor":30.0,"turns":3.0},{"damage":52.0,"enemies":"Gremlin Leader","floor":31.0,"turns":7.0},{"damage":58.0,"enemies":"Automaton","floor":33.0,"turns":11.0},{"damage":30,"enemies":"3 Darklings","floor":35,"turns":4},{"damage":3,"enemies":"Orb Walker","floor":38,"turns":2},{"damage":29,"enemies":"4 Shapes","floor":39,"turns":5},{"damage":35,"enemies":"Reptomancer","floor":40,"turns":2}],"seed_played":"-8255335859288753590","potions_obtained":[{"floor":1.0,"key":"Explosive Potion"},{"floor":7.0,"key":"SpeedPotion"},{"floor":10.0,"key":"FearPotion"},{"floor":16.0,"key":"Strength Potion"}],"is_trial":false,"path_per_floor":["M","?","M","M","$","R","E","M","T","M","R","M","R","$","R","B",null,"M","?","?","?","M","R","$","?","T","R","?","E","M","E","R","B",null,"M","?","$","M","M","E"],"character_chosen":"IRONCLAD","items_purchased":["Shrug It Off","Havoc","Infernal Blade","Warcry","Feel No Pain","PanicButton"],"campfire_rested":0,"item_purchase_floors":[5,14,14,24,37,37],"current_hp_per_floor":[80,80,80,80,80,80,48,46,46,47,47,33,33,33,33,17,80,68,68,56,56,56,56,56,56,56,56,56,44,51,21,21,20,56,35,35,35,38,26,0],"gold":35,"neow_bonus":"THREE_CARDS","is_prod":false,"is_daily":false,"chose_seed":false,"campfire_upgraded":7,"win_rate":0,"timestamp":1550090101,"path_taken":["M","?","M","M","?","R","E","M","T","M","R","M","R","$","R","BOSS","M","?","?","?","?","R","$","?","T","R","?","E","M","E","R","BOSS","M","?","$","M","M","E"],"build_version":"2019-01-23","purchased_purges":2,"victory":false,"max_hp_per_floor":[80,80,80,80,80,80,80,80,80,80,80,80,80,80,80,80,80,80,80,56,56,56,56,56,56,56,56,56,56,56,56,56,56,56,56,56,56,56,56,56],"card_choices":[{"not_picked":["Clash","Thunderclap"],"picked":"Sentinel","floor":0.0},{"not_picked":["Infernal Blade","Sword Boomerang"],"picked":"Second Wind","floor":1.0},{"not_picked":["Ghostly Armor","Rage"],"picked":"Cleave","floor":3.0},{"not_picked":["Whirlwind","Thunderclap"],"picked":"Shrug It Off","floor":4.0},{"not_picked":["Dropkick","Clothesline"],"picked":"Fiend Fire","floor":7.0},{"not_picked":["Clash","Hemokinesis","Anger"],"picked":"SKIP","floor":8.0},{"not_picked":["Twin Strike","Shockwave","Headbutt"],"picked":"SKIP","floor":10.0},{"not_picked":["Thunderclap","Seeing Red"],"picked":"Armaments","floor":12.0},{"not_picked":["Berserk","Limit Break"],"picked":"Fiend Fire","floor":16.0},{"not_picked":["Anger","Flex","Wild Strike"],"picked":"SKIP","floor":18.0},{"not_picked":["Pommel Strike","Rage","Rampage"],"picked":"SKIP","floor":22.0},{"not_picked":["Twin Strike","Flex"],"picked":"Inflame+1","floor":29.0},{"not_picked":["Armaments+1","Blood for Blood"],"picked":"Combust","floor":30.0},{"not_picked":["Hemokinesis+1","Wild Strike","Headbutt+1"],"picked":"SKIP","floor":31.0},{"not_picked":["Hemokinesis+1","Seeing Red","Twin Strike"],"picked":"SKIP","floor":35},{"not_picked":["Enlightenment","Bandage Up"],"picked":"Secret Technique","floor":36},{"not_picked":["Hemokinesis","Clash","Twin Strike+1"],"picked":"SKIP","floor":38},{"not_picked":["Havoc","Thunderclap+1","Searing Blow"],"picked":"SKIP","floor":39}],"player_experience":84193,"relics_obtained":[{"floor":7.0,"key":"Du-Vu Doll"},{"floor":9.0,"key":"Calipers"},{"floor":26.0,"key":"Centennial Puzzle"},{"floor":29.0,"key":"Ginger"},{"floor":31.0,"key":"Dodecahedron"}],"event_choices":[{"damage_healed":0.0,"max_hp_gain":0.0,"max_hp_loss":0.0,"gold_gain":0.0,"event_name":"Upgrade Shrine","player_choice":"Upgraded","floor":2.0,"gold_loss":0.0,"damage_taken":0.0,"cards_upgraded":["Bash"]},{"cards_removed":["Strike_R"],"damage_healed":0.0,"max_hp_gain":0.0,"max_hp_loss":0.0,"gold_gain":0.0,"event_name":"Beggar","player_choice":"Gave Gold","floor":19.0,"gold_loss":75.0,"damage_taken":0.0},{"damage_healed":0.0,"max_hp_gain":0.0,"max_hp_loss":24.0,"gold_gain":0.0,"event_name":"Vampires","player_choice":"Became a vampire","floor":20.0,"gold_loss":0.0,"damage_taken":0.0,"cards_obtained":["Bite","Bite","Bite","Bite","Bite"]},{"damage_healed":0.0,"max_hp_gain":0.0,"max_hp_loss":0.0,"gold_gain":0.0,"event_name":"Match and Keep!","player_choice":"1 cards matched","floor":21.0,"gold_loss":0.0,"damage_taken":0.0,"cards_obtained":["True Grit"]},{"cards_removed":["Bite"],"damage_healed":0.0,"max_hp_gain":0.0,"max_hp_loss":0.0,"gold_gain":0.0,"event_name":"Back to Basics","player_choice":"Elegance","floor":25.0,"gold_loss":0.0,"damage_taken":0.0},{"damage_healed":0.0,"max_hp_gain":0.0,"max_hp_loss":0.0,"gold_gain":0.0,"event_name":"FaceTrader","player_choice":"Trade","floor":28.0,"gold_loss":0.0,"damage_taken":0.0,"relics_obtained":["SsserpentHead"]},{"damage_healed":0,"gold_gain":0,"player_choice":"Memory 1","damage_taken":0,"max_hp_gain":0,"max_hp_loss":0,"event_name":"SensoryStone","floor":36,"gold_loss":0}],"is_beta":false,"boss_relics":[{"not_picked":["White Beast Statue","Philosopher\u0027s Stone"],"picked":"Sozu"},{"not_picked":["Eternal Feather","Tiny House"],"picked":"Runic Cube"}],"items_purged_floors":[5,37],"is_endless":false,"potions_floor_spawned":[1,7,10,16,18,29,33,38],"killed_by":"Reptomancer","ascension_level":1}