{"gold_per_floor":[119,130,147,147,164,164,52,52,52,68,149,166,166,186,186,259,259,272,285,285,285,285,285,303,321,344,344],"floor_reached":27,"playtime":975,"items_purged":["Strike_B"],"score":414,"play_id":"f4042e72-7377-4e16-b959-f5e7cdae53f6","local_time":"20190211020353","is_ascension_mode":true,"campfire_choices":[{"data":"Zap","floor":6,"key":"SMITH"},{"floor":13,"key":"REST"},{"data":"Streamline","floor":15,"key":"SMITH"},{"floor":23,"key":"REST"}],"neow_cost":"NONE","seed_source_timestamp":1633298006456833,"circlet_count":0,"master_deck":["AscendersBane","Defend_B","Defend_B","Defend_B","Zap+1","Dualcast","Streamline+1","Sweeping Beam","Ball Lightning","Ball Lightning","Self Repair","Conserve Battery","Capacitor+1","Loop+1","Amplify","Buffer+1","Multi-Cast+1","Recycle+1","Steam"],"relics":["Cracked Core","Nunchaku","Frozen Egg 2","Astrolabe","PreservedInsect"],"potions_floor_usage":[10,16,16,25,25],"damage_taken":[{"damage":1,"enemies":"Cultist","floor":1,"turns":3},{"damage":14,"enemies":"Jaw Worm","floor":2,"turns":4},{"damage":1,"enemies":"2 Louse","floor":3,"turns":2},{"damage":18,"enemies":"Lots of Slimes","floor":5,"turns":3},{"damage":11,"enemies":"Exordium Thugs","floor":10,"turns":3},{"damage":0,"enemies":"3 Louse","floor":12,"turns":3},{"damage":19,"enemies":"Exordium Wildlife","floor":14,"turns":4},{"damage":27,"enemies":"Hexaghost","floor":16,"turns":6},{"damage":32,"enemies":"2 Thieves","floor":18,"turns":4},{"damage":28,"enemies":"Shell Parasite","floor":19,"turns":5},{"damage":37,"enemies":"Snake Plant","floor":24,"turns":4},{"damage":5,"enemies":"Chosen and Byrds","floor":25,"turns":5},{"damage":28,"enemies":"Shelled Parasite and Fungi","floor":27,"turns":2}],"seed_played":"4768709805455903596","potions_obtained":[{"floor":1,"key":"FocusPotion"},{"floor":5,"key":"Ancient Potion"},{"floor":12,"key":"Regen Potion"},{"floor":14,"key":"FocusPotion"},{"floor":19,"key":"Energy Potion"},{"floor":24,"key":"Ancient Potion"}],"is_trial":false,"path_per_floor":["M","M","M","$","M","R","$","$","T","M","T","M","R","M","R","B",null,"M","M","?","?","?","R","M","M","T","M"],"character_chosen":"DEFECT","items_purchased":["Self Repair"],"campfire_rested":2,"item_purchase_floors":[7],"current_hp_per_floor":[70,56,55,55,37,37,37,37,37,26,26,33,56,44,44,24,65,40,26,26,26,26,49,19,21,21,0],"gold":344,"neow_bonus":"TEN_PERCENT_HP_BONUS","is_prod":false,"is_daily":false,"chose_seed":false,"campfire_upgraded":2,"win_rate":0,"timestamp":1549872233,"path_taken":["M","?","M","$","M","R","?","$","T","M","?","?","R","M","R","BOSS","M","M","?","?","?","R","M","M","T","?"],"build_version":"2019-02-06","purchased_purges":1,"victory":false,"max_hp_per_floor":[78,78,78,78,78,78,78,78,78,78,78,78,78,78,78,78,78,78,78,78,78,78,78,78,78,78,78],"card_choices":[{"not_picked":["Recycle","Glacier"],"picked":"Streamline","floor":1},{"not_picked":["Heatsinks","Turbo"],"picked":"Sweeping Beam","floor":2},{"not_picked":["Hello World","Hologram"],"picked":"Ball Lightning","floor":3},{"not_picked":["Streamline","Stack"],"picked":"Ball Lightning","floor":5},{"not_picked":["FTL","Recycle"],"picked":"Conserve Battery","floor":10},{"not_picked":["Cold Snap","Coolheaded"],"picked":"Capacitor+1","floor":12},{"not_picked":["Conserve Battery","Coolheaded"],"picked":"Loop+1","floor":14},{"not_picked":["Fission","All For One"],"picked":"Amplify","floor":16},{"not_picked":["Streamline+1","Sweeping Beam","Tempest"],"picked":"SKIP","floor":18},{"not_picked":["Redo","Steam Power","Barrage"],"picked":"SKIP","floor":19},{"not_picked":["Barrage","Conserve Battery","Streamline"],"picked":"SKIP","floor":24},{"not_picked":["Streamline","Coolheaded"],"picked":"Steam","floor":25}],"player_experience":811922,"relics_obtained":[{"floor":9,"key":"Nunchaku"},{"floor":11,"key":"Frozen Egg 2"},{"floor":26,"key":"PreservedInsect"}],"event_choices":[{"cards_removed":["Strike_B"],"damage_healed":0,"gold_gain":0,"player_choice":"Elegance","damage_taken":0,"max_hp_gain":0,"max_hp_loss":0,"event_name":"Back to Basics","floor":20,"gold_loss":0},{"damage_healed":0,"gold_gain":0,"player_choice":"Ignored","damage_taken":0,"max_hp_gain":0,"max_hp_loss":0,"event_name":"Ghosts","floor":21,"gold_loss":0},{"damage_healed":0,"gold_gain":0,"player_choice":"Ignored","damage_taken":0,"max_hp_gain":0,"max_hp_loss":0,"event_name":"N\u0027loth","floor":22,"gold_loss":0}],"is_beta":true,"boss_relics":[{"not_picked":["Inserter","White Beast Statue"],"picked":"Astrolabe"}],"items_purged_floors":[7],"is_endless":false,"potions_floor_spawned":[1,5,12,14,19,24],"killed_by":"Shelled Parasite and Fungi","ascension_level":20}