{"gold_per_floor":[109,109,126,139,139,164,164,164,164,181,181,32,47,66,66,168,168,186,206,206,121,133,133,18,18,18,32,32,42,55,55,55,155,155,170,170,185,202,202,284,296,48,74,74,85,85,100,111,111,111],"floor_reached":50,"playtime":3762,"items_purged":["Strike_G"],"score":548,"play_id":"f535b986-fa93-44fa-95fa-a1baafbc01c7","local_time":"20180702090559","is_ascension_mode":false,"campfire_choices":[{"floor":7,"key":"REST"},{"data":"A Thousand Cuts","floor":11,"key":"SMITH"},{"floor":15,"key":"REST"},{"floor":23,"key":"REST"},{"data":"After Image","floor":25,"key":"SMITH"},{"floor":32,"key":"REST"},{"floor":49,"key":"REST"}],"neow_cost":"NONE","seed_source_timestamp":649987002576117,"circlet_count":0,"master_deck":["Defend_G","Defend_G","Defend_G","Defend_G","Defend_G","Strike_G","Strike_G","Strike_G","Survivor","Neutralize","A Thousand Cuts+1","Masterful Stab","Backflip+1","Cloak And Dagger","PiercingWail+1","Blade Dance","Deflect","Sucker Punch+1","After Image+1","Flying Knee+1","Slice+1","Slice+1","Noxious Fumes","Blur","Doubt","Prepared","Cloak And Dagger","PiercingWail+1","Night Terror","Cloak And Dagger+1","Endless Agony+1","Distraction","Caltrops+1","Injury","Prepared","Escape Plan","Accuracy","Mind Blast+1","Normality","Panacea","Well Laid Plans+1","Malaise+1","Cloak And Dagger+1","Crippling Poison+1","Footwork"],"relics":["Ring of the Snake","Molten Egg 2","Paper Crane","Lantern","Cursed Key","Dodecahedron","Darkstone Periapt","Eternal Feather","Prayer Wheel","Tough Bandages","Anchor"],"potions_floor_usage":[6,16,19,19,22,33,45,47,47,50],"damage_taken":[{"damage":7,"enemies":"Jaw Worm","floor":1,"turns":6},{"damage":0,"enemies":"2 Louse","floor":3,"turns":4},{"damage":2,"enemies":"Small Slimes","floor":4,"turns":5},{"damage":14,"enemies":"Gremlin Nob","floor":6,"turns":5},{"damage":1,"enemies":"Blue Slaver","floor":10,"turns":4},{"damage":3,"enemies":"Red Slaver","floor":13,"turns":4},{"damage":1,"enemies":"Large Slime","floor":14,"turns":5},{"damage":18,"enemies":"Hexaghost","floor":16,"turns":14},{"damage":6,"enemies":"Spheric Guardian","floor":18,"turns":4},{"damage":7,"enemies":"2 Thieves","floor":19,"turns":3},{"damage":6,"enemies":"Cultist and Chosen","floor":22,"turns":5},{"damage":10,"enemies":"Sentry and Sphere","floor":27,"turns":7},{"damage":0,"enemies":"Centurion and Healer","floor":29,"turns":6},{"damage":0,"enemies":"Snake Plant","floor":30,"turns":5},{"damage":32,"enemies":"Collector","floor":33,"turns":11},{"damage":0,"enemies":"Orb Walker","floor":35,"turns":4},{"damage":0,"enemies":"3 Shapes","floor":37,"turns":8},{"damage":13,"enemies":"3 Darklings","floor":38,"turns":7},{"damage":26,"floor":39,"turns":6},{"damage":21,"enemies":"4 Shapes","floor":41,"turns":6},{"damage":4,"enemies":"Sphere and 2 Shapes","floor":45,"turns":10},{"damage":34,"enemies":"3 Darklings","floor":47,"turns":6},{"damage":2,"enemies":"4 Shapes","floor":48,"turns":8},{"damage":63,"enemies":"Donu and Deca","floor":50,"turns":7}],"seed_played":"-5878158294867658358","potions_obtained":[{"floor":1,"key":"EssenceOfSteel"},{"floor":13,"key":"Swift Potion"},{"floor":14,"key":"Energy Potion"},{"floor":16,"key":"Poison Potion"},{"floor":18,"key":"Fire Potion"},{"floor":19,"key":"Explosive Potion"},{"floor":39,"key":"AttackPotion"},{"floor":41,"key":"Fruit Juice"},{"floor":45,"key":"AttackPotion"}],"is_trial":false,"path_per_floor":["M","?","M","M","?","E","R","?","T","M","R","$","M","M","R","B",null,"M","M","?","?","M","R","$","R","T","M","?","M","M","?","R","B",null,"M","?","M","M","?","T","M","$","T","?","M","$","M","M","R"],"character_chosen":"THE_SILENT","items_purchased":["Lantern","Noxious Fumes","Blur","Accuracy","Mind Blast+1"],"campfire_rested":5,"item_purchase_floors":[12,24,24,42,42],"current_hp_per_floor":[63,68,68,66,66,52,74,59,59,58,58,58,55,54,75,57,75,69,62,48,48,42,66,66,66,66,56,56,56,56,56,80,48,80,80,80,80,67,41,47,26,26,32,32,33,33,14,12,59,0],"gold":111,"neow_bonus":"ONE_RANDOM_RARE_CARD","is_prod":false,"is_daily":false,"chose_seed":false,"campfire_upgraded":2,"win_rate":0,"timestamp":1530536759,"path_taken":["M","?","M","M","?","E","R","?","T","M","R","$","?","M","R","BOSS","M","M","?","?","M","R","$","R","T","M","?","?","?","?","R","BOSS","M","?","?","?","?","?","?","?","T","?","M","$","M","M","R","BOSS"],"build_version":"2018-06-28","purchased_purges":1,"victory":false,"max_hp_per_floor":[70,75,75,75,75,75,75,75,75,75,75,75,75,75,75,75,75,75,75,80,80,80,80,80,80,80,80,80,80,80,80,80,80,80,80,80,80,80,80,86,86,86,92,92,97,97,97,97,97,97],"card_choices":[{"not_picked":["Calculated Gamble","Acrobatics"],"picked":"Masterful Stab","floor":1},{"not_picked":["Bouncing Flask","Deadly Poison"],"picked":"Backflip","floor":3},{"not_picked":["All Out Attack","Slice"],"picked":"Cloak And Dagger","floor":4},{"not_picked":["Dagger Spray","Concentrate"],"picked":"PiercingWail","floor":6},{"not_picked":["Backstab+1","Dagger Spray+1"],"picked":"Blade Dance","floor":10},{"not_picked":["Eviscerate+1","PiercingWail"],"picked":"Deflect","floor":13},{"not_picked":["Escape Plan","PiercingWail"],"picked":"Sucker Punch+1","floor":14},{"not_picked":["Die Die Die+1","Burst"],"picked":"After Image","floor":16},{"not_picked":["Dagger Throw+1","Malaise"],"picked":"Flying Knee+1","floor":18},{"not_picked":["Dagger Throw+1","Leg Sweep"],"picked":"Slice+1","floor":19},{"not_picked":["Sucker Punch+1","Leg Sweep"],"picked":"Slice+1","floor":22},{"not_picked":["Eviscerate+1","Blur+1"],"picked":"Prepared","floor":27},{"not_picked":["Calculated Gamble","Quick Slash+1"],"picked":"Cloak And Dagger","floor":29},{"not_picked":["Sucker Punch+1","Eviscerate+1"],"picked":"PiercingWail+1","floor":30},{"not_picked":["Tools of the Trade","Venomology"],"picked":"Night Terror","floor":33},{"not_picked":["Expertise+1","Prepared+1"],"picked":"Cloak And Dagger+1","floor":35},{"not_picked":["Outmaneuver+1","Eviscerate+1"],"picked":"Endless Agony+1","floor":37},{"not_picked":["Dagger Spray+1","Outmaneuver+1"],"picked":"Distraction","floor":38},{"not_picked":["Quick Slash+1","Dagger Throw+1"],"picked":"Caltrops+1","floor":39},{"not_picked":["Malaise+1","Deadly Poison"],"picked":"Prepared","floor":41},{"not_picked":["Riddle With Holes+1","Caltrops","Escape Plan"],"picked":"SKIP","floor":41},{"not_picked":["Riddle With Holes+1","Caltrops"],"picked":"Escape Plan","floor":41},{"not_picked":["Jack Of All Trades","Dark Shackles"],"picked":"Panacea","floor":44},{"not_picked":["Dagger Spray+1","Bane+1"],"picked":"Well Laid Plans+1","floor":45},{"not_picked":["Slice+1","Dagger Spray+1"],"picked":"Malaise+1","floor":45},{"not_picked":["Concentrate","Dagger Spray+1"],"picked":"Cloak And Dagger+1","floor":47},{"not_picked":["Bane+1","Slice+1"],"picked":"Crippling Poison+1","floor":47},{"not_picked":["Glass Knife+1","Deflect"],"picked":"Footwork","floor":48},{"not_picked":["Reflex+1","Poisoned Stab+1","Underhanded Strike+1"],"picked":"SKIP","floor":48}],"player_experience":895853,"relics_obtained":[{"floor":6,"key":"Molten Egg 2"},{"floor":9,"key":"Paper Crane"},{"floor":26,"key":"Darkstone Periapt"},{"floor":39,"key":"Prayer Wheel"},{"floor":40,"key":"Tough Bandages"},{"floor":43,"key":"Anchor"}],"event_choices":[{"event_name":"Big Fish","player_choice":"Donut","floor":2,"damage_taken":0},{"event_name":"Liars Game","player_choice":"disagreed","floor":5,"damage_taken":0},{"event_name":"Shining Light","player_choice":"Entered Light","floor":8,"damage_taken":0},{"event_name":"Forgotten Altar","player_choice":"Shed Blood","floor":20,"damage_taken":0},{"event_name":"Addict","player_choice":"Obtained Relic","floor":21,"damage_taken":0},{"event_name":"Drug Dealer","player_choice":"Ignored","floor":28,"damage_taken":0},{"event_name":"Back to Basics","player_choice":"Elegance","floor":31,"damage_taken":0},{"event_name":"Tomb of Lord Red Mask","player_choice":"Ignored","floor":36,"damage_taken":0},{"event_name":"MindBloom","player_choice":"Fight","floor":39,"damage_taken":0},{"event_name":"SensoryStone","player_choice":"Memory 1","floor":44,"damage_taken":0}],"boss_relics":[{"not_picked":["Empty Cage","Astrolabe"],"picked":"Cursed Key"},{"not_picked":["Fusion Hammer","White Beast Statue"],"picked":"Eternal Feather"}],"items_purged_floors":[42],"is_endless":false,"potions_floor_spawned":[1,13,14,16,18,19,39,41,45],"killed_by":"Donu and Deca","ascension_level":0}