{"gold_per_floor":[118,136,211,224,224,245,245,283,328,328],"floor_reached":10,"playtime":579,"items_purged":[],"score":71,"play_id":"8358cab0-79bd-4c78-afa0-b7caa515ad5d","local_time":"20190205172015","is_ascension_mode":true,"campfire_choices":[{"floor":7,"key":"RECALL"}],"neow_cost":"PERCENT_DAMAGE","seed_source_timestamp":2393679915354690,"circlet_count":0,"master_deck":["Strike_R","Strike_R","Strike_R","Strike_R","Strike_R","Defend_R","Defend_R","Defend_R","Defend_R","Bash","Clothesline","Disarm","Anger","Battle Trance"],"relics":["Burning Blood","Calipers","Golden Idol","Darkstone Periapt"],"potions_floor_usage":[8,10],"damage_taken":[{"damage":10,"enemies":"Small Slimes","floor":1,"turns":4},{"damage":9,"enemies":"2 Louse","floor":2,"turns":3},{"damage":0,"enemies":"Cultist","floor":4,"turns":4},{"damage":3,"enemies":"Looter","floor":6,"turns":4},{"damage":25,"enemies":"Lagavulin","floor":8,"turns":6},{"damage":29,"enemies":"Gremlin Nob","floor":10,"turns":4}],"seed_played":"7706029996797806477","potions_obtained":[{"floor":6,"key":"AttackPotion"},{"floor":8,"key":"Block Potion"}],"is_trial":false,"path_per_floor":["M","M","?","M","?","M","R","E","T","E"],"character_chosen":"IRONCLAD","items_purchased":[],"campfire_rested":0,"item_purchase_floors":[],"current_hp_per_floor":[52,49,38,44,44,47,47,28,28,0],"gold":328,"neow_bonus":"ONE_RARE_RELIC","is_prod":false,"is_daily":false,"chose_seed":false,"campfire_upgraded":0,"win_rate":0,"timestamp":1549408815,"path_taken":["M","M","?","M","?","M","R","E","T","E"],"build_version":"2019-01-23","purchased_purges":0,"victory":false,"max_hp_per_floor":[80,80,80,80,74,74,74,74,74,74],"card_choices":[{"not_picked":["Clash","Cleave"],"picked":"Clothesline","floor":1},{"not_picked":["Warcry","Shrug It Off"],"picked":"Disarm","floor":2},{"not_picked":["Warcry","Rampage","Sword Boomerang"],"picked":"SKIP","floor":4},{"not_picked":["Cleave","Blood for Blood"],"picked":"Anger","floor":6},{"not_picked":["Pummel","Headbutt"],"picked":"Battle Trance","floor":8}],"player_experience":20049,"relics_obtained":[{"floor":8,"key":"Darkstone Periapt"}],"event_choices":[{"damage_healed":0,"gold_gain":75,"player_choice":"Gather Gold","damage_taken":11,"max_hp_gain":0,"max_hp_loss":0,"event_name":"World of Goop","floor":3,"gold_loss":0},{"damage_healed":0,"gold_gain":0,"player_choice":"Lose Max HP","damage_taken":0,"relics_obtained":["Golden Idol"],"max_hp_gain":0,"max_hp_loss":6,"event_name":"Golden Idol","floor":5,"gold_loss":0}],"is_beta":true,"boss_relics":[],"items_purged_floors":[],"is_endless":false,"potions_floor_spawned":[6,8],"killed_by":"Gremlin Nob","ascension_level":1}