{"gold_per_floor":[116,116,135,135,159,159,178,178,202,213,243,272,272,292,292,394,394,406,128,157,174,174,204,204,219,219,219,230,230,240,155,155,255,255,266,82,101,101,115,115,146,146,146,21,21,33,43,43,43,43],"floor_reached":51,"playtime":2781,"items_purged":["Defend_B","Strike_B","Strike_B"],"score":1050,"play_id":"21b17b0c-b6c2-4f67-b7a8-1d20c1e8cc86","local_time":"20190119013354","is_ascension_mode":true,"campfire_choices":[{"data":"Go for the Eyes","floor":6.0,"key":"SMITH"},{"data":"Dualcast","floor":8.0,"key":"SMITH"},{"data":"Static Discharge","floor":13.0,"key":"SMITH"},{"data":"Seek","floor":15.0,"key":"SMITH"},{"data":"Echo Form","floor":24.0,"key":"SMITH"},{"data":"Barrage","floor":27.0,"key":"SMITH"},{"data":"Consume","floor":29.0,"key":"SMITH"},{"floor":32.0,"key":"REST"},{"floor":40.0,"key":"REST"},{"floor":42.0,"key":"REST"},{"data":"Defragment","floor":45.0,"key":"SMITH"},{"floor":49.0,"key":"REST"}],"neow_cost":"NONE","seed_source_timestamp":1210151158126343,"circlet_count":0,"master_deck":["AscendersBane","Defend_B","Defend_B","Defend_B","Zap+1","Dualcast+1","Seek+1","Leap","Go for the Eyes+1","Auto Shields","Echo Form+1","Ball Lightning","Static Discharge+1","Hologram","All For One","Ball Lightning","Conserve Battery","Ghostly","Ghostly","Ghostly","Ghostly","Ghostly","Barrage+1","Consume+1","Multi-Cast","Defragment+1","Madness","Barrage+1","Double Energy+1"],"special_seed":0,"relics":["Cracked Core","Juzu Bracelet","Pen Nib","Odd Mushroom","Torii","Empty Cage","Runic Capacitor","Red Mask","PreservedInsect","Incense Burner","Oddly Smooth Stone","Inserter","Bird Faced Urn","Gremlin Horn","Question Card"],"potions_floor_usage":[50,50],"damage_taken":[{"damage":2.0,"enemies":"Jaw Worm","floor":1.0,"turns":3.0},{"damage":1.0,"enemies":"Small Slimes","floor":3.0,"turns":3.0},{"damage":0.0,"enemies":"Cultist","floor":7.0,"turns":3.0},{"damage":4.0,"enemies":"Exordium Wildlife","floor":10.0,"turns":6.0},{"damage":13.0,"enemies":"The Mushroom Lair","floor":11.0,"turns":5.0},{"damage":4.0,"enemies":"Gremlin Nob","floor":12.0,"turns":4.0},{"damage":12.0,"enemies":"Looter","floor":14.0,"turns":4.0},{"damage":2.0,"enemies":"Hexaghost","floor":16.0,"turns":9.0},{"damage":6.0,"enemies":"Spheric Guardian","floor":18.0,"turns":3.0},{"damage":20.0,"enemies":"Masked Bandits","floor":20.0,"turns":5.0},{"damage":6.0,"enemies":"3 Byrds","floor":21.0,"turns":2.0},{"damage":9.0,"enemies":"Gremlin Leader","floor":23.0,"turns":6.0},{"damage":7.0,"enemies":"Cultist and Chosen","floor":25.0,"turns":6.0},{"damage":3.0,"enemies":"Chosen and Byrds","floor":28.0,"turns":8.0},{"damage":4.0,"enemies":"Centurion and Healer","floor":30.0,"turns":7.0},{"damage":9.0,"enemies":"Collector","floor":33.0,"turns":8.0},{"damage":9.0,"enemies":"3 Darklings","floor":35.0,"turns":7.0},{"damage":0.0,"enemies":"3 Shapes","floor":37.0,"turns":7.0},{"damage":9.0,"enemies":"Jaw Worm Horde","floor":39.0,"turns":6.0},{"damage":6.0,"enemies":"Nemesis","floor":41.0,"turns":7.0},{"damage":34.0,"enemies":"4 Shapes","floor":46.0,"turns":4.0},{"damage":2.0,"enemies":"Sphere and 2 Shapes","floor":47.0,"turns":4.0},{"damage":25,"enemies":"Awakened One","floor":50,"turns":10}],"seed_played":"67885897024969860","potions_obtained":[{"floor":1.0,"key":"FairyPotion"},{"floor":10.0,"key":"PowerPotion"},{"floor":12.0,"key":"Fire Potion"},{"floor":16.0,"key":"Swift Potion"},{"floor":21.0,"key":"Explosive Potion"},{"floor":23.0,"key":"Fruit Juice"},{"floor":30.0,"key":"Weak Potion"},{"floor":46.0,"key":"Regen Potion"},{"floor":47.0,"key":"Energy Potion"}],"is_trial":false,"path_per_floor":["M","?","M","?","T","R","M","R","T","M","?","E","R","M","R","B",null,"M","$","?","M","?","E","R","M","T","R","M","R","M","?","R","B",null,"M","$","M","?","M","R","E","R","T","$","R","M","M","T","R","B",null],"character_chosen":"DEFECT","items_purchased":["Runic Capacitor","Defragment","SkillPotion"],"campfire_rested":4,"item_purchase_floors":[19,36,36],"current_hp_per_floor":[66,66,65,65,65,65,65,65,65,61,48,44,44,32,32,30,64,58,58,38,32,32,23,23,21,21,21,18,18,14,14,26,17,36,27,27,27,27,18,30,24,36,36,36,36,4,18,18,30,11],"gold":43,"neow_bonus":"ONE_RANDOM_RARE_CARD","is_prod":false,"is_daily":false,"chose_seed":false,"campfire_upgraded":8,"win_rate":0,"timestamp":1547829234,"path_taken":["M","?","M","?","?","R","M","R","T","M","?","E","R","M","R","BOSS","M","$","?","M","?","E","R","M","T","R","M","R","M","?","R","BOSS","M","$","M","?","M","R","E","R","T","$","R","M","M","?","R","BOSS"],"build_version":"2019-01-17v2","purchased_purges":3,"victory":true,"max_hp_per_floor":[75,75,75,75,75,75,75,75,75,75,75,75,75,75,75,75,75,75,75,75,75,37,37,37,42,42,42,42,42,42,42,42,42,42,42,42,42,42,42,42,42,42,42,42,42,42,42,42,42,42],"card_choices":[{"not_picked":["Genetic Algorithm","Stack"],"picked":"Leap","floor":1.0},{"not_picked":["Recycle","Gash"],"picked":"Go for the Eyes","floor":3.0},{"not_picked":["Leap","Stack"],"picked":"Auto Shields","floor":7.0},{"not_picked":["Streamline","Cold Snap"],"picked":"Echo Form","floor":10.0},{"not_picked":["Conserve Battery","Reinforced Body"],"picked":"Ball Lightning","floor":11.0},{"not_picked":["Gash","Skim"],"picked":"Static Discharge","floor":12.0},{"not_picked":["Streamline","Stack"],"picked":"Hologram","floor":14.0},{"not_picked":["Biased Cognition","Creative AI"],"picked":"All For One","floor":16.0},{"not_picked":["Go for the Eyes","Gash","Beam Cell"],"picked":"SKIP","floor":18.0},{"not_picked":["Streamline+1","Redo"],"picked":"Ball Lightning","floor":20.0},{"not_picked":["Gash","Redo"],"picked":"Conserve Battery","floor":21.0},{"not_picked":["Beam Cell","Genetic Algorithm","Hologram"],"picked":"SKIP","floor":23.0},{"not_picked":["Ball Lightning","Streamline+1"],"picked":"Barrage","floor":25.0},{"not_picked":["Streamline","Compile Driver"],"picked":"Consume","floor":28.0},{"not_picked":["Steam","Go for the Eyes","Hologram+1"],"picked":"SKIP","floor":30.0},{"not_picked":["Meteor Strike","Seek"],"picked":"Multi-Cast","floor":33.0},{"not_picked":["Compile Driver","Turbo","Cold Snap"],"picked":"SKIP","floor":35.0},{"not_picked":["Streamline","Go for the Eyes","Barrage+1"],"picked":"SKIP","floor":37.0},{"not_picked":["Secret Weapon","Deep Breath"],"picked":"Madness","floor":38.0},{"not_picked":["Go for the Eyes+1","Sweeping Beam","Capacitor+1"],"picked":"SKIP","floor":39.0},{"not_picked":["Hello World+1","Skim","Cold Snap+1"],"picked":"SKIP","floor":41.0},{"not_picked":["Melter+1","Gash+1"],"picked":"Barrage+1","floor":46.0},{"not_picked":["Turbo","Steam"],"picked":"Double Energy+1","floor":47.0}],"player_experience":404329,"relics_obtained":[{"floor":5.0,"key":"Juzu Bracelet"},{"floor":9.0,"key":"Pen Nib"},{"floor":11.0,"key":"Odd Mushroom"},{"floor":12.0,"key":"Torii"},{"floor":20.0,"key":"Red Mask"},{"floor":23.0,"key":"PreservedInsect"},{"floor":26.0,"key":"Incense Burner"},{"floor":41.0,"key":"Bird Faced Urn"},{"floor":43.0,"key":"Gremlin Horn"},{"floor":48.0,"key":"Question Card"}],"event_choices":[{"damage_healed":0.0,"max_hp_gain":0.0,"max_hp_loss":0.0,"gold_gain":0.0,"event_name":"Living Wall","player_choice":"Grow","floor":2.0,"gold_loss":0.0,"damage_taken":0.0,"cards_upgraded":["Zap"]},{"damage_healed":0.0,"max_hp_gain":0.0,"max_hp_loss":0.0,"gold_gain":0.0,"event_name":"Liars Game","player_choice":"Ignored","floor":4.0,"gold_loss":0.0,"damage_taken":0.0},{"damage_healed":0.0,"max_hp_gain":0.0,"max_hp_loss":0.0,"gold_gain":0.0,"event_name":"Mushrooms","player_choice":"Fought Mushrooms","floor":11.0,"gold_loss":0.0,"damage_taken":0.0},{"damage_healed":0.0,"max_hp_gain":0.0,"max_hp_loss":0.0,"gold_gain":0.0,"event_name":"Masked Bandits","player_choice":"Fought Bandits","floor":20.0,"gold_loss":0.0,"damage_taken":0.0},{"damage_healed":0.0,"max_hp_gain":0.0,"max_hp_loss":38.0,"gold_gain":0.0,"event_name":"Ghosts","player_choice":"Became a Ghost","floor":22.0,"gold_loss":0.0,"damage_taken":0.0,"cards_obtained":["Ghostly","Ghostly","Ghostly","Ghostly","Ghostly"]},{"damage_healed":0.0,"max_hp_gain":0.0,"max_hp_loss":0.0,"gold_gain":0.0,"event_name":"Addict","player_choice":"Obtained Relic","floor":31.0,"gold_loss":85.0,"damage_taken":0.0,"relics_obtained":["Oddly Smooth Stone"]},{"damage_healed":0.0,"max_hp_gain":0.0,"max_hp_loss":0.0,"gold_gain":0.0,"event_name":"SensoryStone","player_choice":"Memory 1","floor":38.0,"gold_loss":0.0,"damage_taken":0.0}],"is_beta":false,"boss_relics":[{"not_picked":["Black Star","Calling Bell"],"picked":"Empty Cage"},{"not_picked":["Snecko Eye","FrozenCore"],"picked":"Inserter"}],"items_purged_floors":[19,36,44],"is_endless":false,"potions_floor_spawned":[1,10,12,16,21,23,30,37,46,47],"ascension_level":11}