{"path_per_floor":["M","M","M","M","M","R","M","R","T","?","E","?","E","M","R","B",null,"M","M","M","M","$","E","M","M","T","$","M","R","?","M","R","B",null,"M","$","M","M","M","E","R","M","T","?","R","E","M","M","R","B"],"character_chosen":"IRONCLAD","items_purchased":["Paper Frog","Metallicize"],"gold_per_floor":[110,121,141,157,167,167,187,187,187,187,222,281,312,323,323,420,420,434,447,459,471,158,187,202,219,219,47,61,61,61,73,73,178,178,190,65,75,94,114,141,141,151,151,151,151,182,193,212,212,212],"floor_reached":51,"campfire_rested":1,"playtime":8375,"item_purchase_floors":[22,27],"current_hp_per_floor":[80,70,63,64,49,49,44,44,44,44,35,22,13,18,18,10,93,83,92,99,90,90,42,46,55,62,62,60,60,44,42,79,85,124,123,123,117,119,119,100,100,102,102,102,102,108,110,112,112,94],"items_purged":["Defend_R","Defend_R","Defend_R"],"gold":212,"score":849,"play_id":"69878a52-8933-4c9c-9cc7-9d39eee9229e","local_time":"20180624173925","is_prod":false,"is_daily":false,"chose_seed":false,"is_ascension_mode":false,"campfire_upgraded":7,"win_rate":0.0,"timestamp":1529879965,"campfire_choices":[{"data":"Shockwave","floor":6,"key":"SMITH"},{"data":"Armaments","floor":8,"key":"SMITH"},{"data":"Bash","floor":15,"key":"SMITH"},{"data":"Demon Form","floor":29,"key":"SMITH"},{"floor":32,"key":"REST"},{"data":"Offering","floor":41,"key":"SMITH"},{"data":"Flame Barrier","floor":45,"key":"SMITH"},{"data":"Flame Barrier","floor":49,"key":"SMITH"}],"path_taken":["M","M","M","M","M","R","?","R","T","?","E","?","E","M","R","BOSS","M","M","M","?","$","E","M","M","T","$","M","R","?","M","R","BOSS","M","$","M","M","M","E","R","M","T","?","R","E","M","M","R","BOSS"],"build_version":"2018-06-21","seed_source_timestamp":441673692503427,"purchased_purges":3,"circlet_count":0,"victory":true,"master_deck":["Strike_R","Strike_R","Strike_R","Strike_R","Strike_R","Defend_R","Bash+1","Ghostly Armor","Shockwave+1","Carnage","Dropkick","Armaments+1","Ghostly Armor","Iron Wave","Clothesline","Feed","Flame Barrier+1","Demon Form+1","Metallicize+1","Inflame+1","Shrug It Off+1","Iron Wave","Flame Barrier+1","Metallicize","Metallicize","Offering+1","Heavy Blade+1","Iron Wave+1","Warcry+1","Bludgeon","Shrug It Off+1"],"max_hp_per_floor":[80,80,80,80,80,80,80,80,80,80,90,90,90,93,93,93,93,96,99,102,105,105,105,108,111,118,118,121,121,121,124,124,124,124,124,124,127,127,130,130,130,130,130,130,130,134,134,134,134,134],"relics":["Burning Blood","Mummified Hand","Pear","Gremlin Horn","Question Card","Snecko Eye","Paper Frog","Juzu Bracelet","Strawberry","Nilry\u0027s Codex","Coffee Dripper","Gambling Chip","Bottled Lightning","Self Forming Clay"],"card_choices":[{"not_picked":["Headbutt","Body Slam"],"picked":"Ghostly Armor","floor":1},{"not_picked":["Heavy Blade","Perfected Strike"],"picked":"Shockwave","floor":2},{"not_picked":["Clash","Cleave"],"picked":"Carnage","floor":3},{"not_picked":["Clash","Armaments"],"picked":"Dropkick","floor":4},{"not_picked":["Rage","Searing Blow"],"picked":"Armaments","floor":5},{"not_picked":["Sword Boomerang","Flex"],"picked":"Ghostly Armor","floor":7},{"not_picked":["Cleave","Intimidate"],"picked":"Iron Wave","floor":11},{"not_picked":["Armaments","Perfected Strike"],"picked":"Clothesline","floor":12},{"not_picked":["Anger","Clothesline"],"picked":"Feed","floor":13},{"not_picked":["Seeing Red","Perfected Strike","Uppercut"],"picked":"Flame Barrier","floor":14},{"not_picked":["Fiend Fire","Brutality","Double Tap"],"picked":"Demon Form","floor":16},{"not_picked":["Fire Breathing+1","Battle Trance+1","Body Slam"],"picked":"Metallicize+1","floor":18},{"not_picked":["Rupture+1","Headbutt","Infernal Blade"],"picked":"Inflame+1","floor":19},{"not_picked":["Anger","Searing Blow","Armaments"],"picked":"Shrug It Off+1","floor":20},{"not_picked":["Seeing Red","Sword Boomerang","Perfected Strike"],"picked":"Iron Wave","floor":21},{"not_picked":["Shockwave","Bludgeon","Pommel Strike+1","Power Through+1"],"picked":"SKIP","floor":23},{"not_picked":["Blood for Blood","Whirlwind+1","Combust"],"picked":"Flame Barrier","floor":24},{"not_picked":["Rage+1","Clash","Warcry","Bloodletting"],"picked":"SKIP","floor":25},{"not_picked":["Iron Wave","Clash","Headbutt+1","True Grit"],"picked":"SKIP","floor":28},{"not_picked":["Bloodletting+1","Perfected Strike","Pommel Strike"],"picked":"Metallicize","floor":31},{"not_picked":["Brutality","Feed","Fiend Fire"],"picked":"Offering","floor":33},{"not_picked":["Reckless Charge","Armaments","Pummel+1"],"picked":"Heavy Blade+1","floor":35},{"not_picked":["Twin Strike","Spot Weakness","Clothesline+1"],"picked":"Iron Wave+1","floor":37},{"not_picked":["Anger+1","Carnage","Armaments"],"picked":"Heavy Blade","floor":38},{"not_picked":["Cleave","Perfected Strike","Heavy Blade"],"picked":"Warcry+1","floor":39},{"not_picked":["Feel No Pain+1","Spot Weakness","Sword Boomerang+1","Cleave"],"picked":"SKIP","floor":40},{"not_picked":["Feel No Pain+1","Spot Weakness","Sword Boomerang+1","Cleave"],"picked":"SKIP","floor":40},{"not_picked":["Clash","Body Slam+1","Blood for Blood+1","Inflame+1"],"picked":"SKIP","floor":42},{"not_picked":["Dual Wield","Shrug It Off","Twin Strike+1"],"picked":"Bludgeon","floor":46},{"not_picked":["Clothesline+1","True Grit+1","Spot Weakness","Cleave+1"],"picked":"SKIP","floor":47},{"not_picked":["Rupture+1","Double Tap","Anger"],"picked":"Shrug It Off+1","floor":48}],"player_experience":25765,"potions_floor_usage":[12,12,13,14,16,16,23,23],"damage_taken":[{"damage":1,"enemies":"Cultist","floor":1,"turns":3},{"damage":16,"enemies":"Jaw Worm","floor":2,"turns":5},{"damage":13,"enemies":"2 Louse","floor":3,"turns":3},{"damage":5,"enemies":"Looter","floor":4,"turns":3},{"damage":21,"enemies":"Lots of Slimes","floor":5,"turns":5},{"damage":11,"enemies":"3 Louse","floor":7,"turns":4},{"damage":25,"enemies":"Lagavulin","floor":11,"turns":9},{"damage":19,"enemies":"3 Sentries","floor":12,"turns":9},{"damage":15,"enemies":"Gremlin Nob","floor":13,"turns":4},{"damage":4,"enemies":"Blue Slaver","floor":14,"turns":3},{"damage":29,"enemies":"The Guardian","floor":16,"turns":19},{"damage":19,"enemies":"3 Byrds","floor":18,"turns":6},{"damage":0,"enemies":"Chosen","floor":19,"turns":3},{"damage":2,"enemies":"3 Cultists","floor":20,"turns":4},{"damage":18,"enemies":"Cultist and Chosen","floor":21,"turns":7},{"damage":59,"enemies":"Slavers","floor":23,"turns":6},{"damage":5,"enemies":"Centurion and Healer","floor":24,"turns":6},{"damage":0,"enemies":"Snecko","floor":25,"turns":4},{"damage":11,"enemies":"Chosen and Byrds","floor":28,"turns":7},{"damage":11,"enemies":"Sentry and Sphere","floor":31,"turns":4},{"damage":0,"enemies":"Champ","floor":33,"turns":7},{"damage":7,"enemies":"3 Darklings","floor":35,"turns":6},{"damage":15,"enemies":"3 Shapes","floor":37,"turns":3},{"damage":4,"enemies":"Spire Growth","floor":38,"turns":4},{"damage":9,"enemies":"4 Shapes","floor":39,"turns":3},{"damage":25,"enemies":"Nemesis","floor":40,"turns":7},{"damage":4,"enemies":"3 Darklings","floor":42,"turns":4},{"damage":4,"enemies":"2 Orb Walkers","floor":46,"turns":3},{"damage":4,"enemies":"Flame Bruiser 2 Orb","floor":47,"turns":3},{"damage":4,"enemies":"Transient","floor":48,"turns":5},{"damage":24,"enemies":"Awakened One","floor":50,"turns":7}],"relics_obtained":[{"floor":9,"key":"Mummified Hand"},{"floor":11,"key":"Pear"},{"floor":13,"key":"Question Card"},{"floor":23,"key":"Juzu Bracelet"},{"floor":26,"key":"Strawberry"},{"floor":30,"key":"Nilry\u0027s Codex"},{"floor":40,"key":"Gambling Chip"},{"floor":43,"key":"Bottled Lightning"},{"floor":46,"key":"Self Forming Clay"}],"event_choices":[{"event_name":"Liars Game","player_choice":"disagreed","floor":10,"damage_taken":0},{"event_name":"Dead Adventurer","player_choice":"Searched \u00273\u0027 times","floor":12,"damage_taken":0},{"event_name":"Cursed Tome","player_choice":"Obtained Book","floor":30,"damage_taken":0},{"event_name":"Falling","player_choice":"Removed Attack","floor":44,"damage_taken":0}],"boss_relics":[{"not_picked":["Sozu","Cursed Key"],"picked":"Snecko Eye"},{"not_picked":["Philosopher\u0027s Stone","Calling Bell"],"picked":"Coffee Dripper"}],"items_purged_floors":[22,27,36],"is_endless":false,"potions_floor_spawned":[3,7,12,13,14,16,18,19,21,28,33,38,39,42,47],"seed_played":"6970899484611513267","ascension_level":0,"potions_obtained":[{"floor":3,"key":"SpeedPotion"},{"floor":7,"key":"Energy Potion"},{"floor":12,"key":"SteroidPotion"},{"floor":13,"key":"Weak Potion"},{"floor":14,"key":"Regen Potion"},{"floor":16,"key":"Regen Potion"},{"floor":18,"key":"FearPotion"},{"floor":19,"key":"Dexterity Potion"},{"floor":21,"key":"Explosive Potion"},{"floor":28,"key":"LiquidBronze"},{"floor":33,"key":"Explosive Potion"}],"is_trial":false}