{"gold_per_floor":[119,134,145,145,145,145,186,186,271,271,284,302,302,316,316,316],"floor_reached":16,"playtime":496,"items_purged":[],"score":189,"play_id":"160de264-16c3-444f-9c4d-13ecbe13c9a6","local_time":"20190211153117","is_ascension_mode":true,"campfire_choices":[{"floor":6,"key":"REST"},{"floor":8,"key":"REST"},{"data":"Uppercut","floor":10,"key":"SMITH"},{"data":"Armaments","floor":15,"key":"SMITH"}],"neow_cost":"NONE","seed_source_timestamp":695933373900618,"circlet_count":0,"master_deck":["AscendersBane","Strike_R","Strike_R","Strike_R","Strike_R","Strike_R","Defend_R","Defend_R","Defend_R","Defend_R","Bash","Rage","Thunderclap","Thunderclap","Uppercut+1","Sword Boomerang","Armaments+1","Shrug It Off"],"relics":["Burning Blood","Happy Flower","Golden Idol","Juzu Bracelet","Bronze Scales","Tiny Chest"],"potions_floor_usage":[16],"damage_taken":[{"damage":6,"enemies":"Cultist","floor":1,"turns":3},{"damage":11,"enemies":"Jaw Worm","floor":2,"turns":4},{"damage":4,"enemies":"2 Louse","floor":3,"turns":2},{"damage":44,"enemies":"Gremlin Nob","floor":7,"turns":6},{"damage":4,"enemies":"Exordium Wildlife","floor":11,"turns":3},{"damage":7,"enemies":"2 Fungi Beasts","floor":12,"turns":3},{"damage":3,"enemies":"3 Louse","floor":14,"turns":2},{"damage":84,"enemies":"Slime Boss","floor":16,"turns":9}],"seed_played":"6363281606966405148","potions_obtained":[{"floor":3,"key":"BloodPotion"},{"floor":14,"key":"AttackPotion"}],"is_trial":false,"path_per_floor":["M","M","M","?","?","R","E","R","T","R","M","M","?","M","R","B"],"character_chosen":"IRONCLAD","items_purchased":[],"campfire_rested":2,"item_purchase_floors":[],"current_hp_per_floor":[68,63,65,39,39,61,23,45,45,45,47,46,71,74,74,0],"gold":316,"neow_bonus":"RANDOM_COMMON_RELIC","is_prod":false,"is_daily":false,"chose_seed":false,"campfire_upgraded":2,"win_rate":0,"timestamp":1549917077,"path_taken":["M","M","M","?","?","R","E","R","T","R","M","M","?","M","R","BOSS"],"build_version":"2019-01-23","purchased_purges":0,"victory":false,"max_hp_per_floor":[75,75,75,75,75,75,75,75,75,75,75,75,75,75,75,75],"card_choices":[{"not_picked":["Twin Strike","Anger"],"picked":"Rage","floor":1},{"not_picked":["Carnage","Sever Soul"],"picked":"Thunderclap","floor":2},{"not_picked":["Headbutt","Cleave"],"picked":"Thunderclap","floor":3},{"not_picked":["Twin Strike","Iron Wave"],"picked":"Uppercut","floor":7},{"not_picked":["Dropkick","Flex"],"picked":"Sword Boomerang","floor":11},{"not_picked":["Headbutt","Sword Boomerang"],"picked":"Armaments","floor":12},{"not_picked":["Searing Blow","Sword Boomerang"],"picked":"Shrug It Off","floor":14}],"player_experience":2401091,"relics_obtained":[{"floor":7,"key":"Bronze Scales"},{"floor":9,"key":"Tiny Chest"}],"event_choices":[{"damage_healed":0,"gold_gain":0,"player_choice":"Take Damage","damage_taken":26,"relics_obtained":["Golden Idol"],"max_hp_gain":0,"max_hp_loss":0,"event_name":"Golden Idol","floor":4,"gold_loss":0},{"damage_healed":0,"gold_gain":0,"player_choice":"Gave Potion","damage_taken":0,"relics_obtained":["Juzu Bracelet"],"max_hp_gain":0,"max_hp_loss":0,"event_name":"WeMeetAgain","floor":5,"gold_loss":0},{"damage_healed":25,"gold_gain":0,"player_choice":"Banana","damage_taken":0,"max_hp_gain":0,"max_hp_loss":0,"event_name":"Big Fish","floor":13,"gold_loss":0}],"is_beta":false,"boss_relics":[],"items_purged_floors":[],"is_endless":false,"potions_floor_spawned":[3,14],"killed_by":"Slime Boss","ascension_level":17}