{"gold_per_floor":[117,132,132,132,144,174,188,188,262,262,337,372,372,387,387,387],"floor_reached":16,"playtime":410,"items_purged":[],"score":110,"play_id":"2c22aeee-d549-4e95-9e32-8c7c4842693c","local_time":"20180724003428","is_ascension_mode":false,"campfire_choices":[{"floor":8,"key":"REST"},{"data":"Adrenaline","floor":10,"key":"SMITH"},{"floor":15,"key":"REST"}],"neow_cost":"NONE","seed_source_timestamp":370711373702500,"circlet_count":0,"master_deck":["Survivor","Neutralize","Sucker Punch","Flying Knee+1","Dagger Throw","Noxious Fumes+1","Slice","Sucker Punch","PiercingWail","Infinite Blades","Dagger Spray","Flying Knee","Terror","Venomology+1","Dagger Spray","Adrenaline+1","Footwork","Dagger Spray"],"relics":["Pandora\u0027s Box","Ginger","Ornamental Fan","Art of War"],"potions_floor_usage":[12,16,16,16],"damage_taken":[{"damage":8,"enemies":"Jaw Worm","floor":1,"turns":3},{"damage":4,"enemies":"Cultist","floor":2,"turns":3},{"damage":10,"enemies":"Small Slimes","floor":5,"turns":2},{"damage":20,"enemies":"Gremlin Nob","floor":6,"turns":4},{"damage":5,"enemies":"Blue Slaver","floor":7,"turns":2},{"damage":2,"enemies":"3 Sentries","floor":12,"turns":3},{"damage":6,"enemies":"Gremlin Gang","floor":14,"turns":3},{"damage":37,"enemies":"The Guardian","floor":16,"turns":6}],"seed_played":"8719103663885882466","potions_obtained":[{"floor":2,"key":"GhostInAJar"},{"floor":7,"key":"Ancient Potion"}],"is_trial":false,"path_per_floor":["M","M","?","?","M","E","M","R","T","R","?","E","?","M","R"],"character_chosen":"THE_SILENT","items_purchased":[],"campfire_rested":2,"item_purchase_floors":[],"current_hp_per_floor":[62,58,58,58,48,28,23,44,44,44,33,31,17,11,32,0],"gold":387,"neow_bonus":"BOSS_RELIC","is_prod":false,"is_daily":false,"chose_seed":false,"campfire_upgraded":1,"win_rate":0,"timestamp":1532358268,"path_taken":["M","M","?","?","M","E","?","R","T","R","?","E","?","M","R","BOSS"],"build_version":"2018-07-19v2","purchased_purges":0,"victory":false,"max_hp_per_floor":[70,70,70,70,70,70,70,70,70,70,70,70,70,70,70,70],"card_choices":[{"not_picked":["Cloak And Dagger","Acrobatics"],"picked":"Flying Knee","floor":1},{"not_picked":["Acrobatics","Heel Hook"],"picked":"Terror","floor":2},{"not_picked":["Backflip","Well Laid Plans"],"picked":"Dagger Spray","floor":5},{"not_picked":["Heel Hook","All Out Attack"],"picked":"Adrenaline","floor":6},{"not_picked":["Underhanded Strike","Sucker Punch","Deadly Poison"],"picked":"SKIP","floor":7},{"not_picked":["Flying Knee","Predator"],"picked":"Footwork","floor":12},{"not_picked":["Cloak And Dagger","Calculated Gamble"],"picked":"Dagger Spray","floor":14}],"player_experience":246549,"relics_obtained":[{"floor":6,"key":"Ginger"},{"floor":9,"key":"Ornamental Fan"},{"floor":12,"key":"Art of War"}],"event_choices":[{"event_name":"Transmorgrifier","player_choice":"Transform","floor":3,"damage_taken":0},{"event_name":"Living Wall","player_choice":"Grow","floor":4,"damage_taken":0},{"event_name":"World of Goop","player_choice":"Gather Gold","floor":11,"damage_taken":0},{"event_name":"Shining Light","player_choice":"Entered Light","floor":13,"damage_taken":0}],"is_beta":false,"boss_relics":[],"items_purged_floors":[],"is_endless":false,"potions_floor_spawned":[2,7],"killed_by":"The Guardian","ascension_level":0}