{"gold_per_floor":[113,113,130,147,165,165,193,193,493,493,509,509,509,243,243,362,362,381,381,381,381,381,381,381,413,413,244,261,261,275,285,285,383,433,448,493,194,208,208,220,236,236,290,290,290,308,308,320,320,320],"floor_reached":50,"playtime":2499,"items_purged":["Strike_R","Strike_R","Strike_R"],"score":767,"play_id":"41574bd7-688c-4e99-9254-13be663c85f5","local_time":"20180727151722","is_ascension_mode":true,"campfire_choices":[{"data":"Bash","floor":6,"key":"SMITH"},{"data":"Spot Weakness","floor":8,"key":"SMITH"},{"floor":15,"key":"REST"},{"floor":23,"key":"REST"},{"data":"Shrug It Off","floor":29,"key":"SMITH"},{"floor":32,"key":"REST"},{"floor":42,"key":"REST"},{"data":"Limit Break","floor":45,"key":"SMITH"},{"data":"Havoc","floor":47,"key":"SMITH"},{"data":"Limit Break","floor":49,"key":"SMITH"}],"neow_cost":"NONE","seed_source_timestamp":162809041557490,"circlet_count":0,"master_deck":["Strike_R","Defend_R","Defend_R","Defend_R","Defend_R","Bash+1","Battle Trance","Flex","Spot Weakness+1","Inflame","Shrug It Off+1","Power Through","Feed","Armaments+1","Immolate","Blood for Blood","Rampage","Heavy Blade","Inflame","Limit Break+1","Rage","Disarm+1","True Grit+1","Havoc+1","Havoc+1","Limit Break+1","Reaper","Thunderclap+1","Normality","Doubt","Shrug It Off+1"],"relics":["Burning Blood","Omamori","Sundial","Old Coin","Bloody Idol","Orichalcum","Cursed Key","Nilry\u0027s Codex","Dead Branch","Bronze Scales","Tiny House","Ginger","Red Skull","Anchor"],"potions_floor_usage":[4,7,16,16,24,28,35,36,41,48,50],"damage_taken":[{"damage":19,"enemies":"Jaw Worm","floor":1,"turns":5},{"damage":6,"enemies":"Cultist","floor":3,"turns":3},{"damage":2,"enemies":"Small Slimes","floor":4,"turns":4},{"damage":5,"enemies":"Exordium Wildlife","floor":5,"turns":3},{"damage":33,"enemies":"3 Sentries","floor":7,"turns":8},{"damage":15,"enemies":"Red Slaver","floor":11,"turns":3},{"damage":49,"enemies":"The Guardian","floor":16,"turns":11},{"damage":22,"enemies":"2 Thieves","floor":18,"turns":4},{"damage":0,"enemies":"Shell Parasite","floor":24,"turns":1},{"damage":15,"enemies":"Slavers","floor":25,"turns":3},{"damage":25,"enemies":"Snake Plant","floor":28,"turns":4},{"damage":9,"enemies":"Centurion and Healer","floor":30,"turns":4},{"damage":30,"enemies":"Cultist and Chosen","floor":31,"turns":6},{"damage":66,"enemies":"Automaton","floor":33,"turns":8},{"damage":40,"enemies":"Flame Bruiser 1 Orb","floor":35,"turns":5},{"damage":37,"floor":36,"turns":5},{"damage":20,"enemies":"3 Darklings","floor":38,"turns":5},{"damage":10,"enemies":"Transient","floor":40,"turns":4},{"damage":11,"enemies":"Sphere and 2 Shapes","floor":41,"turns":4},{"damage":6,"enemies":"Flame Bruiser 2 Orb","floor":46,"turns":6},{"damage":27,"enemies":"Transient","floor":48,"turns":5},{"damage":101,"enemies":"Time Eater","floor":50,"turns":7}],"seed_played":"-3817282721429086979","potions_obtained":[{"floor":1,"key":"SteroidPotion"},{"floor":2,"key":"Regen Potion"},{"floor":2,"key":"EssenceOfSteel"},{"floor":2,"key":"SmokeBomb"},{"floor":7,"key":"Poison Potion"},{"floor":11,"key":"SteroidPotion"},{"floor":25,"key":"Poison Potion"},{"floor":28,"key":"GamblersBrew"},{"floor":33,"key":"Fire Potion"},{"floor":34,"key":"GamblersBrew"},{"floor":36,"key":"EssenceOfSteel"},{"floor":41,"key":"Block Potion"},{"floor":48,"key":"Energy Potion"}],"is_trial":false,"path_per_floor":["M","?","M","M","M","R","E","R","T","?","M","?","T","$","R","B",null,"M","?","?","?","?","R","M","E","T","$","M","R","M","M","R","B",null,"M","?","$","M","?","M","M","R","T","?","R","M","R","M","R"],"character_chosen":"IRONCLAD","items_purchased":["Feed","Armaments","Rampage","Red Skull","Havoc"],"campfire_rested":4,"item_purchase_floors":[14,14,27,37,37],"current_hp_per_floor":[59,59,59,72,73,73,46,46,46,46,37,37,37,37,61,18,65,52,52,52,36,36,60,66,65,65,65,51,51,56,40,67,30,83,54,28,28,19,19,20,20,49,54,97,97,97,97,93,93,0],"gold":320,"neow_bonus":"RANDOM_COMMON_RELIC","is_prod":false,"is_daily":false,"chose_seed":false,"campfire_upgraded":6,"win_rate":0,"timestamp":1532719042,"path_taken":["M","?","M","M","?","R","E","R","T","?","M","?","?","$","R","BOSS","M","?","?","?","?","R","M","E","T","$","?","R","M","M","R","BOSS","M","?","$","?","?","M","M","R","T","?","R","M","R","M","R","BOSS"],"build_version":"2018-07-26","purchased_purges":3,"victory":false,"max_hp_per_floor":[80,80,80,80,80,80,80,80,80,80,80,80,80,80,80,80,80,83,83,83,83,83,83,83,86,86,86,86,86,89,92,92,92,97,97,97,97,97,97,97,97,97,97,97,97,97,97,97,97,97],"card_choices":[{"not_picked":["Clash","Rupture"],"picked":"Battle Trance","floor":1},{"not_picked":["Armaments","Blood for Blood"],"picked":"Flex","floor":3},{"not_picked":["Heavy Blade","Iron Wave"],"picked":"Spot Weakness","floor":4},{"not_picked":["Feel No Pain","Rupture"],"picked":"Inflame","floor":5},{"not_picked":["Sword Boomerang","Flame Barrier"],"picked":"Shrug It Off","floor":7},{"not_picked":["Heavy Blade","Corruption"],"picked":"Power Through","floor":11},{"not_picked":["Brutality","Dark Embrace"],"picked":"Immolate","floor":16},{"not_picked":["Sword Boomerang+1","Infernal Blade","Seeing Red"],"picked":"SKIP","floor":18},{"not_picked":["Headbutt","Body Slam"],"picked":"Blood for Blood","floor":25},{"not_picked":["Shockwave","Headbutt"],"picked":"Heavy Blade","floor":28},{"not_picked":["Perfected Strike","Clash"],"picked":"Inflame","floor":30},{"not_picked":["Iron Wave+1","Headbutt","Rupture"],"picked":"SKIP","floor":31},{"not_picked":["Bludgeon","Impervious"],"picked":"Limit Break","floor":33},{"not_picked":["Bloodletting","Hemokinesis"],"picked":"Rage","floor":34},{"not_picked":["Twin Strike+1","Iron Wave+1"],"picked":"Disarm+1","floor":35},{"not_picked":["Anger+1","Sword Boomerang"],"picked":"True Grit+1","floor":36},{"not_picked":["Burning Pact","True Grit"],"picked":"Havoc+1","floor":38},{"not_picked":["Clothesline","Entrench+1"],"picked":"Reaper","floor":40},{"not_picked":["Havoc","Seeing Red"],"picked":"Thunderclap+1","floor":41},{"not_picked":["Pummel+1","Warcry"],"picked":"Shrug It Off+1","floor":46},{"not_picked":["Perfected Strike","Cleave","Sword Boomerang"],"picked":"SKIP","floor":48}],"player_experience":1342093,"relics_obtained":[{"floor":7,"key":"Sundial"},{"floor":9,"key":"Old Coin"},{"floor":13,"key":"Orichalcum"},{"floor":21,"key":"Nilry\u0027s Codex"},{"floor":25,"key":"Dead Branch"},{"floor":26,"key":"Bronze Scales"},{"floor":36,"key":"Ginger"},{"floor":43,"key":"Anchor"}],"event_choices":[{"event_name":"The Lab","player_choice":"Got Potions","floor":2,"damage_taken":0},{"event_name":"Living Wall","player_choice":"Forget","floor":10,"damage_taken":0},{"event_name":"Golden Idol","player_choice":"Take Wound","floor":12,"damage_taken":0},{"event_name":"Addict","player_choice":"Ignored","floor":19,"damage_taken":0},{"event_name":"Forgotten Altar","player_choice":"Gave Idol","floor":20,"damage_taken":0},{"event_name":"Cursed Tome","player_choice":"Obtained Book","floor":21,"damage_taken":0},{"event_name":"Vampires","player_choice":"Ignored","floor":22,"damage_taken":0},{"event_name":"Mysterious Sphere","player_choice":"Fight","floor":36,"damage_taken":0},{"event_name":"Duplicator","player_choice":"One dupe","floor":39,"damage_taken":0},{"event_name":"MindBloom","player_choice":"Heal","floor":44,"damage_taken":0}],"is_beta":false,"boss_relics":[{"not_picked":["Pandora\u0027s Box","Snecko Eye"],"picked":"Cursed Key"},{"not_picked":["Black Star","Runic Cube"],"picked":"Tiny House"}],"items_purged_floors":[14,27,37],"is_endless":false,"potions_floor_spawned":[1,7,11,25,28,33,36,41,48],"killed_by":"Time Eater","ascension_level":8}