{"gold_per_floor":[116,116,64,75,91,154,154,187,187,241,261,294,294,307,307,404,404,420,438,452,63,63,63,75,91,115,115,115,115,141,141,141,238,238,252,252,252,266,278,278,295,295,375,375,375,394,412,58,58,58],"floor_reached":51,"playtime":2305,"items_purged":["Strike_R","Strike_R"],"score":871,"play_id":"31eed769-f75b-45a6-89a3-e2c1b3c83cc8","local_time":"20180706085601","is_ascension_mode":true,"campfire_choices":[{"floor":13,"key":"REST"},{"floor":15,"key":"REST"},{"data":"Havoc","floor":23,"key":"SMITH"},{"data":"Demon Form","floor":27,"key":"SMITH"},{"data":"Evolve","floor":29,"key":"SMITH"},{"floor":32,"key":"REST"},{"floor":40,"key":"REST"},{"floor":42,"key":"REST"},{"floor":45,"key":"REST"},{"floor":49,"key":"REST"}],"neow_cost":"NONE","seed_source_timestamp":214045782188436,"circlet_count":0,"master_deck":["Strike_R","Strike_R","Defend_R","Defend_R","Defend_R","Defend_R","Bash","Demon Form+1","Havoc+1","Cleave","Thunderclap","Sword Boomerang","Whirlwind","Ghostly Armor","Uppercut+1","Bludgeon+1","Pommel Strike+1","Feed+1","Uppercut+1","Pommel Strike+1","Flame Barrier","Shrug It Off","Spot Weakness","Evolve+1","Power Through","Impervious","Warcry","Ghostly Armor","Immolate+1","Madness","Madness","Disarm"],"relics":["Burning Blood","Mercury Hourglass","Tiny Chest","Self Forming Clay","Molten Egg 2","Torii","Anchor","Bird Faced Urn","Philosopher\u0027s Stone","Letter Opener","Potion Belt","Bottled Flame","Ornamental Fan","Lizard Tail","Pantograph","Mummified Hand","Bronze Scales"],"potions_floor_usage":[6,18,20,20,24,39,39,46,50,50,50],"damage_taken":[{"damage":9,"enemies":"2 Louse","floor":1,"turns":3},{"damage":13,"enemies":"Jaw Worm","floor":4,"turns":4},{"damage":5,"enemies":"Small Slimes","floor":5,"turns":3},{"damage":16,"enemies":"Lagavulin","floor":6,"turns":5},{"damage":18,"enemies":"Gremlin Nob","floor":8,"turns":4},{"damage":9,"enemies":"Exordium Thugs","floor":11,"turns":3},{"damage":33,"enemies":"Lagavulin","floor":12,"turns":6},{"damage":13,"enemies":"Blue Slaver","floor":14,"turns":3},{"damage":41,"enemies":"Slime Boss","floor":16,"turns":9},{"damage":19,"enemies":"Shell Parasite","floor":18,"turns":4},{"damage":7,"enemies":"2 Thieves","floor":19,"turns":3},{"damage":16,"enemies":"3 Cultists","floor":20,"turns":3},{"damage":27,"enemies":"Cultist and Chosen","floor":24,"turns":5},{"damage":0,"enemies":"Snecko","floor":25,"turns":3},{"damage":18,"enemies":"Book of Stabbing","floor":30,"turns":4},{"damage":41,"enemies":"Champ","floor":33,"turns":7},{"damage":34,"enemies":"3 Darklings","floor":35,"turns":5},{"damage":24,"enemies":"Orb Walker","floor":38,"turns":5},{"damage":26,"enemies":"4 Shapes","floor":39,"turns":8},{"damage":30,"enemies":"Sphere and 2 Shapes","floor":41,"turns":7},{"damage":25,"enemies":"3 Darklings","floor":46,"turns":4},{"damage":50,"enemies":"Maw","floor":47,"turns":9},{"damage":84,"enemies":"Time Eater","floor":50,"turns":11}],"seed_played":"-2150889617690441606","potions_obtained":[{"floor":1,"key":"EssenceOfSteel"},{"floor":14,"key":"Energy Potion"},{"floor":16,"key":"Poison Potion"},{"floor":19,"key":"Regen Potion"},{"floor":20,"key":"AttackPotion"},{"floor":33,"key":"Poison Potion"},{"floor":35,"key":"PowerPotion"},{"floor":38,"key":"SneckoOil"},{"floor":47,"key":"Explosive Potion"}],"is_trial":false,"path_per_floor":["M","?","$","M","M","E","T","E","T","T","M","E","R","M","R","B",null,"M","M","M","$","?","R","M","M","T","R","?","R","E","T","R","B",null,"M","?","T","M","M","R","M","R","T","?","R","M","M","$","R","B"],"character_chosen":"IRONCLAD","items_purchased":["Cleave","Letter Opener","Shrug It Off","Bronze Scales","Dexterity Potion","Fire Potion"],"campfire_rested":7,"item_purchase_floors":[3,21,21,48,48,48],"current_hp_per_floor":[77,70,70,63,64,54,54,42,42,42,39,12,36,29,53,20,65,54,53,48,48,74,74,55,63,63,63,63,63,51,51,75,44,71,47,47,47,33,15,40,22,48,48,37,63,50,14,14,42,53],"gold":58,"neow_bonus":"ONE_RANDOM_RARE_CARD","is_prod":false,"is_daily":false,"chose_seed":false,"campfire_upgraded":3,"win_rate":0,"timestamp":1530881761,"path_taken":["M","?","?","M","M","E","?","E","T","?","M","E","R","M","R","BOSS","M","?","M","$","?","R","M","M","T","R","?","R","E","?","R","BOSS","M","?","?","M","M","R","M","R","T","?","R","M","?","?","R","BOSS"],"build_version":"2018-07-05","purchased_purges":2,"victory":true,"max_hp_per_floor":[80,80,80,80,80,80,80,80,80,80,80,80,80,80,80,80,80,80,80,80,80,80,80,80,80,80,80,80,80,80,80,80,80,80,84,84,84,84,84,84,88,88,88,88,88,92,96,96,96,96],"card_choices":[{"not_picked":["Burning Pact","Warcry"],"picked":"Havoc","floor":1},{"not_picked":["Anger","Havoc"],"picked":"Thunderclap","floor":4},{"not_picked":["Warcry","Clothesline"],"picked":"Sword Boomerang","floor":5},{"not_picked":["True Grit","Disarm"],"picked":"Whirlwind","floor":6},{"not_picked":["Thunderclap","Warcry"],"picked":"Ghostly Armor","floor":8},{"not_picked":["Body Slam+1","Havoc"],"picked":"Uppercut+1","floor":11},{"not_picked":["Thunderclap+1","Metallicize"],"picked":"Bludgeon+1","floor":12},{"not_picked":["Twin Strike+1","True Grit"],"picked":"Pommel Strike+1","floor":14},{"not_picked":["Dark Embrace","Berserk"],"picked":"Feed+1","floor":16},{"not_picked":["Sentinel","Perfected Strike+1"],"picked":"Uppercut+1","floor":18},{"not_picked":["Hemokinesis+1","Reckless Charge+1"],"picked":"Pommel Strike+1","floor":19},{"not_picked":["Rampage+1","Inflame"],"picked":"Flame Barrier","floor":20},{"not_picked":["Rupture","Thunderclap+1"],"picked":"Spot Weakness","floor":24},{"not_picked":["Armaments","True Grit+1"],"picked":"Evolve","floor":25},{"not_picked":["Rupture","Clash+1"],"picked":"Power Through","floor":30},{"not_picked":["Barricade","Bludgeon+1"],"picked":"Impervious","floor":33},{"not_picked":["Cleave+1","Wild Strike+1"],"picked":"Warcry","floor":35},{"not_picked":["Wild Strike+1","Iron Wave+1","Sword Boomerang+1"],"picked":"SKIP","floor":38},{"not_picked":["Body Slam+1","Carnage+1"],"picked":"Ghostly Armor","floor":39},{"not_picked":["Rupture","Heavy Blade+1"],"picked":"Immolate+1","floor":41},{"not_picked":["Whirlwind+1","Rampage+1","Havoc"],"picked":"SKIP","floor":46},{"not_picked":["Fire Breathing+1","Entrench+1"],"picked":"Disarm","floor":47}],"player_experience":958324,"relics_obtained":[{"floor":6,"key":"Tiny Chest"},{"floor":7,"key":"Self Forming Clay"},{"floor":8,"key":"Molten Egg 2"},{"floor":9,"key":"Torii"},{"floor":10,"key":"Anchor"},{"floor":12,"key":"Bird Faced Urn"},{"floor":26,"key":"Potion Belt"},{"floor":30,"key":"Bottled Flame"},{"floor":31,"key":"Ornamental Fan"},{"floor":37,"key":"Pantograph"},{"floor":43,"key":"Mummified Hand"}],"event_choices":[{"event_name":"Scrap Ooze","player_choice":"success","floor":2,"damage_taken":7},{"event_name":"The Library","player_choice":"Heal","floor":22,"damage_taken":0},{"event_name":"Vampires","player_choice":"Ignored","floor":28,"damage_taken":0},{"event_name":"Purifier","player_choice":"One Purge","floor":36,"damage_taken":0},{"event_name":"Winding Halls","player_choice":"Embrace Madness","floor":44,"damage_taken":0}],"boss_relics":[{"not_picked":["Tiny House","Runic Cube"],"picked":"Philosopher\u0027s Stone"},{"not_picked":["Mark of Pain","Empty Cage"],"picked":"Lizard Tail"}],"items_purged_floors":[21,48],"is_endless":false,"potions_floor_spawned":[1,14,16,19,20,33,35,38,47],"ascension_level":5}