{"gold_per_floor":[117,137,151,0,0,30,30,30,30,30,60,78,128,128,128,253,253,272,272,46,64,64,64,64,92,92,92],"floor_reached":27,"playtime":1378,"items_purged":[],"score":273,"play_id":"87de7daf-764e-44e4-bca4-874b5243f5b0","local_time":"20181028144704","is_ascension_mode":true,"campfire_choices":[{"floor":8,"key":"REST"},{"floor":15,"key":"REST"},{"floor":23,"key":"REST"}],"neow_cost":"NONE","seed_source_timestamp":688932060036481,"circlet_count":0,"master_deck":["Defend_G+1","Defend_G+1","Defend_G+1","Defend_G+1","Defend_G+1","Strike_G+1","Strike_G+1","Strike_G+1","Strike_G+1","Survivor","Neutralize","Sucker Punch","All Out Attack","Dagger Spray","Deflect","Riddle With Holes","Poisoned Stab","Storm of Steel","Noxious Fumes","Cloak And Dagger","Escape Plan","Blade Dance","Accuracy","Finisher","Die Die Die","Skewer+1","Expertise"],"relics":["Ring of the Snake","Pen Nib","StoneCalendar","Blue Candle","Orichalcum","Bloody Idol","Orrery","Snake Skull","Nunchaku"],"potions_floor_usage":[6,11,11,11,16,18,21],"damage_taken":[{"damage":0,"enemies":"2 Louse","floor":1,"turns":3},{"damage":4,"enemies":"Jaw Worm","floor":2,"turns":5},{"damage":0,"enemies":"Small Slimes","floor":3,"turns":3},{"damage":28,"enemies":"Lagavulin","floor":6,"turns":8},{"damage":8,"enemies":"Gremlin Nob","floor":11,"turns":4},{"damage":0,"enemies":"Red Slaver","floor":12,"turns":3},{"damage":19,"enemies":"Slime Boss","floor":16,"turns":7},{"damage":10,"enemies":"2 Thieves","floor":18,"turns":3},{"damage":39,"enemies":"Spheric Guardian","floor":21,"turns":6},{"damage":45,"enemies":"Slavers","floor":25,"turns":6},{"damage":20,"enemies":"3 Cultists","floor":27,"turns":3}],"seed_played":"-8032877021965898587","potions_obtained":[{"floor":3,"key":"SteroidPotion"},{"floor":10,"key":"Swift Potion"},{"floor":10,"key":"Regen Potion"},{"floor":10,"key":"GhostInAJar"},{"floor":11,"key":"Fire Potion"},{"floor":16,"key":"Explosive Potion"},{"floor":18,"key":"Regen Potion"}],"is_trial":false,"path_per_floor":["M","M","M","$","?","E","$","R","T","?","E","M","?","?","R","B",null,"M","?","$","M","?","R","?","E","T"],"character_chosen":"THE_SILENT","items_purchased":["Pen Nib","Finisher","Die Die Die"],"campfire_rested":3,"item_purchase_floors":[4,20,20],"current_hp_per_floor":[70,66,66,66,71,43,43,65,65,65,57,57,57,39,61,42,75,65,65,65,38,38,60,60,20,20,0],"gold":92,"neow_bonus":"THREE_CARDS","is_prod":false,"is_daily":false,"chose_seed":false,"campfire_upgraded":0,"win_rate":0,"timestamp":1540756024,"path_taken":["M","M","M","$","?","E","$","R","T","?","E","?","?","?","R","BOSS","M","?","$","M","?","R","?","E","T","M"],"build_version":"2018-10-25v2","purchased_purges":0,"victory":false,"max_hp_per_floor":[70,70,70,70,75,75,75,75,75,75,75,75,75,75,75,75,75,75,75,75,75,75,75,75,75,75,75],"card_choices":[{"not_picked":["Slice","Dagger Spray"],"picked":"Sucker Punch","floor":0},{"not_picked":["Blade Dance","Masterful Stab"],"picked":"All Out Attack","floor":1},{"not_picked":["Bane","Dodge and Roll"],"picked":"Dagger Spray","floor":2},{"not_picked":["Outmaneuver","Dagger Spray"],"picked":"Deflect","floor":3},{"not_picked":["Acrobatics","Endless Agony"],"picked":"Riddle With Holes","floor":6},{"not_picked":["Dagger Spray","Slice"],"picked":"Poisoned Stab","floor":11},{"not_picked":["Finisher","Sucker Punch","Underhanded Strike"],"picked":"SKIP","floor":12},{"not_picked":["Bullet Time","Envenom"],"picked":"Storm of Steel","floor":16},{"not_picked":["Crippling Poison","Dagger Spray"],"picked":"Noxious Fumes","floor":17},{"not_picked":["Masterful Stab","Quick Slash"],"picked":"Cloak And Dagger","floor":17},{"not_picked":["Endless Agony","Dodge and Roll"],"picked":"Escape Plan","floor":17},{"not_picked":["Deadly Poison","Slice"],"picked":"Blade Dance","floor":17},{"not_picked":["Slice","Quick Slash"],"picked":"Accuracy","floor":18},{"not_picked":["Quick Slash+1","All Out Attack"],"picked":"Skewer+1","floor":21},{"not_picked":["Flechettes","Slice"],"picked":"Expertise","floor":25}],"player_experience":480094,"relics_obtained":[{"floor":6,"key":"StoneCalendar"},{"floor":9,"key":"Blue Candle"},{"floor":11,"key":"Orichalcum"},{"floor":25,"key":"Snake Skull"},{"floor":26,"key":"Nunchaku"}],"event_choices":[{"damage_healed":0,"gold_gain":0,"player_choice":"Donut","damage_taken":0,"max_hp_gain":5,"max_hp_loss":0,"event_name":"Big Fish","floor":5,"gold_loss":0},{"damage_healed":0,"gold_gain":0,"player_choice":"Got Potions","damage_taken":0,"max_hp_gain":0,"max_hp_loss":0,"event_name":"The Lab","floor":10,"gold_loss":0},{"damage_healed":0,"gold_gain":50,"player_choice":"Gained Gold","damage_taken":0,"max_hp_gain":0,"max_hp_loss":0,"event_name":"Golden Wing","floor":13,"gold_loss":0},{"damage_healed":0,"gold_gain":0,"player_choice":"Take Damage","damage_taken":18,"relics_obtained":["Golden Idol"],"max_hp_gain":0,"max_hp_loss":0,"event_name":"Golden Idol","floor":14,"gold_loss":0},{"cards_removed":["Strike_G"],"damage_healed":0,"gold_gain":0,"player_choice":"Purged","damage_taken":0,"max_hp_gain":0,"max_hp_loss":0,"event_name":"Purifier","floor":19,"gold_loss":0},{"damage_healed":0,"gold_gain":0,"player_choice":"Simplicity","damage_taken":0,"max_hp_gain":0,"max_hp_loss":0,"event_name":"Back to Basics","floor":22,"gold_loss":0,"cards_upgraded":["Defend_G","Defend_G","Defend_G","Defend_G","Defend_G","Strike_G","Strike_G","Strike_G","Strike_G"]},{"damage_healed":0,"gold_gain":0,"player_choice":"Gave Idol","damage_taken":0,"relics_obtained":["Bloody Idol"],"max_hp_gain":0,"max_hp_loss":0,"event_name":"Forgotten Altar","floor":24,"relics_lost":["Golden Idol"],"gold_loss":0}],"is_beta":true,"boss_relics":[{"not_picked":["Philosopher\u0027s Stone","Velvet Choker"],"picked":"Orrery"}],"items_purged_floors":[],"is_endless":false,"potions_floor_spawned":[3,11,16,18],"killed_by":"3 Cultists","ascension_level":3}