{"gold_per_floor":[118,118,118,19,32,75,150,195,207,257,269,299,311,361,373,474,486,517,529,39,39,39,59,73,73,98,115,129,129,149,167,167,244,244,255,255,274,293,293,328,5,105,105,105,117,129,142,67,67,67,67],"floor_reached":52,"playtime":3382,"items_purged":["Normality"],"score":1874,"play_id":"a43899c6-8f74-4490-827b-60a7a5b5a968","local_time":"20190211105442","is_ascension_mode":true,"campfire_choices":[{"floor":11.0,"key":"REST"},{"floor":13.0,"key":"REST"},{"floor":15.0,"key":"REST"},{"data":"Heatsinks","floor":25.0,"key":"SMITH"},{"data":"Storm","floor":32.0,"key":"SMITH"},{"floor":44,"key":"REST"},{"data":"Defragment","floor":49,"key":"SMITH"}],"neow_cost":"NONE","seed_source_timestamp":0,"circlet_count":0,"master_deck":["AscendersBane","Strike_B","Defend_B","Defend_B","Defend_B","Defend_B","Zap","Dualcast","Ball Lightning","Heatsinks+1","Go for the Eyes","Coolheaded","Biased Cognition","Conserve Battery","Coolheaded","Leap","Machine Learning","Cold Snap","Thunder Strike","Self Repair+1","Static Discharge+1","Storm+1","Steam","Hologram","Ball Lightning","Biased Cognition","Chill+1","Recycle+1","Reinforced Body+1","BootSequence","White Noise+1","Machine Learning","Capacitor","Defragment+1","Regret","Force Field","Consume","Glacier"],"special_seed":0,"relics":["Cracked Core","NeowsBlessing","Bloody Idol","Cables","MawBank","Anchor","Pen Nib","Pear","PreservedInsect","Cursed Key","Mummified Hand","ClockworkSouvenir","Bag of Preparation","Astrolabe","Vajra","Blood Vial","Unceasing Top","Shuriken"],"potions_floor_usage":[33,33,40,42,50],"damage_taken":[{"damage":0.0,"enemies":"Cultist","floor":1.0,"turns":1.0},{"damage":0.0,"enemies":"2 Louse","floor":5.0,"turns":1.0},{"damage":0.0,"enemies":"3 Sentries","floor":6.0,"turns":1.0},{"damage":17.0,"enemies":"3 Sentries","floor":7.0,"turns":6.0},{"damage":14.0,"enemies":"Gremlin Nob","floor":8.0,"turns":4.0},{"damage":8.0,"enemies":"3 Sentries","floor":10.0,"turns":9.0},{"damage":5.0,"enemies":"Small Slimes","floor":12.0,"turns":3.0},{"damage":0.0,"enemies":"Lagavulin","floor":14.0,"turns":5.0},{"damage":48.0,"enemies":"Slime Boss","floor":16.0,"turns":13.0},{"damage":38.0,"enemies":"3 Byrds","floor":18.0,"turns":5.0},{"damage":0.0,"enemies":"Chosen","floor":23.0,"turns":4.0},{"damage":3.0,"enemies":"Snecko","floor":24.0,"turns":4.0},{"damage":16.0,"enemies":"Snake Plant","floor":27.0,"turns":4.0},{"damage":11.0,"enemies":"Centurion and Healer","floor":28.0,"turns":6.0},{"damage":10.0,"enemies":"3 Cultists","floor":30.0,"turns":4.0},{"damage":27.0,"enemies":"Shelled Parasite and Fungi","floor":31.0,"turns":5.0},{"damage":56,"enemies":"Automaton","floor":33,"turns":10},{"damage":32,"enemies":"3 Darklings","floor":35,"turns":4},{"damage":0,"enemies":"Orb Walker","floor":37,"turns":3},{"damage":12,"enemies":"Maw","floor":38,"turns":7},{"damage":54,"enemies":"Reptomancer","floor":40,"turns":4},{"damage":0,"enemies":"Mind Bloom Boss Battle","floor":42,"turns":5},{"damage":7,"enemies":"Writhing Mass","floor":45,"turns":3},{"damage":4,"enemies":"Spire Growth","floor":46,"turns":5},{"damage":0,"enemies":"3 Darklings","floor":47,"turns":4},{"damage":22,"enemies":"Time Eater","floor":50,"turns":10},{"damage":25,"enemies":"Donu and Deca","floor":51,"turns":8}],"seed_played":"-1196026320895049909","potions_obtained":[{"floor":5.0,"key":"Poison Potion"},{"floor":6.0,"key":"EssenceOfSteel"},{"floor":7.0,"key":"FearPotion"},{"floor":14.0,"key":"Block Potion"},{"floor":16.0,"key":"FearPotion"},{"floor":23.0,"key":"Poison Potion"},{"floor":24.0,"key":"Ancient Potion"},{"floor":28.0,"key":"Energy Potion"},{"floor":35,"key":"FearPotion"},{"floor":38,"key":"LiquidBronze"},{"floor":42,"key":"PowerPotion"}],"is_trial":false,"path_per_floor":["M","?","?","$","M","E","?","E","T","E","R","M","R","E","R","B",null,"M","?","$","?","$","M","M","R","T","M","M","?","M","M","R","B",null,"M","?","M","M","?","E","$","?","T","R","M","M","M","$","R","B","B",null],"character_chosen":"DEFECT","items_purchased":["Heatsinks","Go for the Eyes","Mummified Hand","ClockworkSouvenir","Capacitor","Blood Vial","Glacier"],"campfire_rested":4,"item_purchase_floors":[4,4,20,20,41,41,48],"current_hp_per_floor":[64,40,40,40,40,40,23,9,9,11,35,30,54,54,78,30,68,30,30,35,35,35,50,62,62,67,66,70,70,75,63,63,22,66,49,49,64,67,67,18,18,35,35,58,68,77,77,77,77,65,52],"gold":67,"neow_bonus":"THREE_ENEMY_KILL","is_prod":false,"is_daily":false,"chose_seed":false,"campfire_upgraded":3,"win_rate":0,"timestamp":1549900482,"path_taken":["M","?","?","$","M","E","?","E","T","E","R","M","R","E","R","BOSS","M","?","$","?","?","M","M","R","T","M","M","?","?","M","R","BOSS","M","?","M","M","?","E","$","?","T","R","M","M","M","$","R","BOSS","BOSS"],"build_version":"2019-01-23","purchased_purges":1,"victory":true,"max_hp_per_floor":[71,71,71,71,71,71,71,71,71,81,81,81,81,81,81,81,81,81,81,81,81,81,81,81,81,81,81,81,81,81,81,81,81,81,81,77,77,77,77,77,77,77,77,77,77,77,77,77,77,77,77],"card_choices":[{"not_picked":["Rebound","Rip and Tear"],"picked":"Ball Lightning","floor":1.0},{"not_picked":["Turbo","Barrage"],"picked":"Coolheaded","floor":5.0},{"not_picked":["Skim","Self Repair"],"picked":"Biased Cognition","floor":6.0},{"not_picked":["Cold Snap","Barrage"],"picked":"Conserve Battery","floor":7.0},{"not_picked":["Gash","Beam Cell"],"picked":"Coolheaded","floor":8.0},{"not_picked":["Gash","Undo"],"picked":"Leap","floor":10.0},{"not_picked":["Barrage","Aggregate"],"picked":"Machine Learning","floor":12.0},{"not_picked":["Gash","Leap"],"picked":"Cold Snap","floor":14.0},{"not_picked":["Reboot","Meteor Strike"],"picked":"Thunder Strike","floor":16.0},{"not_picked":["Streamline","Steam"],"picked":"Self Repair+1","floor":18.0},{"not_picked":["Coolheaded","Aggregate"],"picked":"Static Discharge+1","floor":23.0},{"not_picked":["Stack","Cold Snap","Genetic Algorithm"],"picked":"SKIP","floor":24.0},{"not_picked":["Hologram","Heatsinks"],"picked":"Storm","floor":27.0},{"not_picked":["All For One","Rip and Tear"],"picked":"Steam","floor":28.0},{"not_picked":["Go for the Eyes","Compile Driver"],"picked":"Hologram","floor":30.0},{"not_picked":["Leap","Streamline"],"picked":"Ball Lightning","floor":31.0},{"not_picked":["Core Surge","Reboot"],"picked":"Biased Cognition","floor":33},{"not_picked":["Stack","Gash"],"picked":"BootSequence","floor":35},{"not_picked":["Barrage","Genetic Algorithm"],"picked":"White Noise+1","floor":37},{"not_picked":["Gash+1","Skim","Conserve Battery+1"],"picked":"SKIP","floor":38},{"not_picked":["Coolheaded","Chill"],"picked":"Machine Learning","floor":40},{"not_picked":["Beam Cell","Streamline+1"],"picked":"Defragment","floor":42},{"not_picked":["Auto Shields+1","Self Repair"],"picked":"Force Field","floor":45},{"not_picked":["Stack","Gash","Leap"],"picked":"SKIP","floor":46},{"not_picked":["Hologram","Gash"],"picked":"Consume","floor":47}],"player_experience":2391783,"relics_obtained":[{"floor":6.0,"key":"Cables"},{"floor":7.0,"key":"MawBank"},{"floor":8.0,"key":"Anchor"},{"floor":9.0,"key":"Pen Nib"},{"floor":10.0,"key":"Pear"},{"floor":14.0,"key":"PreservedInsect"},{"floor":26.0,"key":"Bag of Preparation"},{"floor":40,"key":"Vajra"},{"floor":42,"key":"Unceasing Top"},{"floor":43,"key":"Shuriken"}],"event_choices":[{"damage_healed":0.0,"max_hp_gain":0.0,"max_hp_loss":0.0,"gold_gain":0.0,"event_name":"Golden Idol","player_choice":"Take Damage","floor":2.0,"gold_loss":0.0,"damage_taken":24.0,"relics_obtained":["Golden Idol"]},{"damage_healed":0.0,"max_hp_gain":0.0,"max_hp_loss":0.0,"gold_gain":0.0,"event_name":"Shining Light","player_choice":"Ignored","floor":3.0,"gold_loss":0.0,"damage_taken":0.0},{"damage_healed":0.0,"max_hp_gain":0.0,"max_hp_loss":0.0,"gold_gain":0.0,"event_name":"Dead Adventurer","player_choice":"Searched \u00271\u0027 times","floor":7.0,"gold_loss":0.0,"damage_taken":0.0},{"damage_healed":0.0,"max_hp_gain":0.0,"max_hp_loss":0.0,"gold_gain":0.0,"event_name":"Forgotten Altar","player_choice":"Gave Idol","floor":19.0,"relics_lost":["Golden Idol"],"gold_loss":0.0,"damage_taken":0.0,"relics_obtained":["Bloody Idol"]},{"damage_healed":0.0,"max_hp_gain":0.0,"max_hp_loss":0.0,"gold_gain":0.0,"event_name":"Cursed Tome","player_choice":"Ignored","floor":21.0,"gold_loss":0.0,"damage_taken":0.0},{"damage_healed":0.0,"max_hp_gain":0.0,"max_hp_loss":0.0,"gold_gain":0.0,"event_name":"Ghosts","player_choice":"Ignored","floor":29.0,"gold_loss":0.0,"damage_taken":0.0},{"damage_healed":0,"gold_gain":0,"player_choice":"Max HP","damage_taken":0,"max_hp_gain":0,"max_hp_loss":4,"event_name":"Winding Halls","floor":36,"gold_loss":0},{"damage_healed":0,"gold_gain":0,"player_choice":"Ignored","damage_taken":0,"max_hp_gain":0,"max_hp_loss":0,"event_name":"Tomb of Lord Red Mask","floor":39,"gold_loss":0},{"damage_healed":0,"gold_gain":0,"player_choice":"Fight","damage_taken":0,"max_hp_gain":0,"max_hp_loss":0,"event_name":"MindBloom","floor":42,"gold_loss":0}],"is_beta":false,"boss_relics":[{"not_picked":["Philosopher\u0027s Stone","Runic Dome"],"picked":"Cursed Key"},{"not_picked":["Orrery","Runic Pyramid"],"picked":"Astrolabe"}],"items_purged_floors":[41],"is_endless":false,"potions_floor_spawned":[5,6,7,14,16,23,24,28,35,38,42],"ascension_level":20}