{"gold_per_floor":[118,43,63,75,25,25,54,129,129,129,40,40,70,70,70,141,141,158,177,190,206,222,222,255,255,304,317,330,429,429,445,445,519,519,531,541,541,541,559,559,578,578,578,611,611,629,1,20,20,20],"floor_reached":50,"playtime":3002,"items_purged":["Strike_B","Strike_B"],"score":1104,"play_id":"46ce4562-2f8f-44b4-ab81-9b0c9f618578","local_time":"20180723010403","is_ascension_mode":true,"campfire_choices":[{"data":"Capacitor","floor":6.0,"key":"SMITH"},{"floor":10.0,"key":"REST"},{"data":"Leap","floor":15.0,"key":"SMITH"},{"floor":23.0,"key":"REST"},{"data":"Biased Cognition","floor":30,"key":"SMITH"},{"floor":32,"key":"REST"},{"floor":40,"key":"REST"},{"floor":45,"key":"REST"},{"floor":49,"key":"REST"}],"neow_cost":"NONE","seed_source_timestamp":0,"circlet_count":0,"master_deck":["Strike_B","Defend_B","Defend_B","Defend_B","Defend_B","Zap+1","Dualcast","AscendersBane","Capacitor+1","Ball Lightning","Auto Shields+1","Loop","Leap+1","Loop","Biased Cognition+1","Reboot","Loop+1","Leap+1","Leap","Glacier","Cold Snap","Sunder+1","Self Repair","Buffer","Creative AI","Finesse","Leap+1","BootSequence+1","Storm","Amplify","BootSequence+1","Leap","Hologram","Chill"],"special_seed":0,"relics":["Cracked Core","Meat on the Bone","Bag of Marbles","Bottled Tornado","Singing Bowl","Runic Dome","Blue Candle","Lantern","Fusion Hammer","Du-Vu Doll","Molten Egg 2","Letter Opener","Ornamental Fan","Kunai","Boot"],"potions_floor_usage":[24,24,38,41,50,50],"damage_taken":[{"damage":3.0,"enemies":"2 Louse","floor":1.0,"turns":2.0},{"damage":2.0,"enemies":"Jaw Worm","floor":3.0,"turns":3.0},{"damage":0.0,"enemies":"Small Slimes","floor":4.0,"turns":3.0},{"damage":21.0,"enemies":"3 Sentries","floor":7.0,"turns":7.0},{"damage":10.0,"enemies":"Lagavulin","floor":13.0,"turns":6.0},{"damage":40.0,"enemies":"The Guardian","floor":16.0,"turns":10.0},{"damage":0.0,"enemies":"Chosen","floor":18.0,"turns":4.0},{"damage":8.0,"enemies":"Spheric Guardian","floor":19.0,"turns":4.0},{"damage":38.0,"enemies":"Snecko","floor":20.0,"turns":7.0},{"damage":12.0,"enemies":"Snake Plant","floor":21.0,"turns":3.0},{"damage":14.0,"enemies":"Centurion and Healer","floor":22.0,"turns":4.0},{"damage":38,"enemies":"Slavers","floor":24,"turns":14},{"damage":0,"enemies":"Snecko","floor":27,"turns":8},{"damage":34,"enemies":"3 Cultists","floor":28,"turns":7},{"damage":2,"enemies":"Snake Plant","floor":31,"turns":4},{"damage":57,"enemies":"Champ","floor":33,"turns":13},{"damage":3,"enemies":"Orb Walker","floor":35,"turns":4},{"damage":8,"enemies":"Flame Bruiser 1 Orb","floor":36,"turns":6},{"damage":5,"floor":38,"turns":9},{"damage":69,"enemies":"3 Darklings","floor":39,"turns":7},{"damage":29,"enemies":"Sphere and 2 Shapes","floor":41,"turns":7},{"damage":23,"enemies":"Nemesis","floor":44,"turns":8},{"damage":2,"enemies":"4 Shapes","floor":46,"turns":6},{"damage":56,"enemies":"Transient","floor":48,"turns":5},{"damage":70,"enemies":"Awakened One","floor":50,"turns":6}],"seed_played":"2822876873254650686","potions_obtained":[{"floor":7.0,"key":"Dexterity Potion"},{"floor":16.0,"key":"Fire Potion"},{"floor":18.0,"key":"Dexterity Potion"},{"floor":22.0,"key":"Regen Potion"},{"floor":31,"key":"Fire Potion"},{"floor":33,"key":"SkillPotion"},{"floor":44,"key":"Regen Potion"}],"is_trial":false,"path_per_floor":["M","$","M","M","?","R","E","?","T","R","$","?","E","T","R","B",null,"M","M","M","M","M","R","E","?","T","M","M","?","R","M","R","B",null,"M","M","?","?","M","R","M","T","T","E","R","M","$","M","R"],"character_chosen":"DEFECT","items_purchased":["Leap","Loop","Kunai","Boot","Dexterity Potion","Leap","Hologram"],"campfire_rested":6,"item_purchase_floors":[11,11,47,47,47,47,47],"current_hp_per_floor":[65,65,63,63,63,63,42,31,31,53,53,53,43,43,43,15,60,60,52,26,28,26,49,38,38,38,50,28,28,28,45,68,30,65,78,79,73,75,25,50,40,40,40,36,61,59,59,22,47,0],"gold":20,"neow_bonus":"UPGRADE_CARD","is_prod":false,"is_daily":false,"chose_seed":false,"campfire_upgraded":3,"win_rate":0,"timestamp":1532300643,"path_taken":["M","$","M","M","?","R","E","?","T","R","?","?","E","?","R","BOSS","M","M","M","M","M","R","E","?","T","M","M","?","R","M","R","BOSS","M","M","?","?","M","R","M","?","T","E","R","M","$","M","R","BOSS"],"build_version":"2018-07-19","purchased_purges":2,"victory":false,"max_hp_per_floor":[75,75,75,75,75,75,75,75,75,75,75,75,75,75,75,75,75,75,75,75,77,77,77,77,77,77,77,77,77,77,77,77,77,77,79,81,85,85,85,85,85,85,85,85,85,85,85,85,85,85],"card_choices":[{"not_picked":["Stack","Cold Snap"],"picked":"Capacitor","floor":1.0},{"not_picked":["Barrage","Streamline"],"picked":"Ball Lightning","floor":3.0},{"not_picked":["Steam","Hello World"],"picked":"Auto Shields","floor":4.0},{"not_picked":["Darkness","Redo"],"picked":"Loop","floor":7.0},{"not_picked":["Streamline","Genetic Algorithm"],"picked":"Biased Cognition","floor":13.0},{"not_picked":["Amplify","Biased Cognition"],"picked":"Reboot","floor":16.0},{"not_picked":["Barrage","Tempest"],"picked":"Loop+1","floor":18.0},{"not_picked":["Barrage","Melter"],"picked":"Leap+1","floor":19.0},{"not_picked":["Fusion","Reprogram"],"picked":"Leap","floor":20.0},{"not_picked":["Barrage","Rebound+1","Rip and Tear"],"picked":"Singing Bowl","floor":21.0},{"not_picked":["Lockon","Leap"],"picked":"Glacier","floor":22.0},{"not_picked":["Ball Lightning","Storm"],"picked":"Cold Snap","floor":24},{"not_picked":["Darkness","Turbo+1"],"picked":"Sunder+1","floor":27},{"not_picked":["Turbo","Gash"],"picked":"Self Repair","floor":28},{"not_picked":["Barrage","Lockon"],"picked":"Buffer","floor":31},{"not_picked":["Meteor Strike","Seek"],"picked":"Creative AI","floor":33},{"not_picked":["Aggregate","Gash","Rebound+1"],"picked":"Singing Bowl","floor":35},{"not_picked":["Aggregate","Gash","Compile Driver"],"picked":"Singing Bowl","floor":36},{"not_picked":["Metamorphosis","Good Instincts","Transmutation"],"picked":"Singing Bowl","floor":37},{"not_picked":["Purity","Deep Breath","Madness"],"picked":"Singing Bowl","floor":37},{"not_picked":["Purity","Trip"],"picked":"Finesse","floor":37},{"not_picked":["Stack+1","FTL"],"picked":"Leap+1","floor":38},{"not_picked":["White Noise","Stack"],"picked":"BootSequence+1","floor":39},{"not_picked":["Gash","Melter"],"picked":"Storm","floor":41},{"not_picked":["Tempest","Cold Snap+1"],"picked":"Amplify","floor":44},{"not_picked":["Leap","Static Discharge+1"],"picked":"BootSequence+1","floor":46},{"not_picked":["Conserve Battery+1","Darkness+1"],"picked":"Chill","floor":48}],"player_experience":346349,"relics_obtained":[{"floor":7.0,"key":"Meat on the Bone"},{"floor":9.0,"key":"Bag of Marbles"},{"floor":13.0,"key":"Bottled Tornado"},{"floor":14.0,"key":"Singing Bowl"},{"floor":24,"key":"Blue Candle"},{"floor":26,"key":"Lantern"},{"floor":38,"key":"Du-Vu Doll"},{"floor":42,"key":"Molten Egg 2"},{"floor":43,"key":"Letter Opener"},{"floor":44,"key":"Ornamental Fan"}],"event_choices":[{"event_name":"The Cleric","player_choice":"Card Removal","floor":5.0,"damage_taken":0.0},{"event_name":"World of Goop","player_choice":"Gather Gold","floor":8.0,"damage_taken":0.0},{"event_name":"Accursed Blacksmith","player_choice":"Forge","floor":12.0,"damage_taken":0.0},{"event_name":"Drug Dealer","player_choice":"Ignored","floor":25,"damage_taken":0},{"event_name":"Nest","player_choice":"Stole From Cult","floor":29,"damage_taken":0},{"event_name":"SensoryStone","player_choice":"Memory 3","floor":37,"damage_taken":0},{"event_name":"MindBloom","player_choice":"Fight","floor":38,"damage_taken":0}],"is_beta":true,"boss_relics":[{"not_picked":["White Beast Statue","Runic Pyramid"],"picked":"Runic Dome"},{"not_picked":["Empty Cage","Black Star"],"picked":"Fusion Hammer"}],"items_purged_floors":[2,47],"is_endless":false,"potions_floor_spawned":[7,16,18,22,31,33,35,44],"killed_by":"Awakened One","ascension_level":13}