{"gold_per_floor":[110,120,120,120,138,138,156,8,8,8,83,111,111,129,129,233,283,293,309,341,90,100,135,235,235],"floor_reached":25,"playtime":1897,"items_purged":["Strike_B","Defend_B"],"score":221,"play_id":"64a1b659-fd15-44ba-b8a0-6da2b31283a6","local_time":"20181126021217","is_ascension_mode":false,"campfire_choices":[{"data":"Zap","floor":6,"key":"SMITH"},{"data":"Defragment","floor":10,"key":"SMITH"},{"data":"Genetic Algorithm","floor":13,"key":"SMITH"},{"floor":15,"key":"RECALL"}],"neow_cost":"NONE","seed_source_timestamp":1241320188293447,"circlet_count":0,"master_deck":["Strike_B","Strike_B","Strike_B","Defend_B","Defend_B","Defend_B","Zap+1","Dualcast+1","BootSequence+1","Rebound","Thunder Strike","Barrage","Defragment+1","Genetic Algorithm+1","Glacier","Creative AI","Melter","Undo+1","FTL+1","Stack+1","Redo","Blizzard"],"relics":["Cracked Core","Omamori","Ornamental Fan","Tiny House","Red Mask","Regal Pillow","Matryoshka"],"potions_floor_usage":[12,16,16,16,20,20,25],"damage_taken":[{"damage":7,"enemies":"Small Slimes","floor":1,"turns":3},{"damage":0,"enemies":"2 Louse","floor":2,"turns":3},{"damage":0,"enemies":"Jaw Worm","floor":5,"turns":2},{"damage":5,"enemies":"Looter","floor":7,"turns":3},{"damage":17,"enemies":"3 Sentries","floor":12,"turns":4},{"damage":1,"enemies":"Blue Slaver","floor":14,"turns":3},{"damage":15,"enemies":"Hexaghost","floor":16,"turns":12},{"damage":0,"enemies":"Chosen","floor":18,"turns":6},{"damage":8,"enemies":"Shell Parasite","floor":19,"turns":11},{"damage":20,"enemies":"Masked Bandits","floor":20,"turns":6},{"damage":1,"enemies":"Chosen and Byrds","floor":22,"turns":8},{"damage":30,"enemies":"Book of Stabbing","floor":23,"turns":10},{"damage":49,"enemies":"Gremlin Leader","floor":25,"turns":6}],"seed_played":"9060585958894758291","potions_obtained":[{"floor":1,"key":"FearPotion"},{"floor":2,"key":"Strength Potion"},{"floor":7,"key":"SkillPotion"},{"floor":14,"key":"Poison Potion"},{"floor":17,"key":"Regen Potion"},{"floor":18,"key":"Strength Potion"},{"floor":23,"key":"Poison Potion"}],"is_trial":false,"path_per_floor":["M","M","?","?","M","R","M","$","T","R","?","E","R","M","R","B",null,"M","M","?","$","M","E","?","E"],"character_chosen":"DEFECT","items_purchased":["Defragment","Regal Pillow"],"campfire_rested":0,"item_purchase_floors":[8,21],"current_hp_per_floor":[68,68,73,73,73,73,68,68,68,68,57,40,40,39,39,24,85,85,77,69,69,68,38,38,0],"gold":235,"neow_bonus":"UPGRADE_CARD","is_prod":false,"is_daily":false,"chose_seed":false,"campfire_upgraded":3,"win_rate":0,"timestamp":1543165937,"path_taken":["M","M","?","?","M","R","M","?","T","R","?","E","R","M","R","BOSS","M","M","?","$","M","E","?","E"],"build_version":"2018-11-15","purchased_purges":2,"victory":false,"max_hp_per_floor":[75,75,80,80,80,80,80,80,80,80,80,80,80,80,80,80,85,85,85,85,85,85,85,85,85],"card_choices":[{"not_picked":["Reprogram","Force Field"],"picked":"BootSequence","floor":1},{"not_picked":["Steam Power","Turbo"],"picked":"Rebound","floor":2},{"not_picked":["Rebound","Hologram"],"picked":"Thunder Strike","floor":5},{"not_picked":["Sunder","Turbo"],"picked":"Barrage","floor":7},{"not_picked":["Melter","Go for the Eyes"],"picked":"Genetic Algorithm","floor":12},{"not_picked":["Stack","Leap"],"picked":"Glacier","floor":14},{"not_picked":["Reboot","Seek"],"picked":"Creative AI","floor":16},{"not_picked":["Ball Lightning","Scrape"],"picked":"Melter","floor":17},{"not_picked":["Gash+1","Consume"],"picked":"Undo+1","floor":18},{"not_picked":["Rebound+1","Hello World"],"picked":"FTL+1","floor":19},{"not_picked":["Consume","Auto Shields"],"picked":"Stack+1","floor":20},{"not_picked":["Hologram","Coolheaded"],"picked":"Redo","floor":22},{"not_picked":["Chill","Buffer"],"picked":"Blizzard","floor":23}],"player_experience":51720,"relics_obtained":[{"floor":9,"key":"Omamori"},{"floor":12,"key":"Ornamental Fan"},{"floor":20,"key":"Red Mask"},{"floor":23,"key":"Matryoshka"}],"event_choices":[{"damage_healed":0,"gold_gain":0,"player_choice":"Donut","damage_taken":0,"max_hp_gain":5,"max_hp_loss":0,"event_name":"Big Fish","floor":3,"gold_loss":0},{"damage_healed":0,"gold_gain":0,"player_choice":"Ignored","damage_taken":0,"max_hp_gain":0,"max_hp_loss":0,"event_name":"Liars Game","floor":4,"gold_loss":0},{"damage_healed":0,"gold_gain":75,"player_choice":"Gather Gold","damage_taken":11,"max_hp_gain":0,"max_hp_loss":0,"event_name":"World of Goop","floor":11,"gold_loss":0},{"damage_healed":0,"gold_gain":0,"player_choice":"Fought Bandits","damage_taken":0,"max_hp_gain":0,"max_hp_loss":0,"event_name":"Masked Bandits","floor":20,"gold_loss":0},{"damage_healed":0,"gold_gain":100,"player_choice":"Pray","damage_taken":0,"max_hp_gain":0,"max_hp_loss":0,"event_name":"Golden Shrine","floor":24,"gold_loss":0}],"is_beta":false,"boss_relics":[{"not_picked":["Coffee Dripper","Philosopher\u0027s Stone"],"picked":"Tiny House"}],"items_purged_floors":[8,21],"is_endless":false,"potions_floor_spawned":[1,2,7,14,18,23],"killed_by":"Gremlin Leader","ascension_level":0}