{"gold_per_floor":[219,237,237,248,312,312,34,69,69,79,89,89,89,100,100,198,198,213,92,17,17,30,30,45,45,45,45,45,64,99,109,109,109],"floor_reached":33,"playtime":1485,"items_purged":["Strike_R"],"score":346,"play_id":"12c256ef-0087-43d2-96ae-3016682f4b05","local_time":"20180727231737","is_ascension_mode":true,"campfire_choices":[{"data":"Shrug It Off","floor":6,"key":"SMITH"},{"data":"Immolate","floor":13,"key":"SMITH"},{"floor":15,"key":"REST"},{"floor":23,"key":"REST"},{"data":"Spot Weakness","floor":27,"key":"SMITH"},{"floor":32,"key":"REST"}],"neow_cost":"NONE","seed_source_timestamp":192638992761223,"circlet_count":0,"master_deck":["Strike_R","Strike_R","Strike_R","Defend_R+1","Defend_R+1","Defend_R","Defend_R","Bash","Shrug It Off+1","Heavy Blade","Heavy Blade","Immolate+1","Flex","Clothesline","Iron Wave","Parasite","Spot Weakness+1","Feed","Armaments","Cleave","Shockwave+1","Flame Barrier+1","Anger","Flex+1"],"relics":["Burning Blood","HandDrill","Letter Opener","Shuriken","Runic Cube","Enchiridion","Blue Candle","Red Mask"],"potions_floor_usage":[8,16,30,33,33],"damage_taken":[{"damage":0,"enemies":"Small Slimes","floor":1,"turns":3},{"damage":7,"enemies":"2 Louse","floor":2,"turns":4},{"damage":4,"enemies":"Jaw Worm","floor":4,"turns":3},{"damage":16,"enemies":"Gremlin Nob","floor":8,"turns":3},{"damage":11,"enemies":"Looter","floor":10,"turns":3},{"damage":8,"enemies":"Exordium Wildlife","floor":11,"turns":4},{"damage":6,"enemies":"Exordium Thugs","floor":14,"turns":2},{"damage":33,"enemies":"Slime Boss","floor":16,"turns":11},{"damage":24,"enemies":"Spheric Guardian","floor":18,"turns":4},{"damage":18,"enemies":"Shell Parasite","floor":22,"turns":6},{"damage":10,"enemies":"Snake Plant","floor":24,"turns":4},{"damage":8,"enemies":"Snecko","floor":29,"turns":4},{"damage":26,"floor":30,"turns":4},{"damage":15,"enemies":"Centurion and Healer","floor":31,"turns":5},{"damage":74,"enemies":"Collector","floor":33,"turns":6}],"seed_played":"-2824185280639885832","potions_obtained":[{"floor":4,"key":"Poison Potion"},{"floor":11,"key":"Regen Potion"},{"floor":22,"key":"Strength Potion"},{"floor":29,"key":"BloodPotion"},{"floor":31,"key":"Regen Potion"}],"is_trial":false,"path_per_floor":["M","M","?","M","?","R","$","E","T","M","M","?","R","M","R","B",null,"M","$","?","?","M","R","M","?","T","R","?","M","?","M","R"],"character_chosen":"IRONCLAD","items_purchased":["Immolate","HandDrill","Cleave"],"campfire_rested":3,"item_purchase_floors":[7,7,19],"current_hp_per_floor":[78,77,61,63,63,63,63,53,53,48,46,66,66,66,80,65,76,58,58,58,42,30,54,50,50,50,50,42,40,31,22,46,0],"gold":109,"neow_bonus":"HUNDRED_GOLD","is_prod":false,"is_daily":false,"chose_seed":false,"campfire_upgraded":3,"win_rate":0,"timestamp":1532747857,"path_taken":["M","M","?","M","?","R","$","E","T","M","?","?","R","M","R","BOSS","M","$","?","?","M","R","M","?","T","R","?","?","?","M","R","BOSS"],"build_version":"2018-07-26","purchased_purges":1,"victory":false,"max_hp_per_floor":[80,80,80,80,80,80,80,80,80,80,80,80,80,80,80,80,80,80,80,80,80,80,80,80,80,80,80,80,80,83,83,83,83],"card_choices":[{"not_picked":["Havoc","Corruption"],"picked":"Shrug It Off","floor":1},{"not_picked":["Anger","Wild Strike"],"picked":"Heavy Blade","floor":2},{"not_picked":["Cleave","Sentinel"],"picked":"Heavy Blade","floor":4},{"not_picked":["Heavy Blade","Thunderclap"],"picked":"Flex","floor":8},{"not_picked":["Headbutt","Perfected Strike"],"picked":"Clothesline","floor":10},{"not_picked":["Blood for Blood","Heavy Blade"],"picked":"Iron Wave","floor":11},{"not_picked":["Warcry","Headbutt"],"picked":"Spot Weakness","floor":14},{"not_picked":["Exhume","Fiend Fire"],"picked":"Feed","floor":16},{"not_picked":["Iron Wave","Sever Soul"],"picked":"Armaments","floor":18},{"not_picked":["Perfected Strike+1","Infernal Blade"],"picked":"Shockwave+1","floor":22},{"not_picked":["Wild Strike","Clothesline","Havoc"],"picked":"SKIP","floor":24},{"not_picked":["Thunderclap","Body Slam+1"],"picked":"Flame Barrier+1","floor":29},{"not_picked":["Warcry","Cleave+1"],"picked":"Anger","floor":30},{"not_picked":["Cleave","Hemokinesis"],"picked":"Flex+1","floor":31}],"player_experience":1348848,"relics_obtained":[{"floor":8,"key":"Letter Opener"},{"floor":9,"key":"Shuriken"},{"floor":21,"key":"Enchiridion"},{"floor":26,"key":"Blue Candle"},{"floor":30,"key":"Red Mask"}],"event_choices":[{"event_name":"Shining Light","player_choice":"Entered Light","floor":3,"damage_taken":0},{"event_name":"Golden Wing","player_choice":"Gained Gold","floor":5,"damage_taken":0},{"event_name":"Mushrooms","player_choice":"Healed and dodged fight","floor":12,"damage_taken":0},{"event_name":"Beggar","player_choice":"Gave Gold","floor":20,"damage_taken":0},{"event_name":"Cursed Tome","player_choice":"Obtained Book","floor":21,"damage_taken":0},{"event_name":"Ghosts","player_choice":"Ignored","floor":25,"damage_taken":0},{"event_name":"Knowing Skull","player_choice":"","floor":28,"damage_taken":0},{"event_name":"Masked Bandits","player_choice":"Fought over 64 gold","floor":30,"damage_taken":0}],"is_beta":false,"boss_relics":[{"not_picked":["Orrery","Runic Pyramid"],"picked":"Runic Cube"}],"items_purged_floors":[19],"is_endless":false,"potions_floor_spawned":[4,11,22,29,31],"killed_by":"Collector","ascension_level":8}