{"gold_per_floor":[116,116,129,139,154,181,181,216,289,303,37,51,51,83,83,183,233,251,269,289,304,314,314,314,314,386,405,420,77,77,87,87,183,183,198,30,44,61,161,161,193,193,218,281,281,45,57,77,77,77],"floor_reached":51,"playtime":3699,"items_purged":["Strike_G","Shame","Regret"],"score":1098,"play_id":"2000c7b5-0cf0-44c1-8da1-4ee293924aac","local_time":"20181112110846","is_ascension_mode":true,"campfire_choices":[{"data":"Neutralize","floor":7,"key":"SMITH"},{"floor":13,"key":"REST"},{"floor":15,"key":"REST"},{"floor":23,"key":"REST"},{"floor":25,"key":"REST"},{"data":"A Thousand Cuts","floor":30,"key":"SMITH"},{"floor":32,"key":"REST"},{"floor":40,"key":"REST"},{"data":"Apotheosis","floor":45,"key":"SMITH"},{"floor":49,"key":"REST"}],"neow_cost":"NONE","seed_source_timestamp":565412499775534,"circlet_count":0,"master_deck":["AscendersBane","Defend_G","Defend_G","Defend_G","Defend_G","Defend_G","Strike_G","Strike_G+1","Strike_G","Survivor","Neutralize+1","Backflip","Sucker Punch","Terror","Dodge and Roll","Riddle With Holes","A Thousand Cuts+1","PiercingWail","Apotheosis+1","Footwork","Quick Slash","After Image","Tools of the Trade","Dodge and Roll","Dash","Backflip","Backflip","After Image","Tools of the Trade","Blur","Noxious Fumes","Envenom","Doubt","Escape Plan","Caltrops+1","Dodge and Roll+1","Adrenaline","Envenom","Footwork","Terror+1","Parasite"],"relics":["Velvet Choker","Art of War","Bird Faced Urn","Bottled Tornado","Bronze Scales","Tiny House","Mercury Hourglass","TheAbacus","Calling Bell","Oddly Smooth Stone","Matryoshka","StoneCalendar","Gambling Chip","Thread and Needle","SsserpentHead","Potion Belt","Snake Skull"],"potions_floor_usage":[6,12,19,19,21,50,50,50],"damage_taken":[{"damage":2,"enemies":"2 Louse","floor":1,"turns":3},{"damage":0,"enemies":"Cultist","floor":3,"turns":4},{"damage":0,"enemies":"Small Slimes","floor":4,"turns":5},{"damage":0,"enemies":"Red Slaver","floor":5,"turns":4},{"damage":18,"enemies":"Lagavulin","floor":6,"turns":7},{"damage":16,"enemies":"Gremlin Nob","floor":8,"turns":4},{"damage":1,"enemies":"Blue Slaver","floor":10,"turns":3},{"damage":1,"enemies":"2 Fungi Beasts","floor":12,"turns":3},{"damage":9,"enemies":"Lagavulin","floor":14,"turns":6},{"damage":2,"enemies":"Slime Boss","floor":16,"turns":9},{"damage":12,"enemies":"Chosen","floor":18,"turns":4},{"damage":15,"enemies":"2 Thieves","floor":19,"turns":4},{"damage":10,"enemies":"Snecko","floor":20,"turns":5},{"damage":26,"enemies":"Chosen and Byrds","floor":21,"turns":6},{"damage":15,"enemies":"Snake Plant","floor":22,"turns":4},{"damage":6,"enemies":"Sentry and Sphere","floor":27,"turns":6},{"damage":24,"enemies":"3 Cultists","floor":28,"turns":5},{"damage":18,"enemies":"Snake Plant","floor":31,"turns":4},{"damage":34,"enemies":"Champ","floor":33,"turns":17},{"damage":13,"enemies":"Orb Walker","floor":35,"turns":5},{"damage":25,"enemies":"3 Darklings","floor":37,"turns":5},{"damage":56,"enemies":"Transient","floor":38,"turns":5},{"damage":5,"enemies":"Mind Bloom Boss Battle","floor":39,"turns":7},{"damage":18,"enemies":"Giant Head","floor":41,"turns":12},{"damage":11,"enemies":"Maw","floor":44,"turns":7},{"damage":22,"enemies":"4 Shapes","floor":47,"turns":4},{"damage":4,"enemies":"Writhing Mass","floor":48,"turns":6},{"damage":39,"enemies":"Awakened One","floor":50,"turns":23}],"seed_played":"-5975679708504616","potions_obtained":[{"floor":1,"key":"Regen Potion"},{"floor":3,"key":"GamblersBrew"},{"floor":8,"key":"SkillPotion"},{"floor":14,"key":"Energy Potion"},{"floor":17,"key":"FearPotion"},{"floor":19,"key":"FairyPotion"},{"floor":20,"key":"Ancient Potion"},{"floor":21,"key":"FairyPotion"},{"floor":44,"key":"Fire Potion"},{"floor":47,"key":"Dexterity Potion"}],"is_trial":false,"path_per_floor":["M","?","M","M","M","E","R","E","T","M","$","M","R","E","R","B",null,"M","M","M","M","M","R","?","R","T","M","M","$","R","M","R","B",null,"M","$","M","M","?","R","E","?","T","M","R","$","M","M","R","B",null],"character_chosen":"THE_SILENT","items_purchased":["Apotheosis","Footwork","Blur","TheAbacus","Escape Plan","GhostInAJar","Footwork"],"campfire_rested":7,"item_purchase_floors":[11,11,29,29,36,46,46],"current_hp_per_floor":[61,61,61,61,61,55,55,39,39,40,40,41,62,57,70,68,75,67,56,54,36,27,49,49,71,71,71,55,55,55,43,65,45,68,63,63,52,6,19,41,41,41,41,50,50,50,36,50,72,55],"gold":77,"neow_bonus":"BOSS_RELIC","is_prod":false,"is_daily":false,"chose_seed":false,"campfire_upgraded":3,"win_rate":0,"timestamp":1542038926,"path_taken":["M","?","?","M","M","E","R","E","T","M","$","M","R","E","R","BOSS","M","M","?","M","M","R","?","R","T","?","M","$","R","M","R","BOSS","M","$","M","M","?","R","E","?","T","?","R","$","M","M","R","BOSS"],"build_version":"2018-11-08","purchased_purges":3,"victory":true,"max_hp_per_floor":[70,70,70,70,70,70,70,70,70,70,70,70,70,70,70,70,75,75,75,75,75,75,75,75,75,75,75,75,75,75,75,75,75,75,75,75,75,75,75,75,75,75,75,75,75,75,75,75,75,75],"card_choices":[{"not_picked":["Terror","Outmaneuver"],"picked":"Backflip","floor":1},{"not_picked":["Expertise","Blade Dance"],"picked":"Sucker Punch","floor":3},{"not_picked":["Choke","Acrobatics"],"picked":"Terror","floor":4},{"not_picked":["Skewer","Flying Knee"],"picked":"Dodge and Roll","floor":5},{"not_picked":["Bane","Outmaneuver"],"picked":"Riddle With Holes","floor":6},{"not_picked":["Slice","Underhanded Strike"],"picked":"A Thousand Cuts","floor":8},{"not_picked":["Tactician","Masterful Stab"],"picked":"PiercingWail","floor":10},{"not_picked":["Masterful Stab","All Out Attack"],"picked":"Quick Slash","floor":12},{"not_picked":["Terror","Venomology"],"picked":"After Image","floor":14},{"not_picked":["Glass Knife","Phantasmal Killer"],"picked":"Tools of the Trade","floor":16},{"not_picked":["Deflect","Dagger Spray"],"picked":"Dodge and Roll","floor":17},{"not_picked":["Deadly Poison","Dagger Spray"],"picked":"Dash","floor":18},{"not_picked":["Flechettes","Dagger Throw","Deflect+1"],"picked":"SKIP","floor":19},{"not_picked":["Bouncing Flask","Reflex","Distraction"],"picked":"SKIP","floor":20},{"not_picked":["Leg Sweep","Endless Agony"],"picked":"Backflip","floor":21},{"not_picked":["Flechettes","Leg Sweep"],"picked":"Backflip","floor":22},{"not_picked":["Poisoned Stab","Finisher","Dagger Throw"],"picked":"SKIP","floor":27},{"not_picked":["Blade Dance","Underhanded Strike"],"picked":"Tools of the Trade","floor":28},{"not_picked":["Acrobatics","Dodge and Roll"],"picked":"Noxious Fumes","floor":31},{"not_picked":["Bullet Time","Malaise"],"picked":"Envenom","floor":33},{"not_picked":["Outmaneuver+1","Flying Knee","Riddle With Holes"],"picked":"SKIP","floor":35},{"not_picked":["Quick Slash+1","Dagger Throw"],"picked":"Caltrops+1","floor":37},{"not_picked":["Deflect","Outmaneuver"],"picked":"Dodge and Roll+1","floor":38},{"not_picked":["Escape Plan","Slice"],"picked":"Adrenaline","floor":39},{"not_picked":["Choke+1","Eviscerate"],"picked":"Envenom","floor":41},{"not_picked":["Accuracy","Poisoned Stab+1","Outmaneuver"],"picked":"SKIP","floor":44},{"not_picked":["Bane","Quick Slash"],"picked":"Terror+1","floor":47},{"not_picked":["Finisher+1","Deflect","Dodge and Roll"],"picked":"SKIP","floor":48}],"player_experience":1680320,"relics_obtained":[{"floor":6,"key":"Art of War"},{"floor":8,"key":"Bird Faced Urn"},{"floor":9,"key":"Bottled Tornado"},{"floor":14,"key":"Bronze Scales"},{"floor":26,"key":"Mercury Hourglass"},{"floor":34,"key":"Oddly Smooth Stone"},{"floor":34,"key":"Matryoshka"},{"floor":34,"key":"StoneCalendar"},{"floor":39,"key":"Gambling Chip"},{"floor":41,"key":"Thread and Needle"},{"floor":43,"key":"Potion Belt"},{"floor":43,"key":"Snake Skull"}],"event_choices":[{"cards_removed":["Strike_G"],"damage_healed":0,"gold_gain":0,"player_choice":"Offered Basic","damage_taken":0,"max_hp_gain":0,"max_hp_loss":0,"event_name":"Bonfire Elementals","floor":2,"gold_loss":0},{"damage_healed":0,"gold_gain":0,"player_choice":"Copied","damage_taken":0,"max_hp_gain":0,"max_hp_loss":0,"event_name":"Duplicator","floor":24,"gold_loss":0,"cards_obtained":["After Image"]},{"damage_healed":0,"gold_gain":0,"player_choice":"Fight","damage_taken":0,"max_hp_gain":0,"max_hp_loss":0,"event_name":"MindBloom","floor":39,"gold_loss":0},{"damage_healed":0,"gold_gain":0,"player_choice":"Trade","damage_taken":0,"relics_obtained":["SsserpentHead"],"max_hp_gain":0,"max_hp_loss":0,"event_name":"FaceTrader","floor":42,"gold_loss":0}],"is_beta":false,"boss_relics":[{"not_picked":["Coffee Dripper","Busted Crown"],"picked":"Tiny House"},{"not_picked":["White Beast Statue","Astrolabe"],"picked":"Calling Bell"}],"items_purged_floors":[29,36,46],"is_endless":false,"potions_floor_spawned":[1,3,8,14,19,20,21,22,33,35,44,47],"ascension_level":12}