{"gold_per_floor":[116,27,27,27,47,79,79,79,104,104,120,151,151,136],"floor_reached":14,"playtime":533,"items_purged":[],"score":158,"play_id":"da64a8b5-dfc2-425a-bb84-01e8099bbffc","local_time":"20181115201517","is_ascension_mode":true,"campfire_choices":[{"floor":7,"key":"REST"},{"floor":10,"key":"REST"}],"neow_cost":"NONE","seed_source_timestamp":860502988556247,"circlet_count":0,"master_deck":["AscendersBane","Defend_G","Defend_G","Defend_G","Defend_G","Defend_G","Strike_G","Strike_G","Strike_G","Strike_G","Strike_G","Survivor","Neutralize","Choke","Dodge and Roll","Accuracy","Crippling Poison","Riddle With Holes","Caltrops","PiercingWail","After Image"],"relics":["White Beast Statue","Pocketwatch","Dream Catcher","Snake Skull","Art of War","Paper Crane"],"potions_floor_usage":[6,12,12],"damage_taken":[{"damage":9,"enemies":"Small Slimes","floor":1,"turns":6},{"damage":0,"enemies":"2 Louse","floor":5,"turns":2},{"damage":43,"enemies":"3 Sentries","floor":6,"turns":12},{"damage":13,"enemies":"Cultist","floor":11,"turns":4},{"damage":26,"enemies":"Lagavulin","floor":12,"turns":7},{"damage":6,"enemies":"Looter","floor":14,"turns":1}],"seed_played":"2920747056012680082","potions_obtained":[{"floor":1,"key":"AttackPotion"},{"floor":5,"key":"Strength Potion"},{"floor":6,"key":"Explosive Potion"},{"floor":12,"key":"Energy Potion"}],"is_trial":false,"path_per_floor":["M","$","?","$","M","E","R","?","T","R","M","E","?","M"],"character_chosen":"THE_SILENT","items_purchased":["Dodge and Roll","Accuracy"],"campfire_rested":2,"item_purchase_floors":[2,2],"current_hp_per_floor":[54,54,59,59,59,16,38,20,20,42,29,3,3,0],"gold":136,"neow_bonus":"BOSS_RELIC","is_prod":false,"is_daily":false,"chose_seed":false,"campfire_upgraded":0,"win_rate":0,"timestamp":1542330917,"path_taken":["M","$","?","$","M","E","R","?","T","R","M","E","?","?"],"build_version":"2018-11-08","purchased_purges":0,"victory":false,"max_hp_per_floor":[70,70,75,75,75,75,75,75,75,75,75,75,75,75],"card_choices":[{"not_picked":["Bane","Poisoned Stab"],"picked":"Choke","floor":1},{"not_picked":["Flying Knee","Finisher"],"picked":"Crippling Poison","floor":5},{"not_picked":["Slice","Leg Sweep"],"picked":"Riddle With Holes","floor":6},{"not_picked":["Setup","Choke"],"picked":"Caltrops","floor":10},{"not_picked":["Riddle With Holes","Dagger Spray"],"picked":"PiercingWail","floor":11},{"not_picked":["Expertise","Eviscerate"],"picked":"After Image","floor":12}],"player_experience":1691637,"relics_obtained":[{"floor":6,"key":"Pocketwatch"},{"floor":9,"key":"Snake Skull"},{"floor":12,"key":"Art of War"}],"event_choices":[{"damage_healed":0,"gold_gain":0,"player_choice":"Donut","damage_taken":0,"max_hp_gain":5,"max_hp_loss":0,"event_name":"Big Fish","floor":3,"gold_loss":0},{"damage_healed":0,"gold_gain":0,"player_choice":"Success","damage_taken":18,"relics_obtained":["Dream Catcher"],"max_hp_gain":0,"max_hp_loss":0,"event_name":"Scrap Ooze","floor":8,"gold_loss":0},{"damage_healed":0,"gold_gain":0,"player_choice":"Gave Potion","damage_taken":0,"relics_obtained":["Paper Crane"],"max_hp_gain":0,"max_hp_loss":0,"event_name":"WeMeetAgain","floor":13,"gold_loss":0}],"is_beta":false,"boss_relics":[],"items_purged_floors":[],"is_endless":false,"potions_floor_spawned":[1,5,6,11,12],"killed_by":"Looter","ascension_level":13}