{"path_per_floor":["M","T","?","M","?","M","M","M","T","M","$","M","M","$","R","B",null,"M","?","?","M","?"],"character_chosen":"IRONCLAD","items_purchased":["Anger","Enlightenment","Flex","Warcry"],"gold_per_floor":[114,114,114,125,125,141,161,174,256,276,12,26,36,12,12,117,117,128,128,128,139,139],"floor_reached":23,"campfire_rested":1,"playtime":15151,"current_hp_per_floor":[40,40,24,23,23,29,28,31,31,36,36,31,33,33,57,10,80,56,56,56,12,38],"items_purged":[],"gold":139,"score":185,"play_id":"03d62d1f-a737-49e0-a59e-2159594145ef","local_time":"20180304175552","is_prod":false,"is_daily":false,"is_ascension_mode":false,"campfire_upgraded":0,"timestamp":1520178952,"path_taken":["M","?","?","M","?","M","M","?","T","M","?","M","M","$","R","BOSS","M","?","?","M","?","E"],"build_version":"2018-03-01-PROD1","purchased_purges":0,"victory":false,"master_deck":["Strike_R+1","Strike_R+1","Strike_R","Strike_R","Strike_R","Defend_R","Defend_R","Defend_R","Defend_R","Bash","Double Tap","Shrug It Off","Clothesline","Flex","Iron Wave","Dropkick","Ghostly Armor","Anger","Enlightenment","Flex","Metallicize","Blood for Blood","Warcry","Barricade","Carnage","Anger"],"max_hp_per_floor":[80,80,80,80,80,80,80,80,80,80,80,80,80,80,80,80,80,80,80,80,80,80],"relics":["Burning Blood","Girya","Bottled Lightning","Runic Pyramid"],"card_choices":[{"not_picked":["Impervious","Juggernaut"],"picked":"Double Tap"},{"not_picked":["Perfected Strike","Body Slam"],"picked":"Shrug It Off"},{"not_picked":["Power Through","Searing Blow"],"picked":"Clothesline"},{"not_picked":["Headbutt","Reckless Charge"],"picked":"Flex"},{"not_picked":["Battle Trance","Body Slam"],"picked":"Iron Wave"},{"not_picked":["Double Tap","True Grit"],"picked":"Dropkick"},{"not_picked":["Warcry","Thunderclap"],"picked":"Ghostly Armor"},{"not_picked":["Seeing Red","Body Slam"],"picked":"Metallicize"},{"not_picked":["Perfected Strike","Infernal Blade"],"picked":"Blood for Blood"},{"not_picked":["Demon Form","Feed"],"picked":"Barricade"},{"not_picked":["Warcry","Sword Boomerang"],"picked":"Carnage"},{"not_picked":["Fire Breathing","Heavy Blade"],"picked":"Anger"}],"player_experience":58804,"potions_floor_usage":[10,10,16,18],"damage_taken":[{"damage":6,"enemies":"Cultist","floor":1,"turns":3},{"damage":7,"enemies":"Jaw Worm","floor":4,"turns":4},{"damage":0,"enemies":"2 Louse","floor":6,"turns":3},{"damage":7,"enemies":"Looter","floor":7,"turns":3},{"damage":3,"enemies":"2 Fungi Beasts","floor":8,"turns":3},{"damage":1,"enemies":"Exordium Wildlife","floor":10,"turns":4},{"damage":11,"enemies":"Lots of Slimes","floor":12,"turns":5},{"damage":4,"enemies":"Exordium Thugs","floor":13,"turns":5},{"damage":53,"enemies":"Slime Boss","floor":16,"turns":14},{"damage":30,"enemies":"Chosen","floor":18,"turns":8},{"damage":50,"enemies":"3 Byrds","floor":21,"turns":9},{"damage":39,"enemies":"Slavers","floor":23,"turns":3}],"event_choices":[{"event_name":"Shining Light","player_choice":"Entered Light","floor":3,"damage_taken":0},{"event_name":"Scrap Ooze","player_choice":"unsuccessful","floor":5,"damage_taken":0},{"event_name":"Drug Dealer","player_choice":"Ignored","floor":19,"damage_taken":0},{"event_name":"Vampires","player_choice":"Ignored","floor":20,"damage_taken":0},{"event_name":"The Library","player_choice":"Heal","floor":22,"damage_taken":0}],"boss_relics":[{"not_picked":["Astrolabe","Calling Bell"],"picked":"Runic Pyramid"}],"potions_floor_spawned":[7,8,13,16],"seed_played":"-8447950095632055692","killed_by":"Slavers","ascension_level":0,"is_trial":false}