{"gold_per_floor":[13,25,25,25,25,25,43,43,43,43,62,93,108,123,123,249,249,274,274,43,43,56,56,56,56,56,5,5,5,104,119,119,244,244,268,268,268],"floor_reached":37,"playtime":1709,"items_purged":["Strike_R"],"score":475,"play_id":"8d95889b-f315-4dc4-9ec7-7f95a23e2e48","local_time":"20180715190926","is_ascension_mode":true,"campfire_choices":[{"data":"Havoc","floor":6,"key":"SMITH"},{"data":"Clothesline","floor":8,"key":"SMITH"},{"data":"Bash","floor":10,"key":"SMITH"},{"floor":15,"key":"REST"},{"data":"Entrench","floor":23,"key":"SMITH"},{"data":"Uppercut","floor":25,"key":"SMITH"},{"floor":29,"key":"REST"},{"floor":32,"key":"REST"}],"neow_cost":"NO_GOLD","seed_source_timestamp":158946078144808,"circlet_count":0,"master_deck":["Strike_R","Strike_R","Strike_R","Strike_R","Defend_R","Defend_R","Defend_R","Defend_R","Bash+1","Limit Break","Pommel Strike","Clothesline+1","Injury","Double Tap","Havoc+1","Shrug It Off","Uppercut+1","Carnage","Warcry","Double Tap","Entrench+1","Evolve","Shrug It Off","Inflame+1","Reaper"],"relics":["Burning Blood","Golden Idol","Mercury Hourglass","Bag of Preparation","Mark of Pain","Bronze Scales","Nilry\u0027s Codex","Bird Faced Urn","Snecko Eye"],"potions_floor_usage":[11,16,33,33,33],"damage_taken":[{"damage":1,"enemies":"Cultist","floor":1,"turns":4},{"damage":14,"enemies":"2 Louse","floor":2,"turns":3},{"damage":16,"enemies":"Small Slimes","floor":7,"turns":3},{"damage":5,"enemies":"Gremlin Gang","floor":11,"turns":4},{"damage":25,"enemies":"Lagavulin","floor":12,"turns":4},{"damage":0,"enemies":"Exordium Wildlife","floor":13,"turns":2},{"damage":5,"enemies":"3 Louse","floor":14,"turns":2},{"damage":56,"enemies":"Hexaghost","floor":16,"turns":9},{"damage":12,"enemies":"Shell Parasite","floor":18,"turns":3},{"damage":15,"enemies":"3 Byrds","floor":22,"turns":3},{"damage":34,"enemies":"Centurion and Healer","floor":31,"turns":8},{"damage":61,"enemies":"Collector","floor":33,"turns":12},{"damage":64,"enemies":"3 Shapes","floor":35,"turns":7},{"damage":25,"enemies":"3 Darklings","floor":37,"turns":2}],"seed_played":"-6624949779481431532","potions_obtained":[{"floor":1,"key":"Block Potion"},{"floor":7,"key":"Poison Potion"},{"floor":13,"key":"Poison Potion"},{"floor":16,"key":"EssenceOfSteel"},{"floor":22,"key":"Ancient Potion"},{"floor":35,"key":"Block Potion"}],"is_trial":false,"path_per_floor":["M","M","$","?","?","R","M","R","T","R","M","E","M","M","R","B",null,"M","?","$","?","M","R","?","R","T","$","?","R","?","M","R","B",null,"M","?"],"character_chosen":"IRONCLAD","items_purchased":["Bronze Scales","Shrug It Off"],"campfire_rested":3,"item_purchase_floors":[20,27],"current_hp_per_floor":[77,69,69,69,69,69,59,59,59,59,60,41,47,48,72,22,66,60,80,80,80,71,71,55,55,55,55,47,71,71,45,69,22,66,22,22,0],"gold":268,"neow_bonus":"THREE_RARE_CARDS","is_prod":false,"is_daily":false,"chose_seed":false,"campfire_upgraded":5,"win_rate":0,"timestamp":1531696166,"path_taken":["M","?","$","?","?","R","M","R","T","R","M","E","M","M","R","BOSS","M","?","$","?","M","R","?","R","T","?","?","R","?","M","R","BOSS","M","?","M"],"build_version":"2018-07-12","purchased_purges":1,"victory":false,"max_hp_per_floor":[80,80,80,80,80,80,80,80,80,80,80,80,80,80,80,80,80,80,80,80,80,80,80,80,80,80,80,80,80,80,80,80,80,80,80,80,80],"card_choices":[{"not_picked":["Fiend Fire","Berserk"],"picked":"Limit Break","floor":0},{"not_picked":["Anger","Feel No Pain"],"picked":"Pommel Strike","floor":1},{"not_picked":["Evolve","Armaments"],"picked":"Clothesline","floor":2},{"not_picked":["Body Slam","Twin Strike"],"picked":"Shrug It Off","floor":7},{"not_picked":["Iron Wave","Perfected Strike","Wild Strike"],"picked":"SKIP","floor":11},{"not_picked":["Brutality","Twin Strike"],"picked":"Uppercut","floor":12},{"not_picked":["True Grit","Armaments"],"picked":"Carnage","floor":13},{"not_picked":["Flex","Flame Barrier"],"picked":"Warcry","floor":14},{"not_picked":["Dark Embrace","Juggernaut"],"picked":"Double Tap","floor":16},{"not_picked":["Bloodletting+1","Cleave+1"],"picked":"Entrench","floor":18},{"not_picked":["Headbutt","Cleave"],"picked":"Evolve","floor":22},{"not_picked":["Armaments","Second Wind"],"picked":"Inflame+1","floor":31},{"not_picked":["Feed","Dark Embrace"],"picked":"Reaper","floor":33},{"not_picked":["Armaments+1","Cleave+1","Combust"],"picked":"SKIP","floor":35}],"player_experience":1128639,"relics_obtained":[{"floor":9,"key":"Mercury Hourglass"},{"floor":12,"key":"Bag of Preparation"},{"floor":24,"key":"Nilry\u0027s Codex"},{"floor":26,"key":"Bird Faced Urn"}],"event_choices":[{"event_name":"Golden Idol","player_choice":"Take Wound","floor":4,"damage_taken":0},{"event_name":"Match and Keep!","player_choice":"2 cards matched","floor":5,"damage_taken":0},{"event_name":"The Library","player_choice":"Heal","floor":19,"damage_taken":0},{"event_name":"Ghosts","player_choice":"Ignored","floor":21,"damage_taken":0},{"event_name":"Cursed Tome","player_choice":"Obtained Book","floor":24,"damage_taken":0},{"event_name":"Wheel of Change","player_choice":"Damage","floor":28,"damage_taken":0},{"event_name":"Nest","player_choice":"Stole From Cult","floor":30,"damage_taken":0},{"event_name":"Tomb of Lord Red Mask","player_choice":"Ignored","floor":36,"damage_taken":0}],"boss_relics":[{"not_picked":["Runic Dome","Pandora\u0027s Box"],"picked":"Mark of Pain"},{"not_picked":["Orrery","Lizard Tail"],"picked":"Snecko Eye"}],"items_purged_floors":[20],"is_endless":false,"potions_floor_spawned":[1,7,13,16,22,31,35],"killed_by":"3 Darklings","ascension_level":6}