{"gold_per_floor":[10,25,25,38,38,38,69,19,19,29,29,29,42,52,52,150,150,163,88,13,31,0,0,11,11,11,26,42,42,42,54,54,149,149,160,170,95,95,111,111,164,164],"floor_reached":42,"playtime":2343,"items_purged":["Pain"],"score":480,"play_id":"425072e7-dc02-487b-91b5-b571d0b2ca12","local_time":"20180625124313","is_ascension_mode":true,"campfire_choices":[{"data":"Pommel Strike","floor":6.0,"key":"SMITH"},{"floor":11.0,"key":"REST"},{"data":"Perfected Strike","floor":15.0,"key":"SMITH"},{"data":"Battle Trance","floor":23,"key":"SMITH"},{"floor":29,"key":"REST"},{"floor":32,"key":"REST"},{"floor":40,"key":"REST"}],"neow_cost":"","seed_source_timestamp":59478226981533,"circlet_count":0,"master_deck":["Strike_R","Strike_R","Strike_R","Strike_R","Defend_R","Defend_R","Bash","Pommel Strike+1","Perfected Strike+1","Perfected Strike+1","Clash","Shrug It Off","Perfected Strike+1","Immolate","Battle Trance+1","Double Tap","Bludgeon","Warcry"],"special_seed":0,"relics":["Burning Blood","Charon\u0027s Ashes","Mercury Hourglass","Shuriken","Cursed Key","Enchiridion","Singing Bowl","Runic Pyramid","Du-Vu Doll"],"potions_floor_usage":[27,28,33],"damage_taken":[{"damage":19.0,"enemies":"2 Louse","floor":1.0,"turns":3.0},{"damage":12.0,"enemies":"Small Slimes","floor":2.0,"turns":4.0},{"damage":0.0,"enemies":"Cultist","floor":4.0,"turns":2.0},{"damage":30.0,"enemies":"Lagavulin","floor":7.0,"turns":4.0},{"damage":8.0,"enemies":"Blue Slaver","floor":10.0,"turns":2.0},{"damage":14.0,"enemies":"Red Slaver","floor":13.0,"turns":2.0},{"damage":0.0,"enemies":"Looter","floor":14.0,"turns":1.0},{"damage":58.0,"enemies":"The Guardian","floor":16.0,"turns":8.0},{"damage":14.0,"enemies":"Shell Parasite","floor":18.0,"turns":2.0},{"damage":11,"enemies":"2 Thieves","floor":21,"turns":2},{"damage":14,"enemies":"Centurion and Healer","floor":24,"turns":3},{"damage":47,"enemies":"Slaver and Parasite","floor":27,"turns":4},{"damage":2,"enemies":"Cultist and Chosen","floor":28,"turns":3},{"damage":3,"enemies":"Snecko","floor":31,"turns":2},{"damage":70,"enemies":"Collector","floor":33,"turns":7},{"damage":11,"enemies":"Orb Walker","floor":35,"turns":2},{"damage":44,"enemies":"3 Darklings","floor":36,"turns":4},{"damage":0,"enemies":"Sphere and 2 Shapes","floor":39,"turns":3},{"damage":29,"floor":41,"turns":3},{"damage":95,"enemies":"Nemesis","floor":42,"turns":6}],"seed_played":"3007899381376864573","potions_obtained":[{"floor":2.0,"key":"Dexterity Potion"},{"floor":7.0,"key":"SkillPotion"},{"floor":13.0,"key":"SkillPotion"},{"floor":18.0,"key":"FairyPotion"},{"floor":24,"key":"FearPotion"},{"floor":27,"key":"Fire Potion"},{"floor":33,"key":"SpeedPotion"},{"floor":35,"key":"SkillPotion"}],"is_trial":false,"path_per_floor":["M","M","?","M","?","R","E","?","T","M","R","$","M","M","R","B",null,"M","?","$","M","?","R","M","?","T","M","M","R","$","M","R","B",null,"M","M","$","?","M","R","?"],"character_chosen":"IRONCLAD","items_purchased":["Battle Trance"],"campfire_rested":4,"item_purchase_floors":[20],"current_hp_per_floor":[67,61,61,67,67,67,43,43,43,41,65,65,57,63,63,11,80,72,72,72,67,67,67,59,43,43,16,20,44,44,49,74,10,84,81,45,45,45,53,80,59,0],"gold":164,"neow_bonus":"","is_prod":false,"is_daily":false,"chose_seed":false,"campfire_upgraded":3,"win_rate":0,"timestamp":1529944993,"path_taken":["M","M","?","M","?","R","E","?","T","?","R","$","M","M","R","BOSS","M","?","$","M","?","R","M","?","T","M","M","R","?","M","R","BOSS","M","M","$","?","M","R","?","E"],"build_version":"2018-06-21v2","purchased_purges":1,"victory":false,"max_hp_per_floor":[80,80,80,80,80,80,80,80,80,80,80,80,80,80,80,80,80,80,80,80,80,80,80,80,80,80,82,82,82,82,84,84,84,84,86,88,88,88,90,90,92,92],"card_choices":[{"not_picked":["True Grit","Twin Strike"],"picked":"Pommel Strike","floor":1.0},{"not_picked":["Rampage","Battle Trance"],"picked":"Perfected Strike","floor":2.0},{"not_picked":["Pommel Strike","Headbutt"],"picked":"Perfected Strike","floor":4.0},{"not_picked":["Iron Wave","Hemokinesis"],"picked":"Clash","floor":7.0},{"not_picked":["Brutality","Headbutt","Iron Wave"],"picked":"SKIP","floor":10.0},{"not_picked":["Rupture","Fire Breathing"],"picked":"Shrug It Off","floor":13.0},{"not_picked":["Rampage","Seeing Red"],"picked":"Perfected Strike","floor":14.0},{"not_picked":["Exhume","Barricade"],"picked":"Immolate","floor":16.0},{"not_picked":["Cleave+1","Dual Wield","Headbutt"],"picked":"SKIP","floor":18.0},{"not_picked":["Heavy Blade+1","Spot Weakness","Pummel+1"],"picked":"SKIP","floor":21},{"not_picked":["Havoc","Combust","Clash+1"],"picked":"SKIP","floor":24},{"not_picked":["Clash","Flex","Flame Barrier+1"],"picked":"Singing Bowl","floor":27},{"not_picked":["Entrench","Headbutt"],"picked":"Double Tap","floor":28},{"not_picked":["Warcry","Clothesline","Entrench"],"picked":"Singing Bowl","floor":31},{"not_picked":["Juggernaut","Berserk"],"picked":"Bludgeon","floor":33},{"not_picked":["Warcry","Rupture+1","Disarm"],"picked":"Singing Bowl","floor":35},{"not_picked":["Clothesline","Sentinel","Entrench"],"picked":"Singing Bowl","floor":36},{"not_picked":["Clothesline","Anger+1","Bludgeon"],"picked":"Singing Bowl","floor":39},{"not_picked":["Anger","Clash+1","Sword Boomerang+1"],"picked":"Singing Bowl","floor":41}],"player_experience":741713,"relics_obtained":[{"floor":7.0,"key":"Mercury Hourglass"},{"floor":9.0,"key":"Shuriken"},{"floor":25,"key":"Enchiridion"},{"floor":26,"key":"Singing Bowl"},{"floor":41,"key":"Du-Vu Doll"}],"event_choices":[{"event_name":"Living Wall","player_choice":"Grow","floor":3.0,"damage_taken":0.0},{"event_name":"Upgrade Shrine","player_choice":"Upgraded","floor":5.0,"damage_taken":0.0},{"event_name":"The Cleric","player_choice":"Card Removal","floor":8.0,"damage_taken":0.0},{"event_name":"Beggar","player_choice":"Gave Gold","floor":19.0,"damage_taken":0.0},{"event_name":"Masked Bandits","player_choice":"Paid Bandits 31 gold","floor":22,"damage_taken":0},{"event_name":"Cursed Tome","player_choice":"Obtained Book","floor":25,"damage_taken":0},{"event_name":"Transmorgrifier","player_choice":"Transform","floor":38,"damage_taken":0},{"event_name":"Mysterious Sphere","player_choice":"Fight","floor":41,"damage_taken":0}],"boss_relics":[{"not_picked":["Runic Cube","Coffee Dripper"],"picked":"Cursed Key"},{"not_picked":["Philosopher\u0027s Stone","Pandora\u0027s Box"],"picked":"Runic Pyramid"}],"items_purged_floors":[37],"is_endless":false,"potions_floor_spawned":[2,7,13,18,24,27,33,35],"killed_by":"Nemesis","ascension_level":4}