{"gold_per_floor":[115,3,13,24,41,41,68,68,92,92,107,127,76,94,94,94],"floor_reached":16,"playtime":1029,"items_purged":["Strike_G"],"score":172,"play_id":"205494f6-51d3-46e5-a375-580da59a5075","local_time":"20181115191458","is_ascension_mode":true,"campfire_choices":[{"data":"Flechettes","floor":6,"key":"SMITH"},{"data":"After Image","floor":8,"key":"SMITH"},{"floor":15,"key":"REST"}],"neow_cost":"NONE","seed_source_timestamp":856388514913370,"circlet_count":0,"master_deck":["AscendersBane","Defend_G","Defend_G","Defend_G","Defend_G","Defend_G+1","Strike_G","Strike_G","Strike_G","Strike_G","Survivor","Neutralize","Flechettes+1","Footwork","Backflip","Deadly Poison+1","Backflip","After Image+1","Predator","Flechettes","Backflip"],"relics":["Ring of the Snake","War Paint","Anchor","Lantern"],"potions_floor_usage":[],"damage_taken":[{"damage":6,"enemies":"Cultist","floor":1,"turns":6},{"damage":5,"enemies":"Jaw Worm","floor":3,"turns":5},{"damage":1,"enemies":"2 Louse","floor":4,"turns":3},{"damage":1,"enemies":"Exordium Wildlife","floor":5,"turns":3},{"damage":27,"enemies":"3 Sentries","floor":7,"turns":13},{"damage":1,"enemies":"3 Louse","floor":11,"turns":5},{"damage":0,"enemies":"Looter","floor":12,"turns":2},{"damage":0,"enemies":"Exordium Wildlife","floor":14,"turns":3},{"damage":65,"enemies":"Slime Boss","floor":16,"turns":9}],"seed_played":"-8673395016390157777","potions_obtained":[{"floor":3,"key":"SteroidPotion"},{"floor":4,"key":"FearPotion"},{"floor":5,"key":"Ancient Potion"}],"is_trial":false,"path_per_floor":["M","$","M","M","M","R","E","R","T","?","M","M","$","M","R","B"],"character_chosen":"THE_SILENT","items_purchased":["Footwork","Backflip"],"campfire_rested":1,"item_purchase_floors":[2,13],"current_hp_per_floor":[64,64,59,58,57,57,30,30,30,30,29,29,29,29,52,0],"gold":94,"neow_bonus":"TEN_PERCENT_HP_BONUS","is_prod":false,"is_daily":false,"chose_seed":false,"campfire_upgraded":2,"win_rate":0,"timestamp":1542327298,"path_taken":["M","$","?","M","M","R","E","R","T","?","?","M","$","M","R","BOSS"],"build_version":"2018-11-08","purchased_purges":1,"victory":false,"max_hp_per_floor":[77,77,77,77,77,77,77,77,77,77,77,77,77,77,77,77],"card_choices":[{"not_picked":["Prepared","Bane"],"picked":"Flechettes","floor":1},{"not_picked":["Prepared","Poisoned Stab"],"picked":"Backflip","floor":3},{"not_picked":["Poisoned Stab","Outmaneuver"],"picked":"Deadly Poison","floor":4},{"not_picked":["Sucker Punch","Finisher"],"picked":"Backflip","floor":5},{"not_picked":["Cloak And Dagger","Outmaneuver"],"picked":"After Image","floor":7},{"not_picked":["Dash","Accuracy"],"picked":"Predator","floor":11},{"not_picked":["Footwork","Prepared"],"picked":"Flechettes","floor":12},{"not_picked":["Underhanded Strike","Catalyst","Quick Slash"],"picked":"SKIP","floor":14}],"player_experience":1687741,"relics_obtained":[{"floor":7,"key":"War Paint"},{"floor":9,"key":"Anchor"}],"event_choices":[{"damage_healed":0,"gold_gain":0,"player_choice":"Gave Potion","damage_taken":0,"relics_obtained":["Lantern"],"max_hp_gain":0,"max_hp_loss":0,"event_name":"WeMeetAgain","floor":10,"gold_loss":0}],"is_beta":false,"boss_relics":[],"items_purged_floors":[2],"is_endless":false,"potions_floor_spawned":[3,4,5],"killed_by":"Slime Boss","ascension_level":13}