{"gold_per_floor":[117,129,129,129,142,185,185,210,210,7,7,32,32,32,32,158,158,158,158,183,183],"floor_reached":21,"playtime":1138,"items_purged":[],"score":286,"play_id":"9946c45d-1dae-45da-a913-6540ecb36c19","local_time":"20181025115429","is_ascension_mode":true,"campfire_choices":[{"floor":7.0,"key":"REST"},{"data":"Noxious Fumes","floor":13.0,"key":"SMITH"},{"floor":15.0,"key":"REST"}],"neow_cost":"NONE","seed_source_timestamp":1325650399211918,"circlet_count":0,"master_deck":["Defend_G","Defend_G","Defend_G","Defend_G","Defend_G","Strike_G","Strike_G","Strike_G","Strike_G","Strike_G","Survivor","Neutralize","AscendersBane","All Out Attack","Cloak And Dagger+1","Dagger Spray","Blade Dance","Dodge and Roll","Blade Dance","Dash","Flying Knee","Noxious Fumes+1","Deadly Poison","Blade Dance","Adrenaline","Noxious Fumes+1"],"special_seed":0,"relics":["Orrery","Golden Idol","Du-Vu Doll","Tough Bandages","HandDrill","Frozen Egg 2","Busted Crown","Nilry\u0027s Codex"],"potions_floor_usage":[],"damage_taken":[{"damage":2.0,"enemies":"Jaw Worm","floor":1.0,"turns":4.0},{"damage":14.0,"enemies":"Small Slimes","floor":2.0,"turns":3.0},{"damage":0.0,"enemies":"2 Louse","floor":5.0,"turns":2.0},{"damage":29.0,"enemies":"Lagavulin","floor":6.0,"turns":6.0},{"damage":2.0,"enemies":"Large Slime","floor":8.0,"turns":5.0},{"damage":0.0,"enemies":"Exordium Wildlife","floor":12.0,"turns":2.0},{"damage":49.0,"enemies":"Slime Boss","floor":16.0,"turns":8.0},{"damage":0.0,"enemies":"Spheric Guardian","floor":18.0,"turns":1.0},{"damage":20,"enemies":"2 Thieves","floor":20,"turns":4},{"damage":18,"enemies":"Snake Plant","floor":21,"turns":3}],"seed_played":"5223963922135574732","potions_obtained":[{"floor":5.0,"key":"Fire Potion"},{"floor":8.0,"key":"LiquidBronze"},{"floor":12.0,"key":"SmokeBomb"}],"is_trial":false,"path_per_floor":["M","M","?","?","M","E","R","M","T","$","$","M","R","T","R","B",null,"M","?","M"],"character_chosen":"THE_SILENT","items_purchased":["HandDrill"],"campfire_rested":2,"item_purchase_floors":[10],"current_hp_per_floor":[61,47,47,47,47,18,37,35,35,35,35,35,35,35,54,5,50,50,34,14,0],"gold":183,"neow_bonus":"BOSS_RELIC","is_prod":false,"is_daily":false,"chose_seed":false,"campfire_upgraded":1,"win_rate":0,"timestamp":1540482869,"path_taken":["M","M","?","?","M","E","R","M","T","?","$","M","R","?","R","BOSS","M","?","?","M"],"build_version":"2018-10-18","purchased_purges":0,"victory":false,"max_hp_per_floor":[70,70,65,65,65,65,65,65,65,65,65,65,65,65,65,65,65,65,65,65,65],"card_choices":[{"not_picked":["Prepared","Quick Slash"],"picked":"All Out Attack","floor":0.0},{"not_picked":["Backflip","Outmaneuver"],"picked":"Cloak And Dagger","floor":0.0},{"not_picked":["Outmaneuver","Eviscerate"],"picked":"Dagger Spray","floor":0.0},{"not_picked":["Sucker Punch","Calculated Gamble"],"picked":"Blade Dance","floor":0.0},{"not_picked":["Bane","Dagger Spray"],"picked":"Dodge and Roll","floor":0.0},{"not_picked":["Concentrate","Bane"],"picked":"Blade Dance","floor":1.0},{"not_picked":["Catalyst","Sucker Punch"],"picked":"Dash","floor":2.0},{"not_picked":["Bane","Storm of Steel"],"picked":"Flying Knee","floor":5.0},{"not_picked":["Dagger Spray","Unload"],"picked":"Noxious Fumes","floor":6.0},{"not_picked":["Skewer","Concentrate"],"picked":"Deadly Poison","floor":8.0},{"not_picked":["Quick Slash","Distraction"],"picked":"Blade Dance","floor":12.0},{"not_picked":["Grand Finale","Wraith Form v2+1"],"picked":"Adrenaline","floor":16.0},{"not_picked":[],"picked":"Noxious Fumes+1","floor":20}],"player_experience":1584809,"relics_obtained":[{"floor":6.0,"key":"Du-Vu Doll"},{"floor":9.0,"key":"Tough Bandages"},{"floor":14.0,"key":"Frozen Egg 2"},{"floor":19,"key":"Nilry\u0027s Codex"}],"event_choices":[{"damage_healed":0.0,"max_hp_gain":0.0,"max_hp_loss":5.0,"gold_gain":0.0,"event_name":"Golden Idol","player_choice":"Lose Max HP","floor":3.0,"gold_loss":0.0,"damage_taken":0.0,"relics_obtained":["Golden Idol"]},{"damage_healed":0.0,"max_hp_gain":0.0,"max_hp_loss":0.0,"gold_gain":0.0,"event_name":"Living Wall","player_choice":"Grow","floor":4.0,"gold_loss":0.0,"damage_taken":0.0,"cards_upgraded":["Cloak And Dagger"]},{"damage_healed":0,"gold_gain":0,"player_choice":"Obtained Book","damage_taken":16,"max_hp_gain":0,"max_hp_loss":0,"event_name":"Cursed Tome","floor":19,"gold_loss":0}],"is_beta":false,"boss_relics":[{"not_picked":["Astrolabe","Velvet Choker"],"picked":"Busted Crown"}],"items_purged_floors":[],"is_endless":false,"potions_floor_spawned":[5,8,12,18],"killed_by":"Snake Plant","ascension_level":12}