{"gold_per_floor":[366,378,397,14,14,14,46,46,46,56,56,18,28,47,47,122,122,134,49,11,11,31,31,0,31,54,54,54,73,408,426,426,426],"floor_reached":33,"playtime":1603,"items_purged":[],"score":499,"play_id":"4861c9d7-35dd-4398-89be-397ca5a18ee9","local_time":"20180717213901","is_ascension_mode":true,"campfire_choices":[{"data":"Finisher","floor":6,"key":"SMITH"},{"data":"Infinite Blades","floor":11,"key":"SMITH"},{"data":"Cloak And Dagger","floor":15,"key":"SMITH"},{"data":"Dash","floor":23,"key":"SMITH"},{"data":"Sucker Punch","floor":27,"key":"SMITH"},{"data":"Accuracy","floor":32,"key":"SMITH"}],"neow_cost":"TEN_PERCENT_HP_LOSS","seed_source_timestamp":596183967640888,"circlet_count":0,"master_deck":["Defend_G","Defend_G","Defend_G","Defend_G","Strike_G","Strike_G","Survivor","Neutralize+1","AscendersBane","Finisher+1","Leg Sweep","Infinite Blades+1","Cloak And Dagger+1","PiercingWail","Dash","Sucker Punch+1","Glass Knife","Noxious Fumes+1","Distraction+1","Corpse Explosion+1","Dash+1","Accuracy+1","PiercingWail","Dagger Spray","Blur"],"relics":["Ring of the Snake","Thread and Needle","Unceasing Top","Mummified Hand","Astrolabe","Smiling Mask","Meat on the Bone","Omamori","Old Coin"],"potions_floor_usage":[16,25,30,30],"damage_taken":[{"damage":1,"enemies":"Cultist","floor":1,"turns":5},{"damage":5,"enemies":"Small Slimes","floor":2,"turns":5},{"damage":0,"enemies":"2 Louse","floor":3,"turns":4},{"damage":2,"enemies":"3 Sentries","floor":7,"turns":10},{"damage":5,"enemies":"Lots of Slimes","floor":10,"turns":5},{"damage":0,"enemies":"Red Slaver","floor":13,"turns":3},{"damage":0,"enemies":"3 Louse","floor":14,"turns":2},{"damage":8,"enemies":"Slime Boss","floor":16,"turns":11},{"damage":0,"enemies":"Chosen","floor":18,"turns":4},{"damage":4,"enemies":"Shell Parasite","floor":22,"turns":5},{"damage":11,"enemies":"Slavers","floor":25,"turns":4},{"damage":0,"enemies":"Cultist and Chosen","floor":29,"turns":7},{"damage":2,"enemies":"Gremlin Leader","floor":30,"turns":7},{"damage":20,"enemies":"Slaver and Parasite","floor":31,"turns":8},{"damage":42,"enemies":"Collector","floor":33,"turns":8}],"seed_played":"1387249729269778311","potions_obtained":[{"floor":2,"key":"Fire Potion"},{"floor":3,"key":"EssenceOfSteel"},{"floor":13,"key":"Strength Potion"},{"floor":22,"key":"SteroidPotion"},{"floor":25,"key":"Regen Potion"}],"is_trial":false,"path_per_floor":["M","M","M","$","?","R","E","?","T","M","R","$","M","M","R","B",null,"M","?","$","$","M","R","?","E","T","R","?","M","E","M","R"],"character_chosen":"THE_SILENT","items_purchased":["Thread and Needle","Infinite Blades","Dash","Accuracy"],"campfire_rested":0,"item_purchase_floors":[4,4,12,20],"current_hp_per_floor":[58,53,53,53,53,53,51,51,51,46,46,46,46,46,46,38,55,55,55,55,55,51,51,51,40,40,40,40,40,50,42,42,0],"gold":426,"neow_bonus":"TWO_FIFTY_GOLD","is_prod":false,"is_daily":false,"chose_seed":false,"campfire_upgraded":6,"win_rate":0,"timestamp":1531856341,"path_taken":["M","M","?","$","?","R","E","?","T","M","R","$","M","M","R","BOSS","M","?","?","$","?","R","?","E","T","R","?","M","E","M","R","BOSS"],"build_version":"2018-07-12","purchased_purges":0,"victory":false,"max_hp_per_floor":[60,60,60,60,60,60,60,60,60,60,60,60,60,60,60,60,60,60,60,60,60,60,60,60,60,60,60,60,60,60,60,60,60],"card_choices":[{"not_picked":["Backflip","Distraction","Setup"],"picked":"SKIP","floor":1},{"not_picked":["Dodge and Roll","Sucker Punch"],"picked":"Finisher","floor":2},{"not_picked":["Dagger Spray","Choke"],"picked":"Leg Sweep","floor":3},{"not_picked":["Underhanded Strike","Deadly Poison"],"picked":"Cloak And Dagger","floor":7},{"not_picked":["Concentrate","Escape Plan"],"picked":"PiercingWail","floor":10},{"not_picked":["Distraction","Outmaneuver"],"picked":"Sucker Punch","floor":13},{"not_picked":["Poisoned Stab","Outmaneuver","Unload"],"picked":"SKIP","floor":14},{"not_picked":["Unload","Bullet Time"],"picked":"Glass Knife","floor":16},{"not_picked":["Dagger Throw","Accuracy"],"picked":"Dash","floor":18},{"not_picked":["Slice","Leg Sweep","Underhanded Strike"],"picked":"SKIP","floor":22},{"not_picked":["Calculated Gamble","Unload"],"picked":"PiercingWail","floor":25},{"not_picked":["Slice","Sucker Punch"],"picked":"Dagger Spray","floor":29},{"not_picked":["Finisher","Die Die Die"],"picked":"Blur","floor":30},{"not_picked":["Dodge and Roll","Dagger Spray","Reflex"],"picked":"SKIP","floor":31}],"player_experience":1075946,"relics_obtained":[{"floor":7,"key":"Unceasing Top"},{"floor":9,"key":"Mummified Hand"},{"floor":25,"key":"Meat on the Bone"},{"floor":26,"key":"Omamori"},{"floor":30,"key":"Old Coin"}],"event_choices":[{"event_name":"Living Wall","player_choice":"Grow","floor":5,"damage_taken":0},{"event_name":"Bonfire Elementals","player_choice":"BASIC","floor":8,"damage_taken":0},{"event_name":"Addict","player_choice":"Obtained Relic","floor":19,"damage_taken":0},{"event_name":"Masked Bandits","player_choice":"Paid Bandits 31 gold","floor":24,"damage_taken":0},{"event_name":"Beggar","player_choice":"Ignored","floor":28,"damage_taken":0}],"boss_relics":[{"not_picked":["Pandora\u0027s Box","Fusion Hammer"],"picked":"Astrolabe"}],"items_purged_floors":[],"is_endless":false,"potions_floor_spawned":[2,3,10,13,22,25],"killed_by":"Collector","ascension_level":15}