{"gold_per_floor":[113,127,52,68,68,68,94,68,68,87,111,111,126,146,146,217,217,235,252,4,4],"floor_reached":21,"playtime":770,"items_purged":["Strike_B"],"score":362,"play_id":"d3147ac7-3331-4876-812b-f6b2feb27168","local_time":"20190210185350","is_ascension_mode":true,"campfire_choices":[{"data":"Sunder","floor":6,"key":"SMITH"},{"floor":12,"key":"REST"},{"floor":15,"key":"REST"}],"neow_cost":"NONE","seed_source_timestamp":621409966739055,"circlet_count":0,"master_deck":["AscendersBane","Strike_B","Strike_B","Defend_B","Defend_B","Defend_B","Defend_B","Zap","Dualcast","Streamline","Sunder+1","Reinforced Body","Rip and Tear","Leap","Rip and Tear","Beam Cell","Coolheaded","Sweeping Beam","Echo Form","Cold Snap","Core Surge","Reinforced Body","Static Discharge+1","Defragment","Steam+1"],"relics":["Cracked Core","NeowsBlessing","Blue Candle","Prayer Wheel","Bronze Scales","Eternal Feather","Anchor"],"potions_floor_usage":[7,16,16],"damage_taken":[{"damage":0,"enemies":"2 Louse","floor":1,"turns":1},{"damage":0,"enemies":"Jaw Worm","floor":2,"turns":1},{"damage":0,"enemies":"Cultist","floor":4,"turns":1},{"damage":24,"enemies":"Gremlin Nob","floor":7,"turns":4},{"damage":0,"enemies":"2 Fungi Beasts","floor":10,"turns":2},{"damage":16,"enemies":"Blue Slaver","floor":13,"turns":3},{"damage":7,"enemies":"Exordium Wildlife","floor":14,"turns":2},{"damage":29,"enemies":"Slime Boss","floor":16,"turns":6},{"damage":12,"enemies":"Chosen","floor":18,"turns":3},{"damage":39,"enemies":"2 Thieves","floor":19,"turns":3},{"damage":12,"enemies":"Cultist and Chosen","floor":21,"turns":3}],"seed_played":"-3466347113717198477","potions_obtained":[{"floor":4,"key":"Ancient Potion"},{"floor":10,"key":"FocusPotion"},{"floor":13,"key":"AttackPotion"},{"floor":19,"key":"Dexterity Potion"}],"is_trial":false,"path_per_floor":["M","M","?","M","?","R","E","$","T","M","T","R","M","M","R","B",null,"M","M","$","M"],"character_chosen":"DEFECT","items_purchased":["Leap","Anchor"],"campfire_rested":2,"item_purchase_floors":[8,20],"current_hp_per_floor":[64,64,64,64,64,64,40,40,40,40,40,61,45,38,59,30,61,49,10,10,0],"gold":4,"neow_bonus":"THREE_ENEMY_KILL","is_prod":false,"is_daily":false,"chose_seed":false,"campfire_upgraded":1,"win_rate":0,"timestamp":1549842830,"path_taken":["M","M","?","M","?","R","E","$","T","M","?","R","M","M","R","BOSS","M","M","$","M"],"build_version":"2019-01-23","purchased_purges":1,"victory":false,"max_hp_per_floor":[71,71,71,71,71,71,71,71,71,71,71,71,71,71,71,71,71,71,71,71,71],"card_choices":[{"not_picked":["Barrage","Stack"],"picked":"Streamline","floor":1},{"not_picked":["Compile Driver","Redo"],"picked":"Sunder","floor":2},{"not_picked":["Chaos","Beam Cell"],"picked":"Reinforced Body","floor":4},{"not_picked":["Blizzard","Rebound"],"picked":"Rip and Tear","floor":7},{"not_picked":["Genetic Algorithm","Compile Driver"],"picked":"Rip and Tear","floor":10},{"not_picked":["Compile Driver","Heatsinks"],"picked":"Beam Cell","floor":10},{"not_picked":["Turbo","Lockon"],"picked":"Coolheaded","floor":13},{"not_picked":["Rebound","Force Field"],"picked":"Sweeping Beam","floor":13},{"not_picked":["Capacitor","Gash"],"picked":"Echo Form","floor":14},{"not_picked":["Barrage","Ball Lightning"],"picked":"Cold Snap","floor":14},{"not_picked":["All For One","Biased Cognition"],"picked":"Core Surge","floor":16},{"not_picked":["Storm","Leap"],"picked":"Reinforced Body","floor":18},{"not_picked":["Steam Power+1","White Noise"],"picked":"Static Discharge+1","floor":18},{"not_picked":["Gash+1","Barrage"],"picked":"Defragment","floor":19},{"not_picked":["FTL","Redo"],"picked":"Steam+1","floor":19}],"player_experience":2387584,"relics_obtained":[{"floor":7,"key":"Blue Candle"},{"floor":9,"key":"Prayer Wheel"},{"floor":11,"key":"Bronze Scales"}],"event_choices":[{"cards_removed":["Strike_B"],"damage_healed":0,"gold_gain":0,"player_choice":"Card Removal","damage_taken":0,"max_hp_gain":0,"max_hp_loss":0,"event_name":"The Cleric","floor":3,"gold_loss":75},{"damage_healed":0,"gold_gain":0,"player_choice":"Ignored","damage_taken":0,"max_hp_gain":0,"max_hp_loss":0,"event_name":"Shining Light","floor":5,"gold_loss":0}],"is_beta":false,"boss_relics":[{"not_picked":["Ectoplasm","Coffee Dripper"],"picked":"Eternal Feather"}],"items_purged_floors":[20],"is_endless":false,"potions_floor_spawned":[4,10,13,19],"killed_by":"Cultist and Chosen","ascension_level":20}