{"gold_per_floor":[115,193,208,220,220,250,250,285,339,356,326,326,341,360,360,459,459,475,475,475,71,81,81,98,118,141,141,141,167,14,33,33,137,137,152,204,220,220,220,220,235,247,247,347,347,85,85,111,111,111],"floor_reached":51,"playtime":4455,"items_purged":[],"score":775,"play_id":"f6c6ca28-f91f-4f8f-a268-757673c49919","local_time":"20190126214458","is_ascension_mode":false,"campfire_choices":[{"floor":7,"key":"REST"},{"floor":15,"key":"REST"},{"floor":23,"key":"REST"},{"floor":27,"key":"REST"},{"floor":32,"key":"REST"},{"floor":40,"key":"REST"},{"data":"1","floor":49,"key":"LIFT"}],"neow_cost":"NONE","seed_source_timestamp":1237725369448640,"circlet_count":0,"master_deck":["Defend_G","Defend_G","Defend_G","Defend_G","Defend_G","Strike_G","Strike_G","Strike_G","Strike_G+1","Strike_G","Survivor+1","Neutralize","Malaise","Predator","Dash","Outmaneuver+1","Noxious Fumes","Distraction","Footwork","Crippling Poison","Dagger Throw","Well Laid Plans","A Thousand Cuts","Leg Sweep","Backstab","Footwork","Master of Strategy","Blur","Acrobatics","Backflip+1","Ghostly","Ghostly","Ghostly","Ghostly","After Image","Flying Knee","Adrenaline","PiercingWail+1","After Image","Finisher+1","Quick Slash+1","PiercingWail","Infinite Blades+1","Acrobatics","Backflip+1","Master of Strategy","Terror+1","Calculated Gamble","Masterful Stab","Infinite Blades","Metamorphosis","Writhe"],"relics":["Ring of the Snake","Paper Crane","Anchor","Boot","Fusion Hammer","Ninja Scroll","Oddly Smooth Stone","Juzu Bracelet","Dodecahedron","Happy Flower","Orrery","Girya","Ornamental Fan","Peace Pipe","Bag of Marbles"],"potions_floor_usage":[16,16,16,50,50,50],"damage_taken":[{"damage":5,"enemies":"2 Louse","floor":1,"turns":5},{"damage":10,"enemies":"Small Slimes","floor":3,"turns":4},{"damage":0,"enemies":"Jaw Worm","floor":4,"turns":3},{"damage":27,"enemies":"3 Sentries","floor":6,"turns":15},{"damage":11,"enemies":"Gremlin Nob","floor":8,"turns":5},{"damage":9,"enemies":"Exordium Wildlife","floor":10,"turns":7},{"damage":0,"enemies":"Looter","floor":11,"turns":4},{"damage":0,"enemies":"Large Slime","floor":13,"turns":5},{"damage":8,"enemies":"2 Fungi Beasts","floor":14,"turns":4},{"damage":9,"enemies":"The Guardian","floor":16,"turns":10},{"damage":6,"enemies":"Shell Parasite","floor":18,"turns":8},{"damage":0,"enemies":"2 Thieves","floor":22,"turns":5},{"damage":0,"enemies":"Snake Plant","floor":24,"turns":5},{"damage":13,"enemies":"Snecko","floor":25,"turns":4},{"damage":15,"enemies":"Slavers","floor":29,"turns":6},{"damage":2,"enemies":"Centurion and Healer","floor":31,"turns":9},{"damage":0,"enemies":"Automaton","floor":33,"turns":14},{"damage":0,"enemies":"3 Darklings","floor":35,"turns":6},{"damage":7,"enemies":"2 Orb Walkers","floor":36,"turns":7},{"damage":7,"enemies":"3 Shapes","floor":37,"turns":5},{"damage":0,"enemies":"Sphere and 2 Shapes","floor":41,"turns":6},{"damage":0,"enemies":"4 Shapes","floor":42,"turns":6},{"damage":0,"enemies":"Mind Bloom Boss Battle","floor":44,"turns":7},{"damage":13,"enemies":"Awakened One","floor":50,"turns":16}],"seed_played":"2020551000871932892","potions_obtained":[{"floor":4,"key":"Poison Potion"},{"floor":8,"key":"Ancient Potion"},{"floor":13,"key":"Weak Potion"},{"floor":18,"key":"EssenceOfSteel"},{"floor":29,"key":"Regen Potion"},{"floor":31,"key":"Dexterity Potion"}],"is_trial":false,"path_per_floor":["M","?","M","M","?","E","R","E","T","M","M","?","M","M","R","B",null,"M","?","?","$","M","R","M","M","T","R","?","E","$","M","R","B",null,"M","?","M","?","?","R","M","M","T","?","?","$","?","T","R","B",null],"character_chosen":"THE_SILENT","items_purchased":["Footwork","Master of Strategy","Oddly Smooth Stone","Happy Flower","Infinite Blades","Metamorphosis"],"campfire_rested":6,"item_purchase_floors":[21,21,21,30,46,46],"current_hp_per_floor":[65,65,55,55,55,28,49,38,38,29,29,15,15,7,28,19,70,64,64,64,64,64,70,70,57,57,70,35,20,20,18,28,28,35,35,28,21,21,21,31,31,31,31,31,31,31,35,35,35,35],"gold":111,"neow_bonus":"ONE_RANDOM_RARE_CARD","is_prod":false,"is_daily":false,"chose_seed":false,"campfire_upgraded":0,"win_rate":0.0,"timestamp":1548510298,"path_taken":["M","?","M","M","?","E","R","E","T","M","M","?","?","M","R","BOSS","M","?","?","$","M","R","M","M","T","R","?","E","$","M","R","BOSS","M","?","M","?","?","R","M","M","T","?","?","?","?","?","R","BOSS"],"build_version":"2019-01-23","purchased_purges":0,"victory":true,"max_hp_per_floor":[70,70,70,70,70,70,70,70,70,70,70,70,70,70,70,70,70,70,70,70,70,70,70,70,70,70,70,35,35,35,35,35,35,35,35,35,35,35,35,35,35,35,35,35,35,35,35,35,35,35],"card_choices":[{"not_picked":["Underhanded Strike","Endless Agony"],"picked":"Predator","floor":1},{"not_picked":["Prepared","Sucker Punch"],"picked":"Dash","floor":3},{"not_picked":["Sucker Punch","Expertise"],"picked":"Outmaneuver","floor":4},{"not_picked":["Prepared","Predator"],"picked":"Noxious Fumes","floor":6},{"not_picked":["Poisoned Stab","Doppelganger"],"picked":"Distraction","floor":8},{"not_picked":["Flying Knee","Noxious Fumes"],"picked":"Footwork","floor":10},{"not_picked":["Caltrops","Flying Knee"],"picked":"Crippling Poison","floor":11},{"not_picked":["Flying Knee","Blade Dance"],"picked":"Dagger Throw","floor":13},{"not_picked":["Acrobatics","PiercingWail"],"picked":"Well Laid Plans","floor":14},{"not_picked":["Envenom","Night Terror"],"picked":"A Thousand Cuts","floor":16},{"not_picked":["Flying Knee","Caltrops"],"picked":"Leg Sweep","floor":18},{"not_picked":["Terror","Underhanded Strike+1"],"picked":"Blur","floor":22},{"not_picked":["Masterful Stab","Catalyst+1"],"picked":"Acrobatics","floor":24},{"not_picked":["Blade Dance","Poisoned Stab"],"picked":"Backflip+1","floor":25},{"not_picked":["Bullet Time","Poisoned Stab"],"picked":"After Image","floor":29},{"not_picked":["Riddle With Holes","Flechettes"],"picked":"Flying Knee","floor":31},{"not_picked":["After Image","Malaise"],"picked":"Adrenaline","floor":33},{"not_picked":["Prepared","Bane"],"picked":"PiercingWail+1","floor":34},{"not_picked":["Underhanded Strike","Predator+1"],"picked":"After Image","floor":34},{"not_picked":["Heel Hook","Deflect+1"],"picked":"Finisher+1","floor":34},{"not_picked":["Bane+1","PiercingWail"],"picked":"Quick Slash+1","floor":34},{"not_picked":["Underhanded Strike+1","Flechettes+1"],"picked":"PiercingWail","floor":34},{"not_picked":["Slice","Underhanded Strike+1"],"picked":"Infinite Blades+1","floor":35},{"not_picked":["Skewer+1","Choke"],"picked":"Acrobatics","floor":36},{"not_picked":["Dagger Throw+1","Prepared+1"],"picked":"Backflip+1","floor":37},{"not_picked":["Trip","Impatience"],"picked":"Master of Strategy","floor":39},{"not_picked":["Poisoned Stab","Dagger Spray"],"picked":"Terror+1","floor":41},{"not_picked":["Underhanded Strike+1","Finisher"],"picked":"Calculated Gamble","floor":42},{"not_picked":["Underhanded Strike+1","Deflect+1"],"picked":"Masterful Stab","floor":44}],"player_experience":14373,"relics_obtained":[{"floor":6,"key":"Paper Crane"},{"floor":8,"key":"Anchor"},{"floor":9,"key":"Boot"},{"floor":26,"key":"Juzu Bracelet"},{"floor":29,"key":"Dodecahedron"},{"floor":36,"key":"Girya"},{"floor":43,"key":"Ornamental Fan"},{"floor":44,"key":"Peace Pipe"},{"floor":48,"key":"Bag of Marbles"}],"event_choices":[{"damage_healed":0,"gold_gain":78,"player_choice":"Gained Gold","damage_taken":0,"max_hp_gain":0,"max_hp_loss":0,"event_name":"Golden Wing","floor":2,"gold_loss":0},{"damage_healed":0,"gold_gain":0,"player_choice":"Grow","damage_taken":0,"max_hp_gain":0,"max_hp_loss":0,"event_name":"Living Wall","floor":5,"gold_loss":0,"cards_upgraded":["Outmaneuver"]},{"damage_healed":0,"gold_gain":0,"player_choice":"Entered Light","damage_taken":14,"max_hp_gain":0,"max_hp_loss":0,"event_name":"Shining Light","floor":12,"gold_loss":0,"cards_upgraded":["Survivor","Strike_G"]},{"damage_healed":0,"gold_gain":0,"player_choice":"Opened","damage_taken":0,"relics_obtained":["Ninja Scroll"],"max_hp_gain":0,"max_hp_loss":0,"event_name":"The Mausoleum","floor":19,"gold_loss":0},{"damage_healed":0,"gold_gain":0,"player_choice":"Read","damage_taken":0,"max_hp_gain":0,"max_hp_loss":0,"event_name":"The Library","floor":20,"gold_loss":0,"cards_obtained":["Backstab"]},{"damage_healed":0,"gold_gain":0,"player_choice":"Became a Ghost","damage_taken":0,"max_hp_gain":0,"max_hp_loss":35,"event_name":"Ghosts","floor":28,"gold_loss":0,"cards_obtained":["Ghostly","Ghostly","Ghostly","Ghostly","Ghostly"]},{"damage_healed":0,"gold_gain":0,"player_choice":"Fight","damage_taken":0,"max_hp_gain":0,"max_hp_loss":0,"event_name":"Mysterious Sphere","floor":36,"gold_loss":0},{"cards_removed":["Ghostly"],"damage_healed":0,"gold_gain":0,"player_choice":"Removed Skill","damage_taken":0,"max_hp_gain":0,"max_hp_loss":0,"event_name":"Falling","floor":38,"gold_loss":0},{"damage_healed":0,"gold_gain":0,"player_choice":"Memory 1","damage_taken":0,"max_hp_gain":0,"max_hp_loss":0,"event_name":"SensoryStone","floor":39,"gold_loss":0},{"damage_healed":0,"gold_gain":0,"player_choice":"Fight","damage_taken":0,"max_hp_gain":0,"max_hp_loss":0,"event_name":"MindBloom","floor":44,"gold_loss":0},{"damage_healed":0,"gold_gain":0,"player_choice":"Ignored","damage_taken":0,"max_hp_gain":0,"max_hp_loss":0,"event_name":"Tomb of Lord Red Mask","floor":45,"gold_loss":0},{"damage_healed":9,"gold_gain":0,"player_choice":"Writhe","damage_taken":0,"max_hp_gain":0,"max_hp_loss":0,"event_name":"Winding Halls","floor":47,"gold_loss":0,"cards_obtained":["Writhe"]}],"is_beta":false,"boss_relics":[{"not_picked":["Empty Cage","WristBlade"],"picked":"Fusion Hammer"},{"not_picked":["Runic Pyramid","HoveringKite"],"picked":"Orrery"}],"items_purged_floors":[],"is_endless":false,"potions_floor_spawned":[4,8,13,18,29,31,35,42],"ascension_level":0}