{"gold_per_floor":[218,19,19,29,42,75,75,92,92,92],"floor_reached":10,"playtime":311,"items_purged":["Strike_B"],"score":129,"play_id":"bed741f8-ed4c-422f-9ee8-81b6357b5a91","local_time":"20181219214356","is_ascension_mode":true,"campfire_choices":[{"floor":7,"key":"REST"}],"neow_cost":"NONE","seed_source_timestamp":331797803471543,"circlet_count":0,"master_deck":["AscendersBane","Strike_B","Strike_B","Defend_B","Defend_B","Defend_B","Defend_B","Zap","Dualcast","Ball Lightning","Defragment","Doom and Gloom","Hologram","Conserve Battery","Steam","Cold Snap"],"relics":["Cracked Core","Lantern","Singing Bowl"],"potions_floor_usage":[6,6,10],"damage_taken":[{"damage":12,"enemies":"Small Slimes","floor":1,"turns":3},{"damage":1,"enemies":"Cultist","floor":4,"turns":3},{"damage":9,"enemies":"Jaw Worm","floor":5,"turns":3},{"damage":34,"enemies":"Gremlin Nob","floor":6,"turns":4},{"damage":24,"enemies":"Large Slime","floor":8,"turns":6},{"damage":13,"enemies":"Lagavulin","floor":10,"turns":3}],"seed_played":"-295434629989906086","potions_obtained":[{"floor":4,"key":"FocusPotion"},{"floor":6,"key":"Fruit Juice"},{"floor":8,"key":"SkillPotion"}],"is_trial":false,"path_per_floor":["M","$","?","M","M","E","R","M","T","E"],"character_chosen":"DEFECT","items_purchased":["Defragment","Doom and Gloom"],"campfire_rested":1,"item_purchase_floors":[2,2],"current_hp_per_floor":[52,52,52,51,42,13,35,11,11,0],"gold":92,"neow_bonus":"HUNDRED_GOLD","is_prod":false,"is_daily":false,"chose_seed":false,"campfire_upgraded":0,"win_rate":0,"timestamp":1545273836,"path_taken":["M","$","?","M","?","E","R","?","T","E"],"build_version":"2018-12-13","purchased_purges":1,"victory":false,"max_hp_per_floor":[71,71,71,71,71,76,76,76,76,76],"card_choices":[{"not_picked":["Hello World","Loop"],"picked":"Ball Lightning","floor":1},{"not_picked":["Barrage","Stack"],"picked":"Hologram","floor":4},{"not_picked":["Beam Cell","Leap"],"picked":"Conserve Battery","floor":5},{"not_picked":["Force Field","Gash"],"picked":"Steam","floor":6},{"not_picked":["Sweeping Beam","Steam"],"picked":"Cold Snap","floor":8}],"player_experience":1925721,"relics_obtained":[{"floor":6,"key":"Lantern"},{"floor":9,"key":"Singing Bowl"}],"event_choices":[{"cards_removed":["Strike_B"],"damage_healed":0,"gold_gain":0,"player_choice":"Purged","damage_taken":0,"max_hp_gain":0,"max_hp_loss":0,"event_name":"Purifier","floor":3,"gold_loss":0}],"is_beta":false,"boss_relics":[],"items_purged_floors":[2],"is_endless":false,"potions_floor_spawned":[4,6,8],"killed_by":"Lagavulin","ascension_level":18}