{"gold_per_floor":[210,225,38,56,56,56,90,103,103,103,116,116,134,149,149,272,272,292,317,317,317,42,42,82,82,82,107,131,146,190,210,210,210],"floor_reached":33,"playtime":2325,"items_purged":[],"score":349,"play_id":"2dcded26-1f93-4119-8a0f-3bae6562a31d","local_time":"20180714183937","is_ascension_mode":true,"campfire_choices":[{"data":"Crippling Poison","floor":6,"key":"SMITH"},{"floor":10,"key":"REST"},{"floor":12,"key":"REST"},{"floor":15,"key":"REST"},{"data":"Adrenaline","floor":23,"key":"SMITH"},{"floor":32,"key":"REST"}],"neow_cost":"NONE","seed_source_timestamp":245624697339853,"circlet_count":0,"master_deck":["Defend_G","Defend_G","Defend_G","Defend_G","Defend_G","Strike_G","Strike_G","Strike_G","Strike_G","Strike_G","Survivor","Neutralize","Dagger Spray","Noxious Fumes","Crippling Poison+1","Adrenaline+1","Dagger Spray","Terror","Dodge and Roll","Flying Knee","A Thousand Cuts+1","PiercingWail","Dodge and Roll+1","Flying Knee","Dagger Spray+1","RitualDagger","All Out Attack","Cloak And Dagger+1","Storm of Steel","Deflect+1","Deadly Poison"],"relics":["Ring of the Snake","Lantern","Golden Idol","Bottled Lightning","Frozen Egg 2","Lizard Tail","Mercury Hourglass","Bag of Marbles","Torii","Shovel"],"potions_floor_usage":[14,14,24,28,30,33,33],"damage_taken":[{"damage":0,"enemies":"2 Louse","floor":1,"turns":2},{"damage":3,"enemies":"Small Slimes","floor":2,"turns":4},{"damage":0,"enemies":"Cultist","floor":4,"turns":4},{"damage":43,"enemies":"Lagavulin","floor":7,"turns":7},{"damage":1,"enemies":"Blue Slaver","floor":8,"turns":4},{"damage":0,"enemies":"3 Louse","floor":11,"turns":2},{"damage":3,"enemies":"Looter","floor":13,"turns":2},{"damage":20,"enemies":"Gremlin Gang","floor":14,"turns":4},{"damage":45,"enemies":"Slime Boss","floor":16,"turns":10},{"damage":29,"enemies":"Shell Parasite","floor":18,"turns":7},{"damage":0,"enemies":"3 Byrds","floor":19,"turns":4},{"damage":48,"enemies":"Slavers","floor":24,"turns":3},{"damage":13,"enemies":"Slaver and Parasite","floor":27,"turns":5},{"damage":7,"enemies":"Cultist and Chosen","floor":28,"turns":5},{"damage":16,"enemies":"Centurion and Healer","floor":29,"turns":4},{"damage":8,"enemies":"Gremlin Leader","floor":30,"turns":6},{"damage":0,"enemies":"3 Cultists","floor":31,"turns":2},{"damage":76,"enemies":"Automaton","floor":33,"turns":6}],"seed_played":"-2455342494688138013","potions_obtained":[{"floor":8,"key":"SpeedPotion"},{"floor":13,"key":"FearPotion"},{"floor":16,"key":"Ancient Potion"},{"floor":24,"key":"Swift Potion"},{"floor":28,"key":"Explosive Potion"},{"floor":29,"key":"GhostInAJar"},{"floor":31,"key":"SkillPotion"}],"is_trial":false,"path_per_floor":["M","M","$","M","?","R","E","M","T","R","M","R","M","M","R","B",null,"M","M","?","?","$","R","E","?","T","M","M","M","E","M","R"],"character_chosen":"THE_SILENT","items_purchased":["Lantern","Crippling Poison","Mercury Hourglass","Flying Knee"],"campfire_rested":4,"item_purchase_floors":[3,3,22,22],"current_hp_per_floor":[70,67,67,67,50,50,7,6,6,27,27,48,45,25,46,1,70,41,41,41,70,70,70,22,16,16,3,35,19,11,11,32,0],"gold":210,"neow_bonus":"HUNDRED_GOLD","is_prod":false,"is_daily":false,"chose_seed":false,"campfire_upgraded":2,"win_rate":0,"timestamp":1531559377,"path_taken":["M","M","$","M","?","R","E","M","T","R","?","R","M","M","R","BOSS","M","M","?","?","$","R","E","?","T","M","M","M","E","?","R","BOSS"],"build_version":"2018-07-12","purchased_purges":0,"victory":false,"max_hp_per_floor":[70,70,70,70,70,70,70,70,70,70,70,70,70,70,70,70,70,70,70,70,70,70,70,70,70,70,70,70,70,70,70,70,70],"card_choices":[{"not_picked":["Slice","Acrobatics"],"picked":"Dagger Spray","floor":1},{"not_picked":["Flechettes","PiercingWail"],"picked":"Noxious Fumes","floor":2},{"not_picked":["Dodge and Roll","Sucker Punch"],"picked":"Adrenaline","floor":4},{"not_picked":["Prepared","Backflip"],"picked":"Dagger Spray","floor":7},{"not_picked":["Skewer","Deadly Poison"],"picked":"Finisher","floor":8},{"not_picked":["Predator","Doppelganger"],"picked":"Terror","floor":11},{"not_picked":["Sucker Punch","Dagger Spray"],"picked":"Dodge and Roll","floor":13},{"not_picked":["Dash","Poisoned Stab"],"picked":"Flying Knee","floor":14},{"not_picked":["Night Terror","Phantasmal Killer"],"picked":"A Thousand Cuts+1","floor":16},{"not_picked":["Accuracy+1","Cloak And Dagger"],"picked":"PiercingWail","floor":18},{"not_picked":["Blur+1","Flying Knee"],"picked":"Dodge and Roll+1","floor":19},{"not_picked":["Skewer","Dagger Throw"],"picked":"Dagger Spray+1","floor":24},{"not_picked":["Outmaneuver","Prepared"],"picked":"All Out Attack","floor":27},{"not_picked":["Blade Dance","Heel Hook"],"picked":"Cloak And Dagger+1","floor":28},{"not_picked":["Quick Slash","Flying Knee"],"picked":"Storm of Steel","floor":29},{"not_picked":["Distraction","Prepared"],"picked":"Deflect+1","floor":30},{"not_picked":["Poisoned Stab","Dash"],"picked":"Deadly Poison","floor":31}],"player_experience":134069,"relics_obtained":[{"floor":7,"key":"Bottled Lightning"},{"floor":9,"key":"Frozen Egg 2"},{"floor":24,"key":"Bag of Marbles"},{"floor":26,"key":"Torii"},{"floor":30,"key":"Shovel"}],"event_choices":[{"event_name":"Golden Idol","player_choice":"Take Damage","floor":5,"damage_taken":0},{"event_name":"Drug Dealer","player_choice":"Ignored","floor":20,"damage_taken":0},{"event_name":"Bonfire Elementals","player_choice":"UNCOMMON","floor":21,"damage_taken":0},{"event_name":"Nest","player_choice":"Joined the Cult","floor":25,"damage_taken":0}],"boss_relics":[{"not_picked":["Tiny House","Velvet Choker"],"picked":"Lizard Tail"}],"items_purged_floors":[],"is_endless":false,"potions_floor_spawned":[8,13,16,24,28,29,31],"killed_by":"Automaton","ascension_level":4}