{"gold_per_floor":[17,17,28,103,114,114,125,144,144,144,144,173,173,208,208,304,304,316,11,27,27,27,27,45,45,45,45,61,130,130,146,146,243,243,257,307,357,374,163,163,213,213,289,171,271,421,421,431,431,431],"floor_reached":51,"playtime":2396,"items_purged":["Strike_G","Defend_G","Defend_G"],"score":728,"play_id":"4f79fbb6-e51c-4a08-953d-659f06cdb9d0","local_time":"20190210024613","is_ascension_mode":false,"campfire_choices":[{"data":"Neutralize","floor":6.0,"key":"SMITH"},{"data":"Footwork","floor":10.0,"key":"SMITH"},{"data":"Glass Knife","floor":13.0,"key":"SMITH"},{"data":"Bouncing Flask","floor":15.0,"key":"SMITH"},{"data":"Leg Sweep","floor":23.0,"key":"SMITH"},{"data":"Tools of the Trade","floor":30.0,"key":"SMITH"},{"data":"Crippling Poison","floor":32.0,"key":"SMITH"},{"data":"Burst","floor":40.0,"key":"SMITH"},{"data":"After Image","floor":42,"key":"SMITH"},{"data":"Noxious Fumes","floor":47,"key":"SMITH"},{"data":"Sucker Punch","floor":49,"key":"SMITH"}],"neow_cost":"NO_GOLD","seed_source_timestamp":8723206930230,"circlet_count":0,"master_deck":["Defend_G","Defend_G","Defend_G","Survivor","Neutralize+1","Glass Knife+1","Footwork+1","Leg Sweep+1","Dagger Spray","Sucker Punch+1","Dodge and Roll","Bouncing Flask+1","Tools of the Trade+1","Deflect","Heel Hook+1","Blur","Crippling Poison+1","Escape Plan+1","Burst+1","Dodge and Roll+1","Calculated Gamble+1","After Image+1","Good Instincts","The Bomb","Blind","Noxious Fumes+1","Cloak And Dagger+1","Deflect+1"],"special_seed":0,"relics":["Ring of the Snake","Bottled Flame","Smiling Mask","FossilizedHelix","Coffee Dripper","Mercury Hourglass","Nilry\u0027s Codex","Question Card","SsserpentHead","Sozu","Kunai","Bird Faced Urn","Unceasing Top"],"potions_floor_usage":[46],"damage_taken":[{"damage":0.0,"enemies":"Cultist","floor":1.0,"turns":3.0},{"damage":0.0,"enemies":"2 Louse","floor":3.0,"turns":3.0},{"damage":0.0,"enemies":"Small Slimes","floor":5.0,"turns":4.0},{"damage":0.0,"enemies":"Exordium Wildlife","floor":7.0,"turns":4.0},{"damage":0.0,"enemies":"Large Slime","floor":8.0,"turns":5.0},{"damage":4.0,"enemies":"Gremlin Nob","floor":12.0,"turns":4.0},{"damage":6.0,"enemies":"3 Sentries","floor":14.0,"turns":7.0},{"damage":17.0,"enemies":"Hexaghost","floor":16.0,"turns":13.0},{"damage":0.0,"enemies":"3 Byrds","floor":18.0,"turns":5.0},{"damage":0.0,"enemies":"Spheric Guardian","floor":20.0,"turns":4.0},{"damage":0.0,"enemies":"Snecko","floor":24.0,"turns":4.0},{"damage":0.0,"enemies":"Centurion and Healer","floor":28.0,"turns":6.0},{"damage":0.0,"enemies":"3 Cultists","floor":29.0,"turns":6.0},{"damage":5.0,"enemies":"Snake Plant","floor":31.0,"turns":5.0},{"damage":18.0,"enemies":"Collector","floor":33.0,"turns":10.0},{"damage":0.0,"enemies":"3 Darklings","floor":35.0,"turns":5.0},{"damage":0.0,"enemies":"3 Shapes","floor":38.0,"turns":4.0},{"damage":0,"enemies":"2 Orb Walkers","floor":45,"turns":5},{"damage":0,"enemies":"Mind Bloom Boss Battle","floor":46,"turns":5},{"damage":0,"enemies":"Transient","floor":48,"turns":5},{"damage":0,"enemies":"Donu and Deca","floor":50,"turns":9}],"seed_played":"-4648714849999541856","potions_obtained":[{"floor":1.0,"key":"SteroidPotion"},{"floor":8.0,"key":"Fire Potion"},{"floor":12.0,"key":"GhostInAJar"},{"floor":14.0,"key":"Regen Potion"},{"floor":18.0,"key":"GhostInAJar"},{"floor":20.0,"key":"LiquidBronze"}],"is_trial":false,"path_per_floor":["M","$","M","?","M","R","M","M","T","R","?","E","R","E","R","B",null,"M","$","M","?","?","R","M","?","T","?","M","M","R","M","R","B",null,"M","?","?","M","$","R","?","R","T","$","?","?","R","M","R","B",null],"character_chosen":"THE_SILENT","items_purchased":["Mercury Hourglass","After Image","Noxious Fumes"],"campfire_rested":0,"item_purchase_floors":[19,39,44],"current_hp_per_floor":[70,70,70,59,59,59,59,59,59,59,52,48,48,42,42,25,70,70,70,70,54,54,54,54,41,41,41,41,41,41,36,36,18,75,75,75,71,71,71,71,61,61,61,61,61,69,69,71,71,71],"gold":431,"neow_bonus":"TRANSFORM_TWO_CARDS","is_prod":false,"is_daily":false,"chose_seed":false,"campfire_upgraded":11,"win_rate":0,"timestamp":1549788373,"path_taken":["M","?","M","?","M","R","M","M","T","R","?","E","R","E","R","BOSS","M","$","M","?","?","R","M","?","T","?","M","?","R","M","R","BOSS","M","?","?","M","$","R","?","R","T","$","?","?","R","M","R","BOSS"],"build_version":"2019-01-23","purchased_purges":3,"victory":true,"max_hp_per_floor":[70,70,70,70,70,70,70,70,70,70,70,70,70,70,70,70,70,70,70,70,70,70,70,70,75,75,75,75,75,75,75,75,75,75,75,75,71,71,71,71,71,71,71,71,71,71,71,71,71,71],"card_choices":[{"not_picked":["Backstab","Dagger Spray"],"picked":"Leg Sweep","floor":1.0},{"not_picked":["Crippling Poison","Flying Knee"],"picked":"Dagger Spray","floor":3.0},{"not_picked":["PiercingWail","Poisoned Stab","Dagger Throw"],"picked":"SKIP","floor":5.0},{"not_picked":["Setup","Dagger Spray","Choke"],"picked":"SKIP","floor":7.0},{"not_picked":["Setup","Dagger Spray","Choke"],"picked":"SKIP","floor":7.0},{"not_picked":["Dagger Throw","Prepared"],"picked":"Sucker Punch","floor":8.0},{"not_picked":["Endless Agony","Deadly Poison"],"picked":"Dodge and Roll","floor":12.0},{"not_picked":["PiercingWail","Masterful Stab"],"picked":"Bouncing Flask","floor":14.0},{"not_picked":["A Thousand Cuts","Phantasmal Killer"],"picked":"Tools of the Trade","floor":16.0},{"not_picked":["Dagger Throw","Dodge and Roll"],"picked":"Deflect","floor":18.0},{"not_picked":["Acrobatics+1","Dagger Throw","Concentrate"],"picked":"SKIP","floor":20.0},{"not_picked":["Die Die Die","Bane"],"picked":"Heel Hook+1","floor":24.0},{"not_picked":["Poisoned Stab","Catalyst","Concentrate"],"picked":"Blur","floor":28.0},{"not_picked":["Dodge and Roll","Bane","Glass Knife"],"picked":"Crippling Poison","floor":29.0},{"not_picked":["Cloak And Dagger","Slice","Dagger Throw+1"],"picked":"Escape Plan+1","floor":31.0},{"not_picked":["Tools of the Trade","Grand Finale","Glass Knife"],"picked":"Burst","floor":33.0},{"not_picked":["PiercingWail+1","Terror+1","Flying Knee"],"picked":"Dodge and Roll+1","floor":35.0},{"not_picked":["Infinite Blades+1","Masterful Stab+1","Dodge and Roll"],"picked":"Calculated Gamble+1","floor":38.0},{"not_picked":["Blind","Dark Shackles","Discovery"],"picked":"Good Instincts","floor":41},{"not_picked":["Flash of Steel","Dramatic Entrance","Blind"],"picked":"The Bomb","floor":41},{"not_picked":["Purity","PanicButton","Swift Strike"],"picked":"Blind","floor":41},{"not_picked":["Outmaneuver","PiercingWail+1","Acrobatics"],"picked":"Cloak And Dagger+1","floor":45},{"not_picked":["Prepared","Deadly Poison+1","Dagger Spray+1"],"picked":"Deflect+1","floor":46},{"not_picked":["Acrobatics","Outmaneuver","Dodge and Roll","PiercingWail+1"],"picked":"SKIP","floor":48}],"player_experience":768074,"relics_obtained":[{"floor":9.0,"key":"Bottled Flame"},{"floor":12.0,"key":"Smiling Mask"},{"floor":14.0,"key":"FossilizedHelix"},{"floor":21.0,"key":"Nilry\u0027s Codex"},{"floor":26.0,"key":"Question Card"},{"floor":43,"key":"Kunai"},{"floor":45,"key":"Bird Faced Urn"},{"floor":46,"key":"Unceasing Top"}],"event_choices":[{"damage_healed":0.0,"max_hp_gain":0.0,"max_hp_loss":0.0,"gold_gain":75.0,"event_name":"World of Goop","player_choice":"Gather Gold","floor":4.0,"gold_loss":0.0,"damage_taken":11.0},{"cards_removed":["Strike_G"],"damage_healed":0.0,"max_hp_gain":0.0,"max_hp_loss":0.0,"gold_gain":0.0,"event_name":"Golden Wing","player_choice":"Card Removal","floor":11.0,"gold_loss":0.0,"damage_taken":7.0},{"damage_healed":0.0,"max_hp_gain":0.0,"max_hp_loss":0.0,"gold_gain":0.0,"event_name":"Cursed Tome","player_choice":"Obtained Book","floor":21.0,"gold_loss":0.0,"damage_taken":16.0},{"cards_removed":["Strike_G"],"damage_healed":0.0,"max_hp_gain":0.0,"max_hp_loss":0.0,"gold_gain":0.0,"event_name":"Back to Basics","player_choice":"Elegance","floor":22.0,"gold_loss":0.0,"damage_taken":0.0},{"damage_healed":0.0,"max_hp_gain":5.0,"max_hp_loss":0.0,"gold_gain":0.0,"event_name":"Forgotten Altar","player_choice":"Shed Blood","floor":25.0,"gold_loss":0.0,"damage_taken":18.0},{"damage_healed":0.0,"max_hp_gain":0.0,"max_hp_loss":0.0,"gold_gain":0.0,"event_name":"FaceTrader","player_choice":"Trade","floor":27.0,"gold_loss":0.0,"damage_taken":0.0,"relics_obtained":["SsserpentHead"]},{"damage_healed":0.0,"max_hp_gain":0.0,"max_hp_loss":0.0,"gold_gain":0.0,"event_name":"Tomb of Lord Red Mask","player_choice":"Ignored","floor":36.0,"gold_loss":0.0,"damage_taken":0.0},{"damage_healed":0.0,"max_hp_gain":0.0,"max_hp_loss":4.0,"gold_gain":0.0,"event_name":"Winding Halls","player_choice":"Max HP","floor":37.0,"gold_loss":0.0,"damage_taken":0.0},{"damage_healed":0,"gold_gain":0,"player_choice":"Memory 3","damage_taken":10,"max_hp_gain":0,"max_hp_loss":0,"event_name":"SensoryStone","floor":41,"gold_loss":0},{"damage_healed":0,"gold_gain":0,"player_choice":"Fight","damage_taken":0,"max_hp_gain":0,"max_hp_loss":0,"event_name":"Mysterious Sphere","floor":45,"gold_loss":0},{"damage_healed":0,"gold_gain":0,"player_choice":"Fight","damage_taken":0,"max_hp_gain":0,"max_hp_loss":0,"event_name":"MindBloom","floor":46,"gold_loss":0}],"is_beta":false,"boss_relics":[{"not_picked":["Runic Dome","Lizard Tail"],"picked":"Coffee Dripper"},{"not_picked":["Snecko Eye","Orrery"],"picked":"Sozu"}],"items_purged_floors":[19,39,44],"is_endless":false,"potions_floor_spawned":[1,8,12,14,18,20,28,29,48],"ascension_level":0}