{"gold_per_floor":[114,134,134,149,163,163,199,199,199,217,233,36,36,50,50,174,174,189,207,207,107,128,167,167,42,42,58,58],"floor_reached":28,"playtime":1627,"items_purged":["Bouncing Flask","Bane","Bane"],"score":351,"play_id":"0d92b9fc-c8ce-4a05-995f-074bfb3a290a","local_time":"20180802160735","is_ascension_mode":true,"campfire_choices":[{"data":"Cloak And Dagger","floor":6,"key":"SMITH"},{"data":"Neutralize","floor":8,"key":"SMITH"},{"data":"Cloak And Dagger","floor":13,"key":"SMITH"},{"floor":15,"key":"REST"},{"data":"Infinite Blades","floor":24,"key":"SMITH"}],"neow_cost":"NONE","seed_source_timestamp":567440420420271,"circlet_count":0,"master_deck":["Survivor","Neutralize+1","Poisoned Stab","Flying Knee","Slice","Cloak And Dagger+1","Escape Plan","Cloak And Dagger+1","Backstab","Acrobatics","Sucker Punch","Dodge and Roll","Backflip","Infinite Blades+1","Blade Dance","Blur","A Thousand Cuts","Caltrops+1","Well Laid Plans","Footwork","Cloak And Dagger"],"relics":["Pandora\u0027s Box","Golden Idol","Ornamental Fan","Bottled Lightning","WristBlade","Smiling Mask","Darkstone Periapt"],"potions_floor_usage":[16,23],"damage_taken":[{"damage":0,"enemies":"Small Slimes","floor":1,"turns":2},{"damage":0,"enemies":"2 Louse","floor":2,"turns":1},{"damage":0,"enemies":"Cultist","floor":4,"turns":3},{"damage":0,"enemies":"Red Slaver","floor":5,"turns":2},{"damage":25,"enemies":"Lagavulin","floor":7,"turns":5},{"damage":0,"enemies":"Gremlin Gang","floor":10,"turns":5},{"damage":0,"enemies":"Exordium Wildlife","floor":11,"turns":3},{"damage":0,"enemies":"Exordium Thugs","floor":14,"turns":4},{"damage":29,"enemies":"Slime Boss","floor":16,"turns":9},{"damage":0,"enemies":"Spheric Guardian","floor":18,"turns":3},{"damage":7,"enemies":"Shell Parasite","floor":19,"turns":3},{"damage":8,"enemies":"Centurion and Healer","floor":22,"turns":6},{"damage":20,"enemies":"Gremlin Leader","floor":23,"turns":7},{"damage":20,"enemies":"Snecko","floor":27,"turns":5},{"damage":4,"enemies":"Book of Stabbing","floor":28,"turns":1}],"seed_played":"-5407629940720400273","potions_obtained":[{"floor":1,"key":"Ancient Potion"},{"floor":5,"key":"Energy Potion"},{"floor":10,"key":"Explosive Potion"},{"floor":16,"key":"SpeedPotion"},{"floor":23,"key":"SpeedPotion"}],"is_trial":false,"path_per_floor":["M","M","?","M","M","R","E","R","T","M","M","$","R","M","R","B",null,"M","M","?","$","M","E","R","$","T","M"],"character_chosen":"THE_SILENT","items_purchased":["Infinite Blades","Blade Dance","Footwork"],"campfire_rested":1,"item_purchase_floors":[12,12,25],"current_hp_per_floor":[63,63,46,46,46,46,21,21,21,21,21,21,21,21,42,13,56,56,49,49,49,41,21,21,21,21,1,0],"gold":58,"neow_bonus":"BOSS_RELIC","is_prod":false,"is_daily":false,"chose_seed":false,"campfire_upgraded":4,"win_rate":0,"timestamp":1533244055,"path_taken":["M","M","?","M","?","R","E","R","T","?","?","?","R","M","R","BOSS","M","M","?","$","M","E","R","?","T","M","E"],"build_version":"2018-08-01","purchased_purges":3,"victory":false,"max_hp_per_floor":[70,70,70,70,70,70,70,70,70,70,70,70,70,70,70,70,70,70,70,70,70,70,70,70,70,70,70,70],"card_choices":[{"not_picked":["Slice","Acrobatics"],"picked":"Sucker Punch","floor":1},{"not_picked":["Deflect","Choke"],"picked":"Dodge and Roll","floor":2},{"not_picked":["Blade Dance","Terror","Eviscerate"],"picked":"SKIP","floor":4},{"not_picked":["Dodge and Roll","Reflex"],"picked":"Bouncing Flask","floor":5},{"not_picked":["Deadly Poison","Bouncing Flask"],"picked":"Backflip","floor":7},{"not_picked":["Distraction","Bouncing Flask","PiercingWail"],"picked":"SKIP","floor":10},{"not_picked":["Dagger Throw","Expertise","Dash"],"picked":"SKIP","floor":11},{"not_picked":["Terror","Prepared"],"picked":"Blur","floor":14},{"not_picked":["Tools of the Trade","Night Terror"],"picked":"A Thousand Cuts","floor":16},{"not_picked":["Deflect","Prepared","Sucker Punch+1"],"picked":"SKIP","floor":18},{"not_picked":["Prepared","Acrobatics+1"],"picked":"Caltrops+1","floor":19},{"not_picked":["Acrobatics","Deadly Poison","Quick Slash+1"],"picked":"SKIP","floor":22},{"not_picked":["Terror","Calculated Gamble+1"],"picked":"Well Laid Plans","floor":23},{"not_picked":["Expertise","Deflect+1"],"picked":"Cloak And Dagger","floor":27}],"player_experience":325364,"relics_obtained":[{"floor":7,"key":"Ornamental Fan"},{"floor":9,"key":"Bottled Lightning"},{"floor":23,"key":"Smiling Mask"},{"floor":26,"key":"Darkstone Periapt"}],"event_choices":[{"event_name":"Golden Idol","player_choice":"Take Damage","floor":3,"damage_taken":0},{"event_name":"The Woman in Blue","player_choice":"Bought 0 Potions","floor":20,"damage_taken":0}],"is_beta":true,"boss_relics":[{"not_picked":["HoveringKite","Lizard Tail"],"picked":"WristBlade"}],"items_purged_floors":[12,21,25],"is_endless":false,"potions_floor_spawned":[1,5,10,16,18,19,23],"killed_by":"Book of Stabbing","ascension_level":9}