{"gold_per_floor":[214,164,177,177,194,225,225,238,238,272,272,282,282,4,4,107,107,94,114,69,69,88,115,115,140,166,166,178,178,103,118,118,118],"floor_reached":33,"playtime":1565,"items_purged":["Strike_R"],"score":320,"play_id":"6b1ec48f-6bcc-447c-b7a9-b695aae757de","local_time":"20181120220623","is_ascension_mode":false,"campfire_choices":[{"floor":11,"key":"REST"},{"floor":13,"key":"RECALL"},{"data":"Disarm","floor":15,"key":"SMITH"},{"floor":24,"key":"REST"},{"data":"Armaments","floor":29,"key":"SMITH"},{"floor":32,"key":"REST"}],"neow_cost":"NONE","seed_source_timestamp":253035511711552,"circlet_count":0,"master_deck":["Strike_R","Defend_R","Defend_R","Defend_R","Defend_R","Bash+1","Shockwave","Pommel Strike","Headbutt","Cleave","Shrug It Off","Disarm+1","Clothesline","Feed","Flex+1","Cleave","Armaments+1","Flex","Armaments","True Grit","Feed","Power Through","Battle Trance"],"relics":["Burning Blood","Pen Nib","Champion Belt","ClockworkSouvenir","Black Star","Smiling Mask","Bag of Marbles","Paper Frog","Bottled Lightning","Red Skull"],"potions_floor_usage":[10,10,16,23,23,33],"damage_taken":[{"damage":0,"enemies":"Small Slimes","floor":1,"turns":3},{"damage":6,"enemies":"Cultist","floor":3,"turns":3},{"damage":7,"enemies":"2 Louse","floor":5,"turns":3},{"damage":27,"enemies":"Gremlin Nob","floor":6,"turns":4},{"damage":14,"enemies":"Exordium Wildlife","floor":8,"turns":4},{"damage":31,"enemies":"Lagavulin","floor":10,"turns":6},{"damage":1,"enemies":"Red Slaver","floor":12,"turns":3},{"damage":18,"enemies":"Hexaghost","floor":16,"turns":12},{"damage":27,"enemies":"2 Thieves","floor":18,"turns":4},{"damage":9,"enemies":"Shell Parasite","floor":19,"turns":4},{"damage":23,"enemies":"Snake Plant","floor":22,"turns":6},{"damage":28,"enemies":"Slavers","floor":23,"turns":5},{"damage":0,"enemies":"Gremlin Leader","floor":25,"turns":5},{"damage":0,"enemies":"3 Cultists","floor":28,"turns":4},{"damage":25,"enemies":"Sentry and Sphere","floor":31,"turns":5},{"damage":80,"enemies":"Automaton","floor":33,"turns":6}],"seed_played":"-3478709142484794605","potions_obtained":[{"floor":3,"key":"SkillPotion"},{"floor":6,"key":"EssenceOfSteel"},{"floor":10,"key":"Dexterity Potion"},{"floor":18,"key":"PowerPotion"},{"floor":22,"key":"SteroidPotion"},{"floor":31,"key":"EssenceOfSteel"}],"is_trial":false,"path_per_floor":["M","?","M","?","M","E","?","M","T","E","R","M","R","$","R","B",null,"M","M","$","?","M","E","R","E","T","?","M","R","?","M","R","B"],"character_chosen":"IRONCLAD","items_purchased":["ClockworkSouvenir","Armaments"],"campfire_rested":3,"item_purchase_floors":[14,20],"current_hp_per_floor":[80,80,80,80,79,58,58,50,50,25,49,54,54,54,54,42,80,59,56,56,56,39,20,44,50,50,50,59,59,59,43,69,0],"gold":118,"neow_bonus":"HUNDRED_GOLD","is_prod":false,"is_daily":false,"chose_seed":false,"campfire_upgraded":2,"win_rate":0,"timestamp":1542769583,"path_taken":["M","?","M","?","M","E","?","?","T","E","R","M","R","?","R","BOSS","M","M","$","?","M","E","R","E","T","?","?","R","?","M","R","BOSS"],"build_version":"2018-11-15","purchased_purges":1,"victory":false,"max_hp_per_floor":[80,80,80,80,80,80,80,80,80,80,80,80,80,80,80,80,80,80,80,80,80,80,83,83,83,83,83,86,86,86,89,89,89],"card_choices":[{"not_picked":["Sword Boomerang","Clash"],"picked":"Shockwave","floor":1},{"not_picked":["True Grit","Flex"],"picked":"Pommel Strike","floor":3},{"not_picked":["Thunderclap","Heavy Blade"],"picked":"Headbutt","floor":5},{"not_picked":["Sword Boomerang","Fiend Fire"],"picked":"Cleave","floor":6},{"not_picked":["Disarm","Headbutt"],"picked":"Shrug It Off","floor":8},{"not_picked":["Pommel Strike","Rupture"],"picked":"Disarm","floor":10},{"not_picked":["Pommel Strike","Fire Breathing"],"picked":"Clothesline","floor":12},{"not_picked":["Impervious","Bludgeon"],"picked":"Feed","floor":16},{"not_picked":["Armaments+1","Blood for Blood"],"picked":"Flex+1","floor":18},{"not_picked":["Clash","Feel No Pain"],"picked":"Cleave","floor":19},{"not_picked":["Sword Boomerang","Pommel Strike"],"picked":"Flex","floor":22},{"not_picked":["Perfected Strike","Fiend Fire"],"picked":"Armaments","floor":23},{"not_picked":["Cleave","Infernal Blade"],"picked":"True Grit","floor":25},{"not_picked":["Second Wind","Clash"],"picked":"Power Through","floor":28},{"not_picked":["Entrench","Twin Strike+1"],"picked":"Battle Trance","floor":31}],"player_experience":1741130,"relics_obtained":[{"floor":6,"key":"Pen Nib"},{"floor":10,"key":"Champion Belt"},{"floor":23,"key":"Smiling Mask"},{"floor":23,"key":"Bag of Marbles"},{"floor":25,"key":"Paper Frog"},{"floor":25,"key":"Bottled Lightning"},{"floor":26,"key":"Red Skull"}],"event_choices":[{"cards_removed":["Strike_R"],"damage_healed":0,"gold_gain":0,"player_choice":"Card Removal","damage_taken":0,"max_hp_gain":0,"max_hp_loss":0,"event_name":"The Cleric","floor":2,"gold_loss":50},{"damage_healed":0,"gold_gain":0,"player_choice":"Grow","damage_taken":0,"max_hp_gain":0,"max_hp_loss":0,"event_name":"Living Wall","floor":4,"gold_loss":0,"cards_upgraded":["Bash"]},{"cards_removed":["Strike_R"],"damage_healed":0,"gold_gain":0,"player_choice":"Offered Basic","damage_taken":0,"max_hp_gain":0,"max_hp_loss":0,"event_name":"Bonfire Elementals","floor":7,"gold_loss":0},{"damage_healed":0,"gold_gain":0,"player_choice":"Ignored","damage_taken":0,"max_hp_gain":0,"max_hp_loss":0,"event_name":"Vampires","floor":21,"gold_loss":0},{"damage_healed":0,"gold_gain":0,"player_choice":"Copied","damage_taken":0,"max_hp_gain":0,"max_hp_loss":0,"event_name":"Duplicator","floor":27,"gold_loss":0,"cards_obtained":["Feed"]},{"cards_removed":["Strike_R"],"damage_healed":0,"gold_gain":0,"player_choice":"Gave Gold","damage_taken":0,"max_hp_gain":0,"max_hp_loss":0,"event_name":"Beggar","floor":30,"gold_loss":75}],"is_beta":false,"boss_relics":[{"not_picked":["Astrolabe","Mark of Pain"],"picked":"Black Star"}],"items_purged_floors":[14],"is_endless":false,"potions_floor_spawned":[3,6,10,18,22,31],"killed_by":"Automaton","ascension_level":0}