{"gold_per_floor":[116,41,116,17,29,29,62,76,100,16,16,16,16,33,33,111,111,128,24,24,41,41,41,56,56,56,71,71,71],"floor_reached":29,"playtime":1386,"items_purged":["Strike_R","Strike_R"],"score":501,"play_id":"4cd93a6d-31c1-4f02-aea0-fb33d7b83f69","local_time":"20190215131222","is_ascension_mode":true,"campfire_choices":[{"data":"Body Slam","floor":6.0,"key":"SMITH"},{"data":"Barricade","floor":11.0,"key":"SMITH"},{"data":"Armaments","floor":13.0,"key":"SMITH"},{"floor":15.0,"key":"REST"},{"floor":23.0,"key":"REST"},{"data":"Armaments","floor":25.0,"key":"SMITH"},{"floor":28.0,"key":"REST"}],"neow_cost":"TEN_PERCENT_HP_LOSS","seed_source_timestamp":120438171963813,"circlet_count":0,"master_deck":["AscendersBane","Strike_R","Strike_R","Defend_R","Defend_R+1","Defend_R","Defend_R","Bash+1","Body Slam+1","Body Slam","Armaments+1","Barricade+1","Sentinel","Spot Weakness","Armaments+1","Sword Boomerang","Metallicize","Shrug It Off","Limit Break","True Grit","Disarm","Armaments","Evolve","Disarm"],"special_seed":0,"relics":["Burning Blood","Prayer Wheel","Smiling Mask","MawBank","Busted Crown","Ancient Tea Set","Question Card"],"potions_floor_usage":[29],"damage_taken":[{"damage":8.0,"enemies":"2 Louse","floor":1.0,"turns":4.0},{"damage":9.0,"enemies":"Jaw Worm","floor":5.0,"turns":4.0},{"damage":5.0,"enemies":"Lagavulin","floor":7.0,"turns":8.0},{"damage":3.0,"enemies":"Cultist","floor":8.0,"turns":5.0},{"damage":9.0,"enemies":"2 Fungi Beasts","floor":14.0,"turns":6.0},{"damage":0.0,"enemies":"Slime Boss","floor":16.0,"turns":9.0},{"damage":29.0,"enemies":"3 Byrds","floor":18.0,"turns":7.0},{"damage":26.0,"enemies":"Shell Parasite","floor":21.0,"turns":6.0},{"damage":4.0,"enemies":"Snecko","floor":24.0,"turns":11.0},{"damage":28.0,"enemies":"Chosen and Byrds","floor":27.0,"turns":9.0},{"damage":53,"enemies":"Cultist and Chosen","floor":29,"turns":5}],"seed_played":"5254876740089293741","potions_obtained":[{"floor":7.0,"key":"SpeedPotion"},{"floor":8.0,"key":"FearPotion"},{"floor":14.0,"key":"Dexterity Potion"},{"floor":18.0,"key":"LiquidBronze"}],"is_trial":false,"path_per_floor":["M","?","?","$","M","R","E","M","T","$","R","?","R","M","R","B",null,"M","$","?","M","T","R","M","R","T","M","R","M"],"character_chosen":"IRONCLAD","items_purchased":["Armaments","Metallicize","Shrug It Off","True Grit"],"campfire_rested":3,"item_purchase_floors":[4,10,10,19],"current_hp_per_floor":[66,66,55,55,52,52,53,56,56,56,56,36,36,33,53,59,66,43,43,43,23,23,43,45,45,45,23,43,0],"gold":71,"neow_bonus":"ONE_RARE_RELIC","is_prod":false,"is_daily":false,"chose_seed":false,"campfire_upgraded":4,"win_rate":0,"timestamp":1550254342,"path_taken":["M","?","?","?","?","R","E","M","T","$","R","?","R","M","R","BOSS","M","$","?","M","?","R","M","R","T","M","R","M"],"build_version":"2019-01-23","purchased_purges":2,"victory":false,"max_hp_per_floor":[68,68,68,68,68,68,68,68,68,68,68,68,68,68,68,68,68,68,68,68,68,68,68,68,68,68,68,68,68],"card_choices":[{"not_picked":["Warcry","Sword Boomerang"],"picked":"Body Slam","floor":1.0},{"not_picked":["Intimidate","Hemokinesis"],"picked":"Body Slam","floor":1.0},{"not_picked":["Cleave","Headbutt"],"picked":"Barricade","floor":5.0},{"not_picked":["Uppercut","Corruption"],"picked":"Sentinel","floor":5.0},{"not_picked":["Burning Pact","Fiend Fire"],"picked":"Spot Weakness","floor":7.0},{"not_picked":["Clothesline","Clash"],"picked":"Armaments","floor":8.0},{"not_picked":["Rupture","Havoc"],"picked":"Sword Boomerang","floor":8.0},{"not_picked":["Searing Blow","Clash","Inflame"],"picked":"SKIP","floor":14.0},{"not_picked":["Fire Breathing","Wild Strike","Battle Trance"],"picked":"SKIP","floor":14.0},{"not_picked":["Dark Embrace","Feed"],"picked":"Limit Break","floor":16.0},{"not_picked":["Reckless Charge"],"picked":"SKIP","floor":18.0},{"not_picked":["Hemokinesis"],"picked":"SKIP","floor":18.0},{"not_picked":[],"picked":"Disarm","floor":21.0},{"not_picked":["Bloodletting"],"picked":"SKIP","floor":21.0},{"not_picked":[],"picked":"Armaments","floor":24.0},{"not_picked":[],"picked":"Evolve","floor":24.0},{"not_picked":["Iron Wave"],"picked":"Disarm","floor":27.0},{"not_picked":["Sever Soul","Wild Strike+1"],"picked":"SKIP","floor":27.0}],"player_experience":2440441,"relics_obtained":[{"floor":7.0,"key":"Smiling Mask"},{"floor":9.0,"key":"MawBank"},{"floor":22.0,"key":"Ancient Tea Set"},{"floor":26.0,"key":"Question Card"}],"event_choices":[{"cards_removed":["Strike_R"],"damage_healed":0.0,"max_hp_gain":0.0,"max_hp_loss":0.0,"gold_gain":0.0,"event_name":"The Cleric","player_choice":"Card Removal","floor":2.0,"gold_loss":75.0,"damage_taken":0.0},{"damage_healed":0.0,"max_hp_gain":0.0,"max_hp_loss":0.0,"gold_gain":75.0,"event_name":"World of Goop","player_choice":"Gather Gold","floor":3.0,"gold_loss":0.0,"damage_taken":11.0},{"damage_healed":0.0,"max_hp_gain":0.0,"max_hp_loss":0.0,"gold_gain":0.0,"event_name":"Shining Light","player_choice":"Entered Light","floor":12.0,"gold_loss":0.0,"damage_taken":20.0,"cards_upgraded":["Defend_R","Bash"]}],"is_beta":false,"boss_relics":[{"not_picked":["Black Blood","Cursed Key"],"picked":"Busted Crown"}],"items_purged_floors":[4,19],"is_endless":false,"potions_floor_spawned":[7,8,14,18],"killed_by":"Cultist and Chosen","ascension_level":17}