{"path_per_floor":["M","M","$","?","M","E","M","M","T","$","E","R","?","$","R","B",null,"M","M","$","M","?","R","M","R","T","M","R","M","E","M","R","B",null,"M","?","M","?","M"],"character_chosen":"IRONCLAD","items_purchased":["True Grit","Battle Trance"],"gold_per_floor":[112,124,49,49,63,97,107,118,143,17,44,44,44,10,10,114,114,132,143,18,28,28,28,45,45,94,112,112,131,166,176,176,280,280,293,293,304,304,322,322],"floor_reached":40,"campfire_rested":1,"playtime":4191,"item_purchase_floors":[10,14],"current_hp_per_floor":[80,80,80,80,71,77,80,80,80,80,52,52,44,44,44,33,80,73,65,65,44,44,44,48,48,48,48,48,58,45,36,60,22,80,80,70,59,59,59,0],"items_purged":["Strike_R","Strike_R","Strike_R"],"gold":322,"score":420,"play_id":"3d07cd02-52c2-4d31-9cf0-c6b00d011dc7","local_time":"20180530094002","is_prod":false,"is_daily":false,"chose_seed":false,"is_ascension_mode":false,"campfire_upgraded":5,"win_rate":0.0,"timestamp":1527666002,"campfire_choices":[{"data":"Armaments","floor":12,"key":"SMITH"},{"data":"Berserk","floor":15,"key":"SMITH"},{"data":"Double Tap","floor":23,"key":"SMITH"},{"data":"Uppercut","floor":25,"key":"SMITH"},{"data":"Flex","floor":28,"key":"SMITH"},{"floor":32,"key":"REST"}],"path_taken":["M","M","$","?","M","E","?","?","T","$","E","R","?","?","R","BOSS","M","M","$","M","?","R","M","R","T","M","R","M","E","M","R","BOSS","M","?","M","?","M","E"],"build_version":"2018-05-28","seed_source_timestamp":916175293031037,"purchased_purges":3,"victory":false,"master_deck":["Strike_R","Strike_R","Defend_R","Defend_R","Defend_R","Defend_R","Bash","Armaments+1","Headbutt","Iron Wave","Thunderclap","Intimidate","Shrug It Off","True Grit","Berserk+1","Battle Trance","Double Tap+1","Pommel Strike+1","Headbutt+1","Uppercut+1","Flex+1","Rampage+1","Berserk","Shrug It Off+1","Juggernaut","Thunderclap+1","Panacea","Madness","Blind","Infernal Blade+1"],"max_hp_per_floor":[80,80,80,80,80,80,80,80,80,80,80,80,80,80,80,80,80,80,80,80,80,80,80,80,80,80,80,80,80,80,80,80,80,80,80,80,80,80,80,80],"relics":["Black Blood","Vajra","Pen Nib","Boot","Happy Flower","Bag of Marbles","Black Star"],"card_choices":[{"not_picked":["Twin Strike","Sword Boomerang"],"picked":"Armaments","floor":1},{"not_picked":["Twin Strike","Sword Boomerang"],"picked":"Headbutt","floor":2},{"not_picked":["Shrug It Off","Headbutt"],"picked":"Iron Wave","floor":5},{"not_picked":["Infernal Blade","Body Slam"],"picked":"Thunderclap","floor":6},{"not_picked":["Twin Strike","Warcry"],"picked":"Intimidate","floor":7},{"not_picked":["Thunderclap","Twin Strike"],"picked":"Shrug It Off","floor":8},{"not_picked":["Blood for Blood","Body Slam"],"picked":"Berserk","floor":11},{"not_picked":["Offering","Impervious"],"picked":"Double Tap","floor":16},{"not_picked":["Anger","Clash"],"picked":"Pommel Strike+1","floor":18},{"not_picked":["Twin Strike","Armaments"],"picked":"Headbutt+1","floor":19},{"not_picked":["Body Slam","Clash"],"picked":"Uppercut","floor":21},{"not_picked":["Pummel","Combust"],"picked":"Flex","floor":24},{"not_picked":["Armaments","Entrench+1"],"picked":"Rampage+1","floor":27},{"not_picked":["Feel No Pain+1","Carnage","Thunderclap"],"picked":"SKIP","floor":29},{"not_picked":["Cleave","Pummel"],"picked":"Berserk","floor":30},{"not_picked":["Sword Boomerang","Rage+1"],"picked":"Shrug It Off+1","floor":31},{"not_picked":["Berserk","Barricade"],"picked":"Juggernaut","floor":33},{"not_picked":["Armaments","Perfected Strike+1"],"picked":"Thunderclap+1","floor":35},{"not_picked":["Master of Strategy","Secret Weapon"],"picked":"Panacea","floor":36},{"not_picked":["Magnetism","Transmutation"],"picked":"Madness","floor":36},{"not_picked":["Bandage Up","Transmutation"],"picked":"Blind","floor":36},{"not_picked":["Sword Boomerang","Shrug It Off"],"picked":"Infernal Blade+1","floor":37},{"not_picked":["Clash+1","Perfected Strike","Anger+1"],"picked":"SKIP","floor":39}],"player_experience":0,"potions_floor_usage":[6,7,30,33,33,40],"damage_taken":[{"damage":5,"enemies":"Cultist","floor":1,"turns":4},{"damage":3,"enemies":"2 Louse","floor":2,"turns":3},{"damage":15,"enemies":"Jaw Worm","floor":5,"turns":5},{"damage":15,"enemies":"3 Sentries","floor":6,"turns":11},{"damage":3,"enemies":"Red Slaver","floor":7,"turns":4},{"damage":0,"enemies":"Large Slime","floor":8,"turns":5},{"damage":34,"enemies":"Gremlin Nob","floor":11,"turns":5},{"damage":17,"enemies":"The Guardian","floor":16,"turns":9},{"damage":17,"enemies":"Shell Parasite","floor":18,"turns":7},{"damage":18,"enemies":"3 Byrds","floor":19,"turns":6},{"damage":31,"enemies":"Snecko","floor":21,"turns":6},{"damage":6,"enemies":"Snake Plant","floor":24,"turns":4},{"damage":10,"enemies":"Cultist and Chosen","floor":27,"turns":4},{"damage":0,"enemies":"Snecko","floor":29,"turns":3},{"damage":23,"enemies":"Slavers","floor":30,"turns":4},{"damage":19,"enemies":"Sentry and Sphere","floor":31,"turns":4},{"damage":48,"enemies":"Champ","floor":33,"turns":9},{"damage":0,"enemies":"Orb Walker","floor":35,"turns":2},{"damage":21,"enemies":"Flame Bruiser 1 Orb","floor":37,"turns":4},{"damage":10,"enemies":"Sphere and 2 Shapes","floor":39,"turns":3},{"damage":64,"enemies":"Giant Head","floor":40,"turns":8}],"relics_obtained":[{"floor":6,"key":"Vajra"},{"floor":9,"key":"Pen Nib"},{"floor":11,"key":"Boot"},{"floor":26,"key":"Happy Flower"},{"floor":30,"key":"Bag of Marbles"}],"event_choices":[{"event_name":"The Cleric","player_choice":"Leave","floor":4,"damage_taken":0},{"event_name":"Wheel of Change","player_choice":"Damage","floor":13,"damage_taken":0},{"event_name":"Addict","player_choice":"Ignored","floor":22,"damage_taken":0},{"event_name":"SensoryStone","player_choice":"Memory 3","floor":36,"damage_taken":0},{"event_name":"Tomb of Lord Red Mask","player_choice":"Ignored","floor":38,"damage_taken":0}],"boss_relics":[{"not_picked":["Runic Dome","Lizard Tail"],"picked":"Black Blood"},{"not_picked":["Tiny House","Runic Pyramid"],"picked":"Black Star"}],"items_purged_floors":[3,10,20],"potions_floor_spawned":[2,6,21,27,29,35,37],"seed_played":"990720911317901370","killed_by":"Giant Head","ascension_level":0,"potions_obtained":[{"floor":2,"key":"Regen Potion"},{"floor":6,"key":"AttackPotion"},{"floor":21,"key":"FearPotion"},{"floor":27,"key":"LiquidBronze"},{"floor":29,"key":"Dexterity Potion"},{"floor":35,"key":"LiquidBronze"},{"floor":37,"key":"EssenceOfSteel"}],"is_trial":false}