{"path_per_floor":["M","?","M","?","?","R","M","$","T","M","M","R","$","M","R","B",null,"M","$","M","?","M","R","E","M","T","M","?","R","$","M","R","B",null,"M","?","M","?","$","R","M","M","T","$","M"],"character_chosen":"IRONCLAD","items_purchased":[],"gold_per_floor":[109,109,129,129,129,129,139,64,90,103,113,113,13,25,25,121,121,141,16,32,32,52,52,84,101,101,119,119,119,119,133,133,234,234,254,254,271,271,121,121,132,145,220,45,63,63],"floor_reached":46,"campfire_rested":1,"playtime":2108,"item_purchase_floors":[],"current_hp_per_floor":[80,72,78,66,80,80,80,80,80,76,76,76,76,80,80,73,80,80,80,80,80,79,79,65,67,67,61,61,61,61,62,80,11,80,67,67,68,68,68,68,55,61,61,61,22,0],"items_purged":["Defend_R","Defend_R","Defend_R","Defend_R","Bash+1"],"gold":63,"score":546,"play_id":"ddf0d281-f80e-4fd0-884a-b211568f2ed8","local_time":"20180618124831","is_prod":false,"is_daily":false,"chose_seed":false,"is_ascension_mode":true,"campfire_upgraded":6,"win_rate":0,"timestamp":1529340511,"campfire_choices":[{"data":"Perfected Strike","floor":6,"key":"SMITH"},{"data":"Shrug It Off","floor":12,"key":"SMITH"},{"data":"Bash","floor":15,"key":"SMITH"},{"data":"Perfected Strike","floor":23,"key":"SMITH"},{"data":"Offering","floor":29,"key":"SMITH"},{"floor":32,"key":"REST"},{"data":"Pommel Strike","floor":40,"key":"SMITH"}],"path_taken":["M","?","?","?","?","R","M","?","T","M","M","R","$","M","R","BOSS","M","$","?","?","?","R","E","M","T","M","?","R","$","?","R","BOSS","M","?","M","?","$","R","?","?","T","?","M","M"],"build_version":"2018-06-14v2","seed_source_timestamp":377725654128213,"purchased_purges":5,"victory":false,"master_deck":["Strike_R","Strike_R","Strike_R","Strike_R","Strike_R","Perfected Strike+1","Shrug It Off+1","Thunderclap","Offering+1","Perfected Strike+1","Pommel Strike+1","Twin Strike+1","Perfected Strike+1","Twin Strike+1"],"max_hp_per_floor":[80,80,80,80,80,80,80,80,80,80,80,80,80,80,80,80,80,80,80,80,80,80,80,80,80,80,80,80,80,80,80,80,80,80,80,80,80,80,80,80,80,80,80,80,80,80],"relics":["Black Blood","NeowsBlessing","Mercury Hourglass","Potion Belt","Busted Crown","Self Forming Clay","Molten Egg 2","Matryoshka"],"card_choices":[{"not_picked":["Shrug It Off","Battle Trance"],"picked":"Perfected Strike","floor":1},{"not_picked":["Clothesline","Armaments","Heavy Blade"],"picked":"SKIP","floor":3},{"not_picked":["Sword Boomerang","Body Slam"],"picked":"Shrug It Off","floor":7},{"not_picked":["Rupture","Feel No Pain"],"picked":"Thunderclap","floor":10},{"not_picked":["Reaper","Havoc","Evolve"],"picked":"SKIP","floor":11},{"not_picked":["Anger","Warcry","True Grit"],"picked":"SKIP","floor":14},{"not_picked":["Limit Break","Berserk"],"picked":"Offering","floor":16},{"not_picked":["Power Through"],"picked":"SKIP","floor":18},{"not_picked":["Metallicize+1"],"picked":"SKIP","floor":20},{"not_picked":["Bloodletting"],"picked":"SKIP","floor":22},{"not_picked":["Fiend Fire"],"picked":"SKIP","floor":24},{"not_picked":[],"picked":"Pommel Strike","floor":25},{"not_picked":["Heavy Blade+1"],"picked":"SKIP","floor":27},{"not_picked":["Rupture+1"],"picked":"SKIP","floor":31},{"not_picked":["Evolve+1"],"picked":"SKIP","floor":35},{"not_picked":[],"picked":"Twin Strike+1","floor":37},{"not_picked":[],"picked":"Perfected Strike+1","floor":41},{"not_picked":[],"picked":"Twin Strike+1","floor":42},{"not_picked":["Evolve"],"picked":"SKIP","floor":45}],"player_experience":638352,"potions_floor_usage":[16,33,33,33],"damage_taken":[{"damage":0,"enemies":"2 Louse","floor":1,"turns":1},{"damage":0,"enemies":"Cultist","floor":3,"turns":1},{"damage":0,"enemies":"Jaw Worm","floor":7,"turns":1},{"damage":10,"enemies":"Gremlin Gang","floor":10,"turns":4},{"damage":6,"enemies":"3 Louse","floor":11,"turns":2},{"damage":0,"enemies":"Large Slime","floor":14,"turns":2},{"damage":13,"enemies":"Slime Boss","floor":16,"turns":7},{"damage":5,"enemies":"Spheric Guardian","floor":18,"turns":3},{"damage":4,"enemies":"Chosen","floor":20,"turns":3},{"damage":7,"enemies":"Centurion and Healer","floor":22,"turns":3},{"damage":20,"enemies":"Slavers","floor":24,"turns":4},{"damage":4,"enemies":"Snake Plant","floor":25,"turns":2},{"damage":12,"enemies":"Sentry and Sphere","floor":27,"turns":3},{"damage":5,"enemies":"Cultist and Chosen","floor":31,"turns":3},{"damage":75,"enemies":"Automaton","floor":33,"turns":9},{"damage":23,"enemies":"3 Darklings","floor":35,"turns":4},{"damage":9,"enemies":"Orb Walker","floor":37,"turns":2},{"damage":23,"enemies":"Sphere and 2 Shapes","floor":41,"turns":4},{"damage":4,"enemies":"4 Shapes","floor":42,"turns":3},{"damage":49,"enemies":"Maw","floor":45,"turns":6},{"damage":23,"enemies":"Sphere and 2 Shapes","floor":46,"turns":3}],"relics_obtained":[{"floor":9,"key":"Potion Belt"},{"floor":24,"key":"Self Forming Clay"},{"floor":26,"key":"Molten Egg 2"},{"floor":43,"key":"Matryoshka"}],"event_choices":[{"event_name":"Wheel of Change","player_choice":"Damage","floor":2,"damage_taken":0},{"event_name":"Scrap Ooze","player_choice":"success","floor":4,"damage_taken":12},{"event_name":"Big Fish","player_choice":"Banana","floor":5,"damage_taken":0},{"event_name":"The Library","player_choice":"Read","floor":21,"damage_taken":0},{"event_name":"Vampires","player_choice":"Ignored","floor":28,"damage_taken":0},{"event_name":"Tomb of Lord Red Mask","player_choice":"Ignored","floor":36,"damage_taken":0},{"event_name":"Mysterious Sphere","player_choice":"Ignore","floor":38,"damage_taken":0}],"boss_relics":[{"not_picked":["Runic Dome","Astrolabe"],"picked":"Busted Crown"},{"not_picked":["Philosopher\u0027s Stone","Eternal Feather"],"picked":"Black Blood"}],"items_purged_floors":[8,13,19,39,44],"is_endless":false,"potions_floor_spawned":[7,11,16,18,22,31,37,45],"seed_played":"-8556528337483574080","killed_by":"Sphere and 2 Shapes","ascension_level":4,"potions_obtained":[{"floor":7,"key":"Weak Potion"},{"floor":11,"key":"FearPotion"},{"floor":16,"key":"SkillPotion"},{"floor":18,"key":"AttackPotion"},{"floor":22,"key":"EssenceOfSteel"},{"floor":31,"key":"Swift Potion"},{"floor":37,"key":"LiquidBronze"},{"floor":45,"key":"Explosive Potion"}],"is_trial":false}