{"gold_per_floor":[119,132,143,156,167,167,11,42,110,136,136,61,73,23,23,124,124,137,137,156,168,187,221,240,56,56,56,56,56,56,56,56,161,191,209,1208,202,217,217,230,261,273,298,298,13,45,45,61,61,61],"floor_reached":51,"playtime":5668,"items_purged":["Bash","Normality","Normality"],"score":812,"play_id":"1b2dcf1e-9bb2-44ef-9985-4bcf98b3cb48","local_time":"20180709182838","is_ascension_mode":false,"campfire_choices":[{"data":"Heavy Blade","floor":6,"key":"SMITH"},{"data":"Flex","floor":11,"key":"SMITH"},{"floor":15,"key":"REST"},{"data":"Anger","floor":32,"key":"SMITH"},{"data":"Anger","floor":47,"key":"SMITH"},{"floor":49,"key":"REST"}],"neow_cost":"NONE","seed_source_timestamp":200418282327308,"circlet_count":0,"master_deck":["Strike_R","Strike_R","Strike_R+1","Defend_R+1","Defend_R","Defend_R","Defend_R","Anger+1","Iron Wave","Heavy Blade+1","Anger+1","Shrug It Off","Flex+1","Juggernaut","True Grit+1","Rage","Disarm+1","Warcry+1","Spot Weakness","Flex+1","Panache+1","Armaments","Jack Of All Trades+1","Corruption+1","Feed","Clash+1","Anger+1","Apotheosis+1","Flex+1","Dark Shackles+1","Anger+1","Headbutt+1","Flex+1","Spot Weakness+1","Limit Break+1","Shrug It Off+1"],"relics":["Burning Blood","Vajra","Centennial Puzzle","Pear","Letter Opener","Sundial","Runic Cube","Juzu Bracelet","Frozen Egg 2","Matryoshka","Tiny House","Toxic Egg 2","Medical Kit","Anchor","Unceasing Top","Blood Vial","War Paint","Bag of Marbles"],"potions_floor_usage":[16,16,16,22,24,33,46,46,50],"damage_taken":[{"damage":6,"enemies":"Cultist","floor":1,"turns":3},{"damage":7,"enemies":"Small Slimes","floor":2,"turns":3},{"damage":6,"enemies":"Jaw Worm","floor":3,"turns":3},{"damage":1,"enemies":"2 Fungi Beasts","floor":4,"turns":3},{"damage":9,"enemies":"Gremlin Gang","floor":5,"turns":3},{"damage":35,"enemies":"Lagavulin","floor":8,"turns":7},{"damage":23,"enemies":"Gremlin Nob","floor":10,"turns":4},{"damage":0,"enemies":"Exordium Wildlife","floor":13,"turns":2},{"damage":46,"enemies":"The Guardian","floor":16,"turns":13},{"damage":5,"enemies":"Chosen","floor":18,"turns":4},{"damage":11,"enemies":"Spheric Guardian","floor":20,"turns":4},{"damage":21,"enemies":"Centurion and Healer","floor":21,"turns":5},{"damage":8,"enemies":"Cultist and Chosen","floor":22,"turns":5},{"damage":33,"enemies":"Book of Stabbing","floor":23,"turns":8},{"damage":26,"enemies":"Sentry and Sphere","floor":24,"turns":6},{"damage":44,"enemies":"Automaton","floor":33,"turns":8},{"damage":15,"enemies":"Orb Walker","floor":35,"turns":4},{"damage":0,"enemies":"3 Shapes","floor":38,"turns":5},{"damage":19,"enemies":"Sphere and 2 Shapes","floor":40,"turns":6},{"damage":57,"enemies":"2 Orb Walkers","floor":41,"turns":5},{"damage":1,"enemies":"3 Darklings","floor":42,"turns":2},{"damage":4,"enemies":"Giant Head","floor":46,"turns":6},{"damage":6,"enemies":"4 Shapes","floor":48,"turns":3},{"damage":75,"enemies":"Donu and Deca","floor":50,"turns":7}],"seed_played":"-6501124182783137113","potions_obtained":[{"floor":1,"key":"Dexterity Potion"},{"floor":8,"key":"FearPotion"},{"floor":10,"key":"FearPotion"},{"floor":16,"key":"Strength Potion"},{"floor":21,"key":"FearPotion"},{"floor":22,"key":"AttackPotion"},{"floor":23,"key":"LiquidBronze"},{"floor":24,"key":"GamblersBrew"},{"floor":34,"key":"BloodPotion"},{"floor":35,"key":"Energy Potion"},{"floor":42,"key":"BloodPotion"},{"floor":48,"key":"Fire Potion"}],"is_trial":false,"path_per_floor":["M","M","M","M","M","R","$","E","T","E","R","$","M","?","R","B",null,"M","?","M","M","M","E","M","$","T","?","?","?","?","$","R","B",null,"M","?","$","M","?","M","E","M","T","?","$","E","R","M","R","B"],"character_chosen":"IRONCLAD","items_purchased":["Centennial Puzzle","Panache+1","Toxic Egg 2","Apotheosis+1","Flex+1","Medical Kit","Anchor","Dark Shackles+1","Limit Break+1"],"campfire_rested":2,"item_purchase_floors":[7,25,37,37,37,37,37,37,45],"current_hp_per_floor":[80,79,79,80,77,77,77,58,58,41,41,41,47,47,74,34,90,90,90,85,70,68,41,21,21,21,21,21,90,90,90,90,52,95,86,86,86,95,95,85,37,42,42,42,42,56,56,58,89,36],"gold":61,"neow_bonus":"RANDOM_COMMON_RELIC","is_prod":false,"is_daily":false,"chose_seed":false,"campfire_upgraded":4,"win_rate":0.0,"timestamp":1531126718,"path_taken":["M","M","M","M","M","R","$","E","T","E","R","$","M","?","R","BOSS","M","?","M","M","M","E","M","$","T","?","?","?","?","?","R","BOSS","M","?","$","M","?","M","E","M","T","?","$","E","R","M","R","BOSS"],"build_version":"2018-07-05","purchased_purges":3,"victory":true,"max_hp_per_floor":[80,80,80,80,80,80,80,90,90,90,90,90,90,90,90,90,90,90,90,90,90,90,90,90,90,90,90,90,90,90,90,90,90,95,95,95,95,98,98,101,104,104,104,104,104,104,104,104,104,108],"card_choices":[{"not_picked":["Warcry","Pommel Strike"],"picked":"Whirlwind","floor":1},{"not_picked":["Heavy Blade","Body Slam"],"picked":"Anger","floor":2},{"not_picked":["Flame Barrier","Combust"],"picked":"Iron Wave","floor":3},{"not_picked":["Clothesline","Pummel"],"picked":"Heavy Blade","floor":4},{"not_picked":["Flex","Burning Pact"],"picked":"Anger","floor":5},{"not_picked":["Hemokinesis","Uppercut"],"picked":"Shrug It Off","floor":8},{"not_picked":["Battle Trance","Headbutt"],"picked":"Flex","floor":10},{"not_picked":["True Grit","Twin Strike","Thunderclap"],"picked":"SKIP","floor":13},{"not_picked":["Impervious","Berserk"],"picked":"Juggernaut","floor":16},{"not_picked":["Carnage+1","Armaments"],"picked":"True Grit+1","floor":18},{"not_picked":["Heavy Blade","Pommel Strike"],"picked":"Rage","floor":20},{"not_picked":["Reckless Charge","Perfected Strike"],"picked":"Disarm+1","floor":21},{"not_picked":["Flame Barrier","Reckless Charge"],"picked":"Warcry+1","floor":22},{"not_picked":["True Grit+1","Heavy Blade"],"picked":"Spot Weakness","floor":23},{"not_picked":["True Grit","Warcry"],"picked":"Flex+1","floor":24},{"not_picked":["Bludgeon","Double Tap"],"picked":"Feed","floor":33},{"not_picked":["Body Slam","Flame Barrier+1"],"picked":"Clash+1","floor":34},{"not_picked":["Shockwave+1","True Grit+1"],"picked":"Anger+1","floor":35},{"not_picked":["Shockwave+1","Uppercut"],"picked":"Anger+1","floor":38},{"not_picked":["Combust+1","Perfected Strike+1"],"picked":"Headbutt+1","floor":40},{"not_picked":["Berserk+1","Perfected Strike"],"picked":"Flex+1","floor":41},{"not_picked":["Ghostly Armor+1","Iron Wave"],"picked":"Spot Weakness+1","floor":42},{"not_picked":["Inflame+1","Hemokinesis+1","Pummel"],"picked":"SKIP","floor":46},{"not_picked":["Twin Strike+1","Dropkick"],"picked":"Shrug It Off+1","floor":48}],"player_experience":45264,"relics_obtained":[{"floor":8,"key":"Pear"},{"floor":9,"key":"Letter Opener"},{"floor":10,"key":"Sundial"},{"floor":23,"key":"Frozen Egg 2"},{"floor":26,"key":"Matryoshka"},{"floor":41,"key":"Unceasing Top"},{"floor":43,"key":"Blood Vial"},{"floor":43,"key":"War Paint"},{"floor":46,"key":"Bag of Marbles"}],"event_choices":[{"event_name":"The Cleric","player_choice":"Card Removal","floor":14,"damage_taken":0},{"event_name":"Wheel of Change","player_choice":"Relic","floor":19,"damage_taken":0},{"event_name":"Match and Keep!","player_choice":"2 cards matched","floor":27,"damage_taken":0},{"event_name":"Match and Keep!","player_choice":"2 cards matched","floor":27,"damage_taken":0},{"event_name":"Beggar","player_choice":"Ignored","floor":28,"damage_taken":0},{"event_name":"Bonfire Elementals","player_choice":"UNCOMMON","floor":29,"damage_taken":0},{"event_name":"Transmorgrifier","player_choice":"Transform","floor":30,"damage_taken":0},{"event_name":"MindBloom","player_choice":"Gold","floor":36,"damage_taken":0},{"event_name":"The Lab","player_choice":"Got Potions","floor":39,"damage_taken":0},{"event_name":"Tomb of Lord Red Mask","player_choice":"Ignored","floor":44,"damage_taken":0}],"boss_relics":[{"not_picked":["White Beast Statue","Snecko Eye"],"picked":"Runic Cube"},{"not_picked":["Calling Bell","Busted Crown"],"picked":"Tiny House"}],"items_purged_floors":[12,37,45],"is_endless":false,"potions_floor_spawned":[1,8,10,16,21,22,23,24,35,42,48],"ascension_level":0}