{"gold_per_floor":[369,382,394,394,6,6,23,35,35,51,51,1,1,11,11,85,85,103,53,49,67,87,87,48,48,72,72,72,84,84,84],"floor_reached":31,"playtime":1142,"items_purged":["Strike_G"],"score":458,"play_id":"5692d8bd-2c61-44be-8f8e-8e5799c7c2ec","local_time":"20190213004351","is_ascension_mode":true,"campfire_choices":[{"data":"Neutralize","floor":6.0,"key":"SMITH"},{"floor":11.0,"key":"REST"},{"data":"Predator","floor":13.0,"key":"SMITH"},{"floor":15.0,"key":"REST"},{"floor":23.0,"key":"REST"},{"floor":27.0,"key":"REST"},{"data":"Well Laid Plans","floor":30.0,"key":"SMITH"}],"neow_cost":"TEN_PERCENT_HP_LOSS","seed_source_timestamp":11703041781553,"circlet_count":0,"master_deck":["AscendersBane","Defend_G","Defend_G","Defend_G","Defend_G","Defend_G","Strike_G","Strike_G","Strike_G","Strike_G","Survivor","Neutralize+1","Backflip","Predator+1","Slice","Catalyst","Deflect","Infinite Blades","Infinite Blades","Malaise","Accuracy","Calculated Gamble","Well Laid Plans+1","Noxious Fumes","Terror","Decay","Normality","Cloak And Dagger"],"special_seed":0,"relics":["Ring of the Snake","Letter Opener","PreservedInsect","Oddly Smooth Stone","Bag of Preparation","Matryoshka","Cursed Key","Omamori"],"potions_floor_usage":[31],"damage_taken":[{"damage":1.0,"enemies":"Cultist","floor":1.0,"turns":4.0},{"damage":0.0,"enemies":"Small Slimes","floor":2.0,"turns":5.0},{"damage":4.0,"enemies":"Jaw Worm","floor":3.0,"turns":5.0},{"damage":0.0,"enemies":"2 Fungi Beasts","floor":7.0,"turns":4.0},{"damage":23.0,"enemies":"Exordium Thugs","floor":8.0,"turns":4.0},{"damage":4.0,"enemies":"Looter","floor":10.0,"turns":3.0},{"damage":0.0,"enemies":"2 Fungi Beasts","floor":14.0,"turns":3.0},{"damage":24.0,"enemies":"The Guardian","floor":16.0,"turns":15.0},{"damage":0.0,"enemies":"Chosen","floor":18.0,"turns":7.0},{"damage":11.0,"enemies":"2 Thieves","floor":20.0,"turns":4.0},{"damage":35.0,"enemies":"Sentry and Sphere","floor":21.0,"turns":7.0},{"damage":1.0,"enemies":"3 Cultists","floor":22.0,"turns":5.0},{"damage":12.0,"enemies":"Centurion and Healer","floor":29.0,"turns":7.0},{"damage":29,"enemies":"Sentry and Sphere","floor":31,"turns":5}],"seed_played":"294117875002128731","potions_obtained":[{"floor":1.0,"key":"Strength Potion"},{"floor":8.0,"key":"EssenceOfSteel"},{"floor":10.0,"key":"AttackPotion"},{"floor":14.0,"key":"Energy Potion"},{"floor":21.0,"key":"Weak Potion"},{"floor":22.0,"key":"Poison Potion"},{"floor":29.0,"key":"EssenceOfSteel"}],"is_trial":false,"path_per_floor":["M","M","M","?","$","R","M","M","T","M","R","?","R","M","R","B",null,"M","?","M","M","M","R","$","?","T","R","?","M","R","M"],"character_chosen":"THE_SILENT","items_purchased":["Letter Opener","Slice","Terror"],"campfire_rested":4,"item_purchase_floors":[5,5,24],"current_hp_per_floor":[58,58,54,28,28,28,28,5,5,1,19,19,19,19,37,13,48,48,48,37,2,1,19,19,19,19,37,37,25,25,0],"gold":84,"neow_bonus":"TWO_FIFTY_GOLD","is_prod":false,"is_daily":false,"chose_seed":false,"campfire_upgraded":3,"win_rate":0,"timestamp":1550015031,"path_taken":["M","M","M","?","$","R","M","M","T","M","R","?","R","?","R","BOSS","M","?","M","?","M","R","$","?","T","R","?","M","R","M"],"build_version":"2019-01-23","purchased_purges":1,"victory":false,"max_hp_per_floor":[60,60,60,60,60,60,60,60,60,60,60,60,60,60,60,60,60,60,60,60,60,60,60,60,60,60,60,60,60,60,60],"card_choices":[{"not_picked":["Tactician","Dagger Spray"],"picked":"Backflip","floor":1.0},{"not_picked":["Prepared","All Out Attack"],"picked":"Predator","floor":2.0},{"not_picked":["Flying Knee","Quick Slash","Prepared"],"picked":"SKIP","floor":3.0},{"not_picked":["Blade Dance","Bane"],"picked":"Catalyst","floor":7.0},{"not_picked":["Backflip","Underhanded Strike"],"picked":"Deflect","floor":8.0},{"not_picked":["Poisoned Stab","Prepared"],"picked":"Infinite Blades","floor":10.0},{"not_picked":["Sucker Punch","Dagger Spray"],"picked":"Infinite Blades","floor":14.0},{"not_picked":["Unload","Grand Finale"],"picked":"Malaise","floor":16.0},{"not_picked":["Outmaneuver","Bane"],"picked":"Accuracy","floor":18.0},{"not_picked":["Dodge and Roll","Poisoned Stab"],"picked":"Calculated Gamble","floor":20.0},{"not_picked":["Acrobatics","Slice"],"picked":"Well Laid Plans","floor":21.0},{"not_picked":["Quick Slash","Poisoned Stab+1"],"picked":"Noxious Fumes","floor":22.0},{"not_picked":["Flying Knee","Concentrate"],"picked":"Cloak And Dagger","floor":29.0}],"player_experience":1405498,"relics_obtained":[{"floor":9.0,"key":"Oddly Smooth Stone"},{"floor":26.0,"key":"Omamori"},{"floor":26.0,"key":"Bag of Preparation"}],"event_choices":[{"damage_healed":0.0,"max_hp_gain":0.0,"max_hp_loss":0.0,"gold_gain":0.0,"event_name":"Scrap Ooze","player_choice":"Success","floor":4.0,"gold_loss":0.0,"damage_taken":26.0,"relics_obtained":["PreservedInsect"]},{"damage_healed":0.0,"max_hp_gain":0.0,"max_hp_loss":0.0,"gold_gain":0.0,"event_name":"WeMeetAgain","player_choice":"Paid Gold","floor":12.0,"gold_loss":50.0,"damage_taken":0.0,"relics_obtained":["Matryoshka"]},{"damage_healed":0.0,"max_hp_gain":0.0,"max_hp_loss":0.0,"gold_gain":0.0,"event_name":"The Joust","player_choice":"Bet on Murderer","floor":19.0,"gold_loss":50.0,"damage_taken":0.0},{"damage_healed":0.0,"max_hp_gain":0.0,"max_hp_loss":0.0,"gold_gain":0.0,"event_name":"Forgotten Altar","player_choice":"Smashed Altar","floor":25.0,"gold_loss":0.0,"damage_taken":0.0,"cards_obtained":["Decay"]},{"damage_healed":0.0,"max_hp_gain":0.0,"max_hp_loss":0.0,"gold_gain":0.0,"event_name":"Beggar","player_choice":"Ignored","floor":28.0,"gold_loss":0.0,"damage_taken":0.0}],"is_beta":false,"boss_relics":[{"not_picked":["Ectoplasm","Runic Pyramid"],"picked":"Cursed Key"}],"items_purged_floors":[5],"is_endless":false,"potions_floor_spawned":[1,8,10,14,21,22,29],"killed_by":"Sentry and Sphere","ascension_level":20}