{"gold_per_floor":[213,69,82,96,24,24,38,38,62,62,62,78,96,96,96,227,227,247,271,186,186,201,201,26,26,52,93,117,117,133,203,203,334,334,355,355,376,160,160],"floor_reached":39,"playtime":5033,"items_purged":[],"score":430,"play_id":"0fcbf732-dbe2-4f12-88e8-6458ce42356a","local_time":"20190206214706","is_ascension_mode":true,"campfire_choices":[{"data":"Well Laid Plans","floor":6,"key":"SMITH"},{"floor":10,"key":"REST"},{"floor":15,"key":"REST"},{"floor":23,"key":"REST"},{"data":"Adrenaline","floor":25,"key":"SMITH"},{"floor":32,"key":"REST"}],"neow_cost":"NONE","seed_source_timestamp":2187702438298231,"circlet_count":0,"master_deck":["Defend_G+1","Defend_G","Defend_G","Defend_G","Defend_G","Strike_G","Strike_G","Strike_G","Strike_G","Strike_G","Survivor","Neutralize","Acrobatics+1","Expertise","Well Laid Plans+1","Noxious Fumes","Bane","Poisoned Stab","Crippling Poison","Adrenaline+1","Dodge and Roll+1","Deflect+1","Infinite Blades+1","Bane","Panache","Escape Plan+1","Cloak And Dagger+1","Glass Knife","Accuracy+1","Backflip","Infinite Blades","Parasite"],"relics":["Ring of the Serpent","Happy Flower","War Paint","Golden Idol","Ancient Tea Set","Boot","Snake Skull","Meat on the Bone","White Beast Statue","Vajra"],"potions_floor_usage":[7,35,37,39],"damage_taken":[{"damage":0,"enemies":"Small Slimes","floor":1,"turns":5},{"damage":1,"enemies":"2 Louse","floor":3,"turns":4},{"damage":1,"enemies":"Cultist","floor":4,"turns":4},{"damage":11,"enemies":"Exordium Thugs","floor":7,"turns":5},{"damage":14,"enemies":"3 Louse","floor":12,"turns":5},{"damage":20,"enemies":"Lots of Slimes","floor":13,"turns":6},{"damage":14,"enemies":"The Guardian","floor":16,"turns":11},{"damage":8,"enemies":"3 Byrds","floor":18,"turns":5},{"damage":1,"enemies":"Chosen","floor":19,"turns":6},{"damage":8,"enemies":"Shelled Parasite and Fungi","floor":22,"turns":7},{"damage":13,"enemies":"Book of Stabbing","floor":27,"turns":6},{"damage":16,"enemies":"Sentry and Sphere","floor":28,"turns":5},{"damage":20,"enemies":"Cultist and Chosen","floor":30,"turns":5},{"damage":34,"enemies":"Champ","floor":33,"turns":12},{"damage":6,"enemies":"3 Darklings","floor":35,"turns":5},{"damage":30,"enemies":"3 Shapes","floor":37,"turns":4},{"damage":45,"enemies":"Writhing Mass","floor":39,"turns":7}],"seed_played":"-5381622762223708410","potions_obtained":[{"floor":4,"key":"Block Potion"},{"floor":7,"key":"Fire Potion"},{"floor":13,"key":"Poison Potion"},{"floor":22,"key":"Energy Potion"},{"floor":30,"key":"Dexterity Potion"},{"floor":35,"key":"FearPotion"},{"floor":37,"key":"Explosive Potion"}],"is_trial":false,"path_per_floor":["M","$","M","M","$","R","M","?","T","R","?","M","M","?","R","B",null,"M","M","?","?","M","R","$","R","T","E","M","?","M","T","R","B",null,"M","?","M","$","M"],"character_chosen":"THE_SILENT","items_purchased":["Happy Flower","Noxious Fumes","Panache","Vajra","Infinite Blades"],"campfire_rested":4,"item_purchase_floors":[2,5,24,38,38],"current_hp_per_floor":[70,70,69,68,68,68,57,57,57,70,53,39,19,19,40,26,70,62,61,61,61,53,70,70,70,70,57,41,80,60,60,80,46,80,74,74,44,44,0],"gold":160,"neow_bonus":"HUNDRED_GOLD","is_prod":false,"is_daily":false,"chose_seed":false,"campfire_upgraded":2,"win_rate":0,"timestamp":1549460826,"path_taken":["M","$","M","M","$","R","M","?","T","R","?","M","M","?","R","BOSS","M","M","?","?","M","R","$","R","T","E","M","?","?","?","R","BOSS","M","?","?","$","?"],"build_version":"2019-01-23","purchased_purges":0,"victory":false,"max_hp_per_floor":[70,70,70,70,70,70,70,70,70,70,70,70,70,70,70,70,70,70,70,70,70,70,70,70,70,70,70,70,80,80,80,80,80,80,80,80,80,80,80],"card_choices":[{"not_picked":["Blade Dance","Terror"],"picked":"Acrobatics","floor":1},{"not_picked":["Bane","Deflect"],"picked":"Expertise","floor":3},{"not_picked":["Predator","Bouncing Flask"],"picked":"Well Laid Plans","floor":4},{"not_picked":["Heel Hook","Dagger Throw"],"picked":"Bane","floor":7},{"not_picked":["Slice","Blade Dance"],"picked":"Poisoned Stab","floor":12},{"not_picked":["Acrobatics","Catalyst"],"picked":"Crippling Poison","floor":13},{"not_picked":["Phantasmal Killer","Burst"],"picked":"Adrenaline","floor":16},{"not_picked":["All Out Attack","Quick Slash"],"picked":"Dodge and Roll+1","floor":18},{"not_picked":["Underhanded Strike","Sucker Punch"],"picked":"Deflect+1","floor":19},{"not_picked":["Predator","Sucker Punch"],"picked":"Bane","floor":22},{"not_picked":["Expertise","Backflip"],"picked":"Escape Plan+1","floor":27},{"not_picked":["Underhanded Strike","Deflect+1"],"picked":"Glass Knife","floor":28},{"not_picked":["Dagger Throw+1","Underhanded Strike"],"picked":"Cloak And Dagger+1","floor":30},{"not_picked":["Night Terror","Unload"],"picked":"Glass Knife","floor":33},{"not_picked":["Cloak And Dagger+1","Eviscerate+1"],"picked":"Accuracy+1","floor":35},{"not_picked":["Acrobatics+1","Heel Hook"],"picked":"Backflip","floor":37}],"player_experience":45366,"relics_obtained":[{"floor":9,"key":"War Paint"},{"floor":26,"key":"Boot"},{"floor":27,"key":"Snake Skull"},{"floor":31,"key":"Meat on the Bone"}],"event_choices":[{"damage_healed":0,"gold_gain":0,"player_choice":"Ignored","damage_taken":0,"max_hp_gain":0,"max_hp_loss":0,"event_name":"Golden Wing","floor":8,"gold_loss":0},{"damage_healed":0,"gold_gain":0,"player_choice":"Take Damage","damage_taken":17,"relics_obtained":["Golden Idol"],"max_hp_gain":0,"max_hp_loss":0,"event_name":"Golden Idol","floor":11,"gold_loss":0},{"damage_healed":0,"gold_gain":0,"player_choice":"Fled","damage_taken":0,"max_hp_gain":0,"max_hp_loss":0,"event_name":"Scrap Ooze","floor":14,"gold_loss":0},{"damage_healed":0,"gold_gain":0,"player_choice":"Obtained Relic","damage_taken":0,"relics_obtained":["Ancient Tea Set"],"max_hp_gain":0,"max_hp_loss":0,"event_name":"Addict","floor":20,"gold_loss":85},{"damage_healed":0,"gold_gain":0,"player_choice":"Read","damage_taken":0,"max_hp_gain":0,"max_hp_loss":0,"event_name":"The Library","floor":21,"gold_loss":0,"cards_obtained":["Infinite Blades"]},{"cards_removed":["Glass Knife"],"damage_healed":29,"gold_gain":0,"player_choice":"Offered Rare","damage_taken":0,"max_hp_gain":10,"max_hp_loss":0,"event_name":"Bonfire Elementals","floor":29,"gold_loss":0},{"damage_healed":0,"gold_gain":0,"player_choice":"Forge","damage_taken":0,"max_hp_gain":0,"max_hp_loss":0,"event_name":"Accursed Blacksmith","floor":36,"gold_loss":0,"cards_upgraded":["Infinite Blades"]}],"is_beta":false,"boss_relics":[{"not_picked":["Eternal Feather","Fusion Hammer"],"picked":"Ring of the Serpent"},{"not_picked":["Snecko Eye","Busted Crown"],"picked":"White Beast Statue"}],"items_purged_floors":[],"is_endless":false,"potions_floor_spawned":[4,7,13,22,28,30,33,35,37],"killed_by":"Writhing Mass","ascension_level":2}