{"path_per_floor":["M","M","$","M","?","E","$","M","T","R","?","M","E","M","R","B",null,"M","M","?","$","M","E","R"],"character_chosen":"IRONCLAD","items_purchased":["Metallicize"],"gold_per_floor":[113,129,54,71,71,105,5,18,18,18,18,30,55,71,71,171,171,186,205,205,45,57,82,82,82],"floor_reached":25,"campfire_rested":0,"playtime":1985,"current_hp_per_floor":[75,80,80,80,80,80,80,62,62,62,55,61,53,52,52,48,80,77,76,76,76,76,59,65,0],"items_purged":["Strike_R","Strike_R","Writhe"],"gold":82,"score":233,"play_id":"228a18de-78ef-4671-bafe-bcbf0484bbae","local_time":"20180516022055","is_prod":false,"is_daily":false,"chose_seed":false,"is_ascension_mode":false,"campfire_upgraded":3,"timestamp":1526430055,"path_taken":["M","M","$","M","?","E","$","M","T","R","?","M","E","?","R","BOSS","M","M","?","$","M","E","R","E"],"build_version":"2018-05-10","seed_source_timestamp":135442800280240,"purchased_purges":4,"victory":false,"master_deck":["Strike_R","Strike_R","Defend_R","Defend_R","Defend_R","Bash+1","Cleave","Disarm","Metallicize+1","Exhume+1","True Grit+1","Pommel Strike","Metallicize","Offering","Pommel Strike","Intimidate","Metallicize","Rampage"],"max_hp_per_floor":[80,80,80,80,80,80,80,80,80,80,80,80,80,80,80,80,80,80,80,80,80,80,80,80,80],"relics":["Burning Blood","Question Card","Champion Belt","Sundial","Eternal Feather","Anchor","Dream Catcher"],"card_choices":[{"not_picked":["Feel No Pain","Blood for Blood"],"picked":"Cleave","floor":1},{"not_picked":["Clothesline","Heavy Blade"],"picked":"Disarm","floor":2},{"not_picked":["Pummel","Thunderclap"],"picked":"Metallicize","floor":4},{"not_picked":["Brutality","Blood for Blood"],"picked":"Exhume","floor":6},{"not_picked":["Twin Strike","Flex","Headbutt"],"picked":"True Grit","floor":8},{"not_picked":["Sword Boomerang","Second Wind","Heavy Blade"],"picked":"Pommel Strike","floor":12},{"not_picked":["Battle Trance","Uppercut","Inflame"],"picked":"Metallicize","floor":13},{"not_picked":["Bludgeon","Dark Embrace","Demon Form"],"picked":"Offering","floor":16},{"not_picked":["Clothesline","Fire Breathing","Headbutt"],"picked":"Pommel Strike","floor":18},{"not_picked":["Wild Strike","Havoc","Twin Strike"],"picked":"Intimidate","floor":19},{"not_picked":["Hemokinesis","Havoc","Second Wind"],"picked":"Rampage","floor":23}],"player_experience":73560,"potions_floor_usage":[6,23,23,23,25],"damage_taken":[{"damage":11,"enemies":"Jaw Worm","floor":1,"turns":6},{"damage":1,"enemies":"Cultist","floor":2,"turns":3},{"damage":1,"enemies":"2 Louse","floor":4,"turns":2},{"damage":6,"enemies":"3 Sentries","floor":6,"turns":6},{"damage":24,"enemies":"Exordium Thugs","floor":8,"turns":7},{"damage":0,"enemies":"Blue Slaver","floor":12,"turns":5},{"damage":14,"enemies":"Lagavulin","floor":13,"turns":8},{"damage":7,"enemies":"3 Louse","floor":14,"turns":4},{"damage":10,"enemies":"Hexaghost","floor":16,"turns":12},{"damage":9,"enemies":"3 Byrds","floor":18,"turns":5},{"damage":7,"enemies":"Chosen","floor":19,"turns":4},{"damage":6,"enemies":"Snake Plant","floor":22,"turns":6},{"damage":38,"enemies":"Slavers","floor":23,"turns":11},{"damage":69,"enemies":"Gremlin Leader","floor":25,"turns":7}],"event_choices":[{"event_name":"Accursed Blacksmith","player_choice":"Forge","floor":5,"damage_taken":0},{"event_name":"Golden Wing","player_choice":"Card Removal","floor":11,"damage_taken":0},{"event_name":"The Mausoleum","player_choice":"Yes","floor":20,"damage_taken":0}],"boss_relics":[{"not_picked":["Philosopher\u0027s Stone","White Beast Statue"],"picked":"Eternal Feather"}],"potions_floor_spawned":[4,8,12,13,18,23],"seed_played":"-955722325601517070","killed_by":"Gremlin Leader","ascension_level":0,"is_trial":false}