{"gold_per_floor":[20,33,33,48,63,63,93,18,43,70,81,59,77,95,95,196,196,216,49,49,60,60,60],"floor_reached":23,"playtime":1558,"items_purged":["Strike_R","Strike_R"],"score":213,"play_id":"dc0a8fc7-90dc-451e-b144-fcb2f72fbeda","local_time":"20190207021510","is_ascension_mode":true,"campfire_choices":[{"data":"Armaments","floor":6,"key":"SMITH"},{"floor":15,"key":"RECALL"}],"neow_cost":"NO_GOLD","seed_source_timestamp":734740167676005,"circlet_count":0,"master_deck":["Strike_R","Strike_R+1","Strike_R+1","Defend_R","Defend_R","Defend_R","Defend_R","Bash","Cleave","Cleave","Armaments+1","Inflame","Iron Wave","Ghostly Armor","Feel No Pain","Entrench+1"],"relics":["Burning Blood","Bird Faced Urn","Orichalcum","Whetstone","Lantern","Runic Cube"],"potions_floor_usage":[5,7,16,21,23],"damage_taken":[{"damage":12,"enemies":"Cultist","floor":1,"turns":5},{"damage":0,"enemies":"2 Louse","floor":2,"turns":2},{"damage":6,"enemies":"Jaw Worm","floor":4,"turns":4},{"damage":11,"enemies":"Exordium Wildlife","floor":5,"turns":3},{"damage":16,"enemies":"3 Sentries","floor":7,"turns":9},{"damage":25,"enemies":"Lagavulin","floor":10,"turns":7},{"damage":0,"enemies":"2 Fungi Beasts","floor":11,"turns":2},{"damage":0,"enemies":"Lots of Slimes","floor":13,"turns":2},{"damage":0,"enemies":"Looter","floor":14,"turns":3},{"damage":44,"enemies":"Slime Boss","floor":16,"turns":13},{"damage":14,"enemies":"Shell Parasite","floor":18,"turns":8},{"damage":18,"enemies":"Spheric Guardian","floor":21,"turns":5},{"damage":57,"enemies":"Slavers","floor":23,"turns":5}],"seed_played":"-1753078606183717199","potions_obtained":[{"floor":1,"key":"Swift Potion"},{"floor":5,"key":"Dexterity Potion"},{"floor":11,"key":"FearPotion"},{"floor":18,"key":"Energy Potion"},{"floor":21,"key":"Block Potion"}],"is_trial":false,"path_per_floor":["M","M","?","M","M","R","E","$","T","E","M","?","M","M","R","B",null,"M","$","?","M","?","E"],"character_chosen":"IRONCLAD","items_purchased":["Feel No Pain"],"campfire_rested":0,"item_purchase_floors":[19],"current_hp_per_floor":[74,80,80,80,75,75,65,65,65,48,56,56,62,70,70,34,80,72,72,57,49,49,0],"gold":60,"neow_bonus":"ONE_RARE_RELIC","is_prod":false,"is_daily":false,"chose_seed":false,"campfire_upgraded":1,"win_rate":0,"timestamp":1549534510,"path_taken":["M","M","?","M","M","R","E","?","T","E","M","?","?","M","R","BOSS","M","$","?","M","?","E"],"build_version":"2019-01-23","purchased_purges":2,"victory":false,"max_hp_per_floor":[80,80,80,80,80,80,80,80,80,80,80,80,80,80,80,80,80,80,80,85,85,85,85],"card_choices":[{"not_picked":["Infernal Blade","Havoc"],"picked":"Cleave","floor":1},{"not_picked":["Anger","Clash"],"picked":"Cleave","floor":2},{"not_picked":["Thunderclap","Infernal Blade"],"picked":"Armaments","floor":4},{"not_picked":["Twin Strike","Heavy Blade","Wild Strike"],"picked":"SKIP","floor":5},{"not_picked":["Armaments","Offering"],"picked":"Inflame","floor":7},{"not_picked":["Reckless Charge","True Grit","Shockwave"],"picked":"SKIP","floor":10},{"not_picked":["Perfected Strike","Body Slam"],"picked":"Iron Wave","floor":11},{"not_picked":["Power Through","Burning Pact"],"picked":"Ghostly Armor","floor":13},{"not_picked":["Cleave","Body Slam","Thunderclap"],"picked":"SKIP","floor":14},{"not_picked":["Body Slam","True Grit","Sever Soul"],"picked":"SKIP","floor":18},{"not_picked":["Heavy Blade","Clash"],"picked":"Entrench+1","floor":21}],"player_experience":206179,"relics_obtained":[{"floor":3,"key":"Orichalcum"},{"floor":7,"key":"Whetstone"},{"floor":10,"key":"Lantern"}],"event_choices":[{"damage_healed":0,"gold_gain":0,"player_choice":"Relic","damage_taken":0,"max_hp_gain":0,"max_hp_loss":0,"event_name":"Wheel of Change","floor":3,"gold_loss":0},{"damage_healed":0,"gold_gain":0,"player_choice":"Left Gold","damage_taken":0,"max_hp_gain":0,"max_hp_loss":0,"event_name":"World of Goop","floor":12,"gold_loss":22},{"damage_healed":0,"gold_gain":0,"player_choice":"Shed Blood","damage_taken":20,"max_hp_gain":5,"max_hp_loss":0,"event_name":"Forgotten Altar","floor":20,"gold_loss":0},{"damage_healed":0,"gold_gain":0,"player_choice":"0 cards matched","damage_taken":0,"max_hp_gain":0,"max_hp_loss":0,"event_name":"Match and Keep!","floor":22,"gold_loss":0,"cards_obtained":[]}],"is_beta":false,"boss_relics":[{"not_picked":["Coffee Dripper","Cursed Key"],"picked":"Runic Cube"}],"items_purged_floors":[8,19],"is_endless":false,"potions_floor_spawned":[1,5,11,18,21],"killed_by":"Slavers","ascension_level":1}