{"gold_per_floor":[359,359,309,309,320,320,349,349,349,15,27,27,45,61,61,136,136,149,168,179,189,209,209,234,234,234,484,501,501,42,61,61,139,139,150,160,8,28,43,43,43,43,43,75,75,86,86,136,136,136],"floor_reached":51,"playtime":3393,"items_purged":["Regret"],"score":1432,"play_id":"fa1babc3-1415-4523-8ede-d9e97b823a6c","local_time":"20180705144337","is_ascension_mode":true,"campfire_choices":[{"data":"Uppercut","floor":6.0,"key":"SMITH"},{"data":"Demon Form","floor":8.0,"key":"SMITH"},{"data":"Apotheosis","floor":15.0,"key":"SMITH"},{"data":"Metallicize","floor":23.0,"key":"SMITH"},{"data":"Disarm","floor":29.0,"key":"SMITH"},{"data":"Havoc","floor":32.0,"key":"SMITH"},{"data":"Barricade","floor":40.0,"key":"SMITH"},{"data":"Metallicize","floor":42.0,"key":"SMITH"},{"data":"Metallicize","floor":45.0,"key":"SMITH"},{"data":"Metallicize","floor":49,"key":"SMITH"}],"neow_cost":"","seed_source_timestamp":555845875876742,"circlet_count":0,"master_deck":["Strike_R+1","Strike_R+1","Defend_R","Defend_R","Defend_R","Defend_R","Bash","AscendersBane","True Grit","Uppercut+1","Clothesline","Demon Form+1","Apotheosis+1","Offering","Sword Boomerang","Disarm+1","Shrug It Off","Feed","Metallicize+1","Evolve+1","True Grit","Burning Pact+1","Metallicize+1","Exhume","Disarm","Metallicize+1","Warcry","Havoc+1","Barricade+1","Whirlwind","True Grit","Ghostly Armor","Shockwave","Body Slam","Good Instincts","Flash of Steel","Finesse","Sword Boomerang","Metallicize+1"],"special_seed":0,"relics":["Burning Blood","Bottled Flame","Whetstone","Self Forming Clay","Thread and Needle","Coffee Dripper","Red Mask","Pear","Bronze Scales","Art of War","Black Star","Ornamental Fan","Toolbox","Question Card","Dream Catcher"],"potions_floor_usage":[50,50],"damage_taken":[{"damage":18.0,"enemies":"Jaw Worm","floor":1.0,"turns":4.0},{"damage":1.0,"enemies":"2 Louse","floor":5.0,"turns":3.0},{"damage":12.0,"enemies":"Gremlin Nob","floor":7.0,"turns":4.0},{"damage":15.0,"enemies":"Small Slimes","floor":11.0,"turns":5.0},{"damage":4.0,"enemies":"Red Slaver","floor":13.0,"turns":4.0},{"damage":4.0,"enemies":"Looter","floor":14.0,"turns":2.0},{"damage":4.0,"enemies":"Hexaghost","floor":16.0,"turns":5.0},{"damage":7.0,"enemies":"3 Byrds","floor":18.0,"turns":8.0},{"damage":4.0,"enemies":"Shell Parasite","floor":19.0,"turns":7.0},{"damage":8.0,"enemies":"Centurion and Healer","floor":20.0,"turns":4.0},{"damage":5.0,"enemies":"Snecko","floor":21.0,"turns":4.0},{"damage":6.0,"enemies":"Chosen and Byrds","floor":22.0,"turns":6.0},{"damage":48.0,"floor":24.0,"turns":5.0},{"damage":2.0,"enemies":"Snake Plant","floor":28.0,"turns":8.0},{"damage":4.0,"enemies":"Cultist and Chosen","floor":31.0,"turns":7.0},{"damage":4.0,"enemies":"Champ","floor":33.0,"turns":8.0},{"damage":8.0,"enemies":"Orb Walker","floor":35.0,"turns":5.0},{"damage":5.0,"enemies":"Flame Bruiser 1 Orb","floor":36.0,"turns":6.0},{"damage":7.0,"enemies":"Maw","floor":38.0,"turns":11.0},{"damage":15.0,"enemies":"Spire Growth","floor":39.0,"turns":9.0},{"damage":0.0,"enemies":"Nemesis","floor":44.0,"turns":16.0},{"damage":60.0,"enemies":"Transient","floor":46.0,"turns":5.0},{"damage":29,"enemies":"Donu and Deca","floor":50,"turns":8}],"seed_played":"-4896911056171792730","potions_obtained":[{"floor":7.0,"key":"Swift Potion"},{"floor":13.0,"key":"Energy Potion"},{"floor":20.0,"key":"Swift Potion"},{"floor":22.0,"key":"Strength Potion"},{"floor":28.0,"key":"Energy Potion"},{"floor":33.0,"key":"SteroidPotion"},{"floor":35.0,"key":"Fire Potion"},{"floor":38.0,"key":"Strength Potion"}],"is_trial":false,"path_per_floor":["M","?","?","T","M","R","E","R","T","$","M","?","M","M","R","B",null,"M","M","M","M","M","R","?","?","T","?","M","R","$","M","R","B",null,"M","M","$","M","M","R","?","R","T","E","R","M","?","T","R","B"],"character_chosen":"IRONCLAD","items_purchased":["Apotheosis","Offering","Bronze Scales","Art of War","Metallicize","Warcry","Ghostly Armor","Regen Potion"],"campfire_rested":0,"item_purchase_floors":[],"current_hp_per_floor":[56,56,56,56,61,61,55,55,55,55,46,46,48,50,50,52,64,67,73,75,80,84,84,46,46,56,56,64,64,64,69,69,75,104,106,111,111,114,109,109,99,99,99,105,105,51,51,51,51,43],"gold":136,"neow_bonus":"","is_prod":false,"is_daily":false,"chose_seed":false,"campfire_upgraded":10,"win_rate":0,"timestamp":1530794617,"path_taken":["M","?","?","?","M","R","E","R","T","$","M","?","M","M","R","BOSS","M","M","M","M","M","R","?","?","T","?","?","R","$","M","R","BOSS","M","M","$","M","?","R","?","R","T","E","R","?","?","?","R","BOSS"],"build_version":"2018-07-04","purchased_purges":1,"victory":true,"max_hp_per_floor":[68,68,68,68,68,68,68,68,68,68,68,68,68,68,68,68,68,72,76,80,84,88,88,92,92,102,102,106,106,106,109,109,113,113,117,121,121,125,129,129,129,129,129,129,129,129,129,129,129,129],"card_choices":[{"not_picked":["Clash","Cleave"],"picked":"True Grit","floor":1.0},{"not_picked":["Clash","Heavy Blade"],"picked":"Clothesline","floor":5.0},{"not_picked":["Wild Strike","Clash"],"picked":"Demon Form","floor":7.0},{"not_picked":["Rupture","Flex"],"picked":"Sword Boomerang","floor":11.0},{"not_picked":["Pommel Strike","Sever Soul"],"picked":"Disarm","floor":13.0},{"not_picked":["Pommel Strike","Headbutt"],"picked":"Shrug It Off","floor":14.0},{"not_picked":["Demon Form","Berserk"],"picked":"Feed","floor":16.0},{"not_picked":["Twin Strike","Thunderclap"],"picked":"Metallicize","floor":18.0},{"not_picked":["Flex","Combust","Rage"],"picked":"SKIP","floor":19.0},{"not_picked":["Uppercut","Pommel Strike"],"picked":"Evolve+1","floor":20.0},{"not_picked":["Headbutt","Thunderclap"],"picked":"True Grit","floor":21.0},{"not_picked":["Cleave","Double Tap"],"picked":"Burning Pact+1","floor":22.0},{"not_picked":["Sever Soul","Rampage"],"picked":"Metallicize","floor":24.0},{"not_picked":["Flex","Cleave"],"picked":"Disarm","floor":28.0},{"not_picked":["Dual Wield","Reckless Charge"],"picked":"Havoc","floor":31.0},{"not_picked":["Dark Embrace","Bludgeon"],"picked":"Barricade","floor":33.0},{"not_picked":["Sword Boomerang","Perfected Strike"],"picked":"Whirlwind","floor":35.0},{"not_picked":["Bloodletting","Whirlwind"],"picked":"True Grit","floor":36.0},{"not_picked":["Searing Blow","Iron Wave+1"],"picked":"Shockwave","floor":38.0},{"not_picked":["Burning Pact+1","Sword Boomerang"],"picked":"Body Slam","floor":39.0},{"not_picked":["Dramatic Entrance","Swift Strike"],"picked":"Good Instincts","floor":41.0},{"not_picked":["Sadistic Nature","PanicButton"],"picked":"Flash of Steel","floor":41.0},{"not_picked":["Secret Weapon","Swift Strike"],"picked":"Finesse","floor":41.0},{"not_picked":["Anger","Searing Blow+1"],"picked":"Sword Boomerang","floor":44.0},{"not_picked":["Cleave+1","Clash+1","Iron Wave"],"picked":"Metallicize","floor":46.0}],"player_experience":262194,"relics_obtained":[{"floor":4.0,"key":"Bottled Flame"},{"floor":7.0,"key":"Whetstone"},{"floor":9.0,"key":"Self Forming Clay"},{"floor":24.0,"key":"Red Mask"},{"floor":26.0,"key":"Pear"},{"floor":43.0,"key":"Ornamental Fan"},{"floor":44.0,"key":"Toolbox"},{"floor":44.0,"key":"Question Card"},{"floor":48,"key":"Dream Catcher"}],"event_choices":[{"event_name":"Living Wall","player_choice":"Change","floor":2.0,"damage_taken":0.0},{"event_name":"The Cleric","player_choice":"Card Removal","floor":3.0,"damage_taken":0.0},{"event_name":"Wheel of Change","player_choice":"Relic","floor":12.0,"damage_taken":0.0},{"event_name":"Masked Bandits","player_choice":"Fought over 209 gold","floor":24.0,"damage_taken":0.0},{"event_name":"Transmorgrifier","player_choice":"Transform","floor":25.0,"damage_taken":0.0},{"event_name":"Golden Shrine","player_choice":"Desecrate","floor":27.0,"damage_taken":0.0},{"event_name":"SensoryStone","player_choice":"Memory 3","floor":41.0,"damage_taken":0.0},{"event_name":"Mysterious Sphere","player_choice":"Ignore","floor":47,"damage_taken":0}],"boss_relics":[{"not_picked":["Sozu","Busted Crown"],"picked":"Coffee Dripper"},{"not_picked":["Snecko Eye","Empty Cage"],"picked":"Black Star"}],"items_purged_floors":[],"is_endless":false,"potions_floor_spawned":[7,13,20,22,28,33,35,38],"ascension_level":14}