{"gold_per_floor":[110,90,103,0,16,16,48,48,103,114,114,125,136,136,136,136],"floor_reached":16,"playtime":469,"items_purged":[],"score":199,"play_id":"6d0d6bcf-d486-48f7-a865-7d2e50651620","local_time":"20190201074143","is_ascension_mode":true,"campfire_choices":[{"data":"Buffer","floor":6,"key":"SMITH"},{"floor":8,"key":"REST"},{"data":"Sweeping Beam","floor":11,"key":"SMITH"},{"floor":15,"key":"REST"}],"neow_cost":"NONE","seed_source_timestamp":674299613246775,"circlet_count":0,"master_deck":["AscendersBane","Strike_B","Strike_B","Strike_B","Strike_B","Defend_B","Defend_B","Defend_B","Defend_B","Zap","Dualcast","Gash","Buffer+1","Gash","Rebound","Rip and Tear","Sweeping Beam+1","Rip and Tear","Coolheaded","Chill"],"relics":["Cracked Core","NeowsBlessing","Smiling Mask","Omamori","Cables"],"potions_floor_usage":[16,16],"damage_taken":[{"damage":0,"enemies":"Cultist","floor":1,"turns":1},{"damage":0,"enemies":"Small Slimes","floor":3,"turns":1},{"damage":0,"enemies":"2 Louse","floor":5,"turns":1},{"damage":35,"enemies":"3 Sentries","floor":7,"turns":8},{"damage":6,"enemies":"Blue Slaver","floor":10,"turns":3},{"damage":0,"enemies":"2 Fungi Beasts","floor":12,"turns":2},{"damage":9,"enemies":"Looter","floor":13,"turns":2},{"damage":39,"enemies":"Hexaghost","floor":16,"turns":9}],"seed_played":"6685400960266501108","potions_obtained":[{"floor":2,"key":"Weak Potion"},{"floor":5,"key":"FearPotion"},{"floor":10,"key":"Fire Potion"}],"is_trial":false,"path_per_floor":["M","?","M","$","M","R","E","R","T","M","R","M","M","?","R","B"],"character_chosen":"DEFECT","items_purchased":["Gash","Rebound"],"campfire_rested":2,"item_purchase_floors":[4,4],"current_hp_per_floor":[64,64,64,64,64,64,29,50,50,44,44,44,35,17,38,0],"gold":136,"neow_bonus":"THREE_ENEMY_KILL","is_prod":false,"is_daily":false,"chose_seed":false,"campfire_upgraded":2,"win_rate":0,"timestamp":1549024903,"path_taken":["M","?","M","?","?","R","E","R","T","M","R","M","M","?","R","BOSS"],"build_version":"2019-01-23","purchased_purges":0,"victory":false,"max_hp_per_floor":[71,71,71,71,71,71,71,71,71,71,71,71,71,71,71,71],"card_choices":[{"not_picked":["Leap","Hologram"],"picked":"Gash","floor":1},{"not_picked":["Steam","Rip and Tear"],"picked":"Buffer","floor":3},{"not_picked":["Self Repair","Undo"],"picked":"Rip and Tear","floor":5},{"not_picked":["Streamline","Redo"],"picked":"Sweeping Beam","floor":7},{"not_picked":["Turbo","Leap"],"picked":"Rip and Tear","floor":10},{"not_picked":["Streamline","Barrage"],"picked":"Coolheaded","floor":12},{"not_picked":["Redo","Undo"],"picked":"Chill","floor":13}],"player_experience":2262230,"relics_obtained":[{"floor":7,"key":"Smiling Mask"},{"floor":9,"key":"Omamori"}],"event_choices":[{"damage_healed":0,"gold_gain":0,"player_choice":"Bought 1 Potion","damage_taken":0,"max_hp_gain":0,"max_hp_loss":0,"event_name":"The Woman in Blue","floor":2,"gold_loss":0},{"damage_healed":0,"gold_gain":0,"player_choice":"Success","damage_taken":18,"relics_obtained":["Cables"],"max_hp_gain":0,"max_hp_loss":0,"event_name":"Scrap Ooze","floor":14,"gold_loss":0}],"is_beta":false,"boss_relics":[],"items_purged_floors":[],"is_endless":false,"potions_floor_spawned":[5,7,10,13],"killed_by":"Hexaghost","ascension_level":19}