{"gold_per_floor":[109,109,120,120,131,131,159,124,124,124,124,124,151,162,162,233,233,248,233,246,246,256,256,273,273,273,285,298,312,312,342,342,342],"floor_reached":33,"playtime":2935,"items_purged":[],"score":497,"play_id":"d627f0ef-94b6-480e-9b07-e0884062c5ac","local_time":"20190104124450","is_ascension_mode":true,"campfire_choices":[{"data":"True Grit","floor":6.0,"key":"SMITH"},{"data":"Body Slam","floor":12.0,"key":"SMITH"},{"data":"Armaments","floor":15.0,"key":"SMITH"},{"data":"Barricade","floor":23.0,"key":"SMITH"},{"data":"Demon Form","floor":25.0,"key":"SMITH"},{"floor":30,"key":"REST"},{"floor":32,"key":"REST"}],"neow_cost":"NONE","seed_source_timestamp":567352412325080,"circlet_count":0,"master_deck":["AscendersBane","Strike_R","Strike_R","Strike_R","Defend_R","Defend_R","Defend_R","Bash","True Grit+1","Shrug It Off","Feel No Pain","Body Slam+1","Heavy Blade","Demon Form+1","Armaments+1","Barricade+1","Shrug It Off","Feel No Pain","Clothesline","Heavy Blade","Body Slam","Body Slam","Headbutt+1","Writhe"],"special_seed":0,"relics":["Burning Blood","Blood Vial","Strawberry","Turnip","Darkstone Periapt","Bag of Preparation","Velvet Choker","Red Skull","Juzu Bracelet","Tiny Chest"],"potions_floor_usage":[29],"damage_taken":[{"damage":0.0,"enemies":"2 Louse","floor":1.0,"turns":3.0},{"damage":2.0,"enemies":"Jaw Worm","floor":3.0,"turns":5.0},{"damage":3.0,"enemies":"Small Slimes","floor":5.0,"turns":5.0},{"damage":36.0,"enemies":"Gremlin Nob","floor":7.0,"turns":5.0},{"damage":31.0,"enemies":"Lagavulin","floor":13.0,"turns":8.0},{"damage":10.0,"enemies":"3 Louse","floor":14.0,"turns":3.0},{"damage":23.0,"enemies":"Hexaghost","floor":16.0,"turns":8.0},{"damage":4.0,"enemies":"3 Byrds","floor":18.0,"turns":5.0},{"damage":17.0,"enemies":"2 Thieves","floor":19.0,"turns":4.0},{"damage":26.0,"enemies":"Centurion and Healer","floor":20.0,"turns":6.0},{"damage":15.0,"enemies":"Cultist and Chosen","floor":22.0,"turns":8.0},{"damage":14.0,"enemies":"3 Cultists","floor":24.0,"turns":6.0},{"damage":17.0,"enemies":"Snake Plant","floor":27.0,"turns":5.0},{"damage":26.0,"enemies":"Shelled Parasite and Fungi","floor":28.0,"turns":5.0},{"damage":13,"enemies":"Sentry and Sphere","floor":29,"turns":5},{"damage":67,"enemies":"Automaton","floor":33,"turns":6}],"seed_played":"7586755319033171162","potions_obtained":[{"floor":3.0,"key":"Strength Potion"},{"floor":5.0,"key":"SmokeBomb"},{"floor":7.0,"key":"BloodPotion"},{"floor":14.0,"key":"Fire Potion"},{"floor":19.0,"key":"Explosive Potion"},{"floor":28.0,"key":"AttackPotion"},{"floor":29,"key":"Swift Potion"}],"is_trial":false,"path_per_floor":["M","?","M","?","M","R","E","?","T","?","?","R","E","M","R","B",null,"M","M","M","?","M","R","M","R","T","M","M","M","R","?","R","B"],"character_chosen":"IRONCLAD","items_purchased":[],"campfire_rested":2,"item_purchase_floors":[],"current_hp_per_floor":[75,68,74,63,68,68,40,60,60,60,60,60,37,35,35,20,67,71,62,44,44,37,37,31,31,31,22,12,7,31,37,63,0],"gold":342,"neow_bonus":"RANDOM_COMMON_RELIC","is_prod":false,"is_daily":false,"chose_seed":false,"campfire_upgraded":5,"win_rate":0,"timestamp":1546602290,"path_taken":["M","?","M","?","M","R","E","?","T","?","?","R","E","M","R","BOSS","M","M","?","?","M","R","M","R","T","M","M","M","R","?","R","BOSS"],"build_version":"2019-01-03v3","purchased_purges":0,"victory":false,"max_hp_per_floor":[75,75,75,82,82,82,82,82,82,82,82,82,82,82,82,82,82,82,82,82,82,82,82,82,82,82,82,82,82,82,88,88,88],"card_choices":[{"not_picked":["Power Through","Heavy Blade"],"picked":"True Grit","floor":1.0},{"not_picked":["Dropkick","Rage"],"picked":"Shrug It Off","floor":3.0},{"not_picked":["Havoc","Wild Strike"],"picked":"Feel No Pain","floor":5.0},{"not_picked":["Pummel","Dual Wield"],"picked":"Body Slam","floor":7.0},{"not_picked":["Bludgeon","Metallicize"],"picked":"Demon Form","floor":13.0},{"not_picked":["Pommel Strike","Anger"],"picked":"Armaments","floor":14.0},{"not_picked":["Exhume","Immolate"],"picked":"Barricade","floor":16.0},{"not_picked":["Heavy Blade","Sword Boomerang"],"picked":"Shrug It Off","floor":18.0},{"not_picked":["Twin Strike","Fire Breathing"],"picked":"Feel No Pain","floor":19.0},{"not_picked":["Headbutt","Cleave","Seeing Red"],"picked":"SKIP","floor":20.0},{"not_picked":["Fiend Fire","Heavy Blade"],"picked":"Clothesline","floor":22.0},{"not_picked":["Anger","Twin Strike"],"picked":"Heavy Blade","floor":24.0},{"not_picked":["Carnage","Pummel"],"picked":"Body Slam","floor":27.0},{"not_picked":["Dark Embrace","Feel No Pain"],"picked":"Body Slam","floor":28.0},{"not_picked":["Clothesline","Carnage"],"picked":"Headbutt+1","floor":29}],"player_experience":417306,"relics_obtained":[{"floor":7.0,"key":"Turnip"},{"floor":9.0,"key":"Darkstone Periapt"},{"floor":13.0,"key":"Bag of Preparation"},{"floor":26.0,"key":"Juzu Bracelet"}],"event_choices":[{"cards_removed":["Strike_R"],"damage_healed":0.0,"max_hp_gain":0.0,"max_hp_loss":0.0,"gold_gain":0.0,"event_name":"Golden Wing","player_choice":"Card Removal","floor":2.0,"gold_loss":0.0,"damage_taken":7.0},{"damage_healed":0.0,"max_hp_gain":0.0,"max_hp_loss":0.0,"gold_gain":0.0,"event_name":"Scrap Ooze","player_choice":"Success","floor":4.0,"gold_loss":0.0,"damage_taken":18.0,"relics_obtained":["Strawberry"]},{"damage_healed":20.0,"max_hp_gain":0.0,"max_hp_loss":0.0,"gold_gain":0.0,"event_name":"The Cleric","player_choice":"Healed","floor":8.0,"gold_loss":35.0,"damage_taken":0.0},{"cards_removed":["Strike_R"],"damage_healed":0.0,"max_hp_gain":0.0,"max_hp_loss":0.0,"gold_gain":0.0,"event_name":"Living Wall","player_choice":"Forget","floor":10.0,"gold_loss":0.0,"damage_taken":0.0},{"damage_healed":0.0,"max_hp_gain":0.0,"max_hp_loss":0.0,"gold_gain":0.0,"cards_transformed":["Defend_R"],"event_name":"Transmorgrifier","player_choice":"Transformed","floor":11.0,"gold_loss":0.0,"damage_taken":0.0,"cards_obtained":["Heavy Blade"]},{"damage_healed":0.0,"max_hp_gain":0.0,"max_hp_loss":0.0,"gold_gain":0.0,"event_name":"WeMeetAgain","player_choice":"Gave Potion","floor":21.0,"gold_loss":0.0,"damage_taken":0.0,"relics_obtained":["Red Skull"]},{"damage_healed":0,"gold_gain":0,"player_choice":"Opened","damage_taken":0,"relics_obtained":["Tiny Chest"],"max_hp_gain":0,"max_hp_loss":0,"event_name":"The Mausoleum","floor":31,"gold_loss":0,"cards_obtained":["Writhe"]}],"is_beta":true,"boss_relics":[{"not_picked":["Empty Cage","Runic Dome"],"picked":"Velvet Choker"}],"items_purged_floors":[],"is_endless":false,"potions_floor_spawned":[3,5,7,14,19,20,28,29],"killed_by":"Automaton","ascension_level":15}