{"gold_per_floor":[131,218,250,273,304,316,328,350,438,465,213,238,249,262,262,365,365,379,390,407,154,165,165,184,184,184,10,10,10,10,25,25,129,129,148,198,248,262,63,63,63],"floor_reached":41,"playtime":2031,"items_purged":["Regret","Corruption","Searing Blow","Searing Blow"],"score":447,"play_id":"a22329fa-de2f-45c9-859e-91b6cd0cbf90","local_time":"20190209161711","is_ascension_mode":false,"campfire_choices":[{"data":"True Grit","floor":6.0,"key":"SMITH"},{"floor":15.0,"key":"REST"},{"data":"Uppercut","floor":23.0,"key":"SMITH"},{"data":"Demon Form","floor":25.0,"key":"SMITH"},{"floor":30.0,"key":"REST"},{"data":"Heavy Blade","floor":32,"key":"SMITH"},{"data":"Battle Trance","floor":40,"key":"SMITH"}],"neow_cost":"NONE","seed_source_timestamp":0,"circlet_count":0,"master_deck":["Bash","True Grit+1","Inflame","Disarm","Headbutt","Uppercut","Battle Trance+1","Dropkick","Shrug It Off","Impervious","Fiend Fire","Combust","Feed","Inflame","Dark Embrace","Heavy Blade+1","Uppercut+1","Whirlwind","Demon Form+1","True Grit+1","Madness+1","Madness+1","Flex+1","Flex+1"],"special_seed":0,"relics":["Burning Blood","MawBank","Unceasing Top","Letter Opener","Ancient Tea Set","Art of War","Pandora\u0027s Box","Orichalcum","Toxic Egg 2","SsserpentHead","Sozu","Kunai"],"potions_floor_usage":[33,41],"damage_taken":[{"damage":6.0,"enemies":"2 Louse","floor":1.0,"turns":3.0},{"damage":15.0,"enemies":"Jaw Worm","floor":3.0,"turns":5.0},{"damage":6.0,"enemies":"Cultist","floor":4.0,"turns":5.0},{"damage":21.0,"enemies":"Exordium Wildlife","floor":5.0,"turns":5.0},{"damage":22.0,"enemies":"2 Fungi Beasts","floor":8.0,"turns":6.0},{"damage":17.0,"enemies":"Looter","floor":10.0,"turns":4.0},{"damage":25.0,"enemies":"Lagavulin","floor":12.0,"turns":6.0},{"damage":3.0,"enemies":"3 Louse","floor":13.0,"turns":3.0},{"damage":12.0,"enemies":"Red Slaver","floor":14.0,"turns":4.0},{"damage":10.0,"enemies":"Slime Boss","floor":16.0,"turns":10.0},{"damage":33.0,"enemies":"Chosen","floor":18.0,"turns":7.0},{"damage":20.0,"enemies":"Shell Parasite","floor":19.0,"turns":5.0},{"damage":6.0,"enemies":"Snecko","floor":20.0,"turns":4.0},{"damage":8.0,"enemies":"Centurion and Healer","floor":22.0,"turns":5.0},{"damage":20.0,"enemies":"3 Cultists","floor":24.0,"turns":5.0},{"damage":3,"enemies":"Chosen and Byrds","floor":31,"turns":6},{"damage":48,"enemies":"Champ","floor":33,"turns":8},{"damage":10,"enemies":"3 Shapes","floor":35,"turns":3},{"damage":13,"enemies":"Orb Walker","floor":38,"turns":5},{"damage":81,"enemies":"Reptomancer","floor":41,"turns":4}],"seed_played":"-5280860370322694724","potions_obtained":[{"floor":3.0,"key":"Regen Potion"},{"floor":4.0,"key":"Block Potion"},{"floor":8.0,"key":"FearPotion"},{"floor":12.0,"key":"AttackPotion"},{"floor":14.0,"key":"GamblersBrew"},{"floor":18.0,"key":"Swift Potion"},{"floor":20.0,"key":"Fruit Juice"},{"floor":24.0,"key":"SteroidPotion"},{"floor":33,"key":"Explosive Potion"}],"is_trial":false,"path_per_floor":["M","?","M","M","M","R","?","M","T","M","$","E","M","M","R","B",null,"M","M","M","$","M","R","M","R","T","$","?","?","R","M","R","B",null,"M","T","?","M","$","R","E"],"character_chosen":"IRONCLAD","items_purchased":["Battle Trance","Ancient Tea Set","Orichalcum","True Grit+1","Flex+1"],"campfire_rested":2,"item_purchase_floors":[11,11,21,27,39],"current_hp_per_floor":[80,69,60,60,57,57,57,41,41,30,30,11,14,8,32,28,80,53,39,42,42,43,43,37,37,37,37,37,37,65,68,68,26,94,93,93,81,77,77,77,0],"gold":63,"neow_bonus":"RANDOM_COMMON_RELIC","is_prod":false,"is_daily":false,"chose_seed":false,"campfire_upgraded":5,"win_rate":0.0,"timestamp":1549725431,"path_taken":["M","?","M","M","M","R","?","M","T","M","$","E","M","M","R","BOSS","M","M","M","$","M","R","M","R","T","$","?","?","R","M","R","BOSS","M","?","?","M","$","R","E"],"build_version":"2019-01-23","purchased_purges":4,"victory":false,"max_hp_per_floor":[80,80,80,80,80,80,80,80,80,80,80,80,80,80,80,80,80,80,80,83,83,86,86,94,94,94,94,94,94,94,94,94,94,94,97,97,97,100,100,100,100],"card_choices":[{"not_picked":["Warcry","Heavy Blade"],"picked":"True Grit","floor":1.0},{"not_picked":["Shockwave","Pommel Strike"],"picked":"Inflame","floor":3.0},{"not_picked":["Spot Weakness","Anger"],"picked":"Disarm","floor":4.0},{"not_picked":["Searing Blow","Sword Boomerang","Corruption"],"picked":"SKIP","floor":5.0},{"not_picked":["Burning Pact","Clash"],"picked":"Headbutt","floor":8.0},{"not_picked":["Flex","Shockwave"],"picked":"Uppercut","floor":10.0},{"not_picked":["Pommel Strike","Reckless Charge"],"picked":"Dropkick","floor":12.0},{"not_picked":["Uppercut","Sword Boomerang"],"picked":"Shrug It Off","floor":13.0},{"not_picked":["Pommel Strike","Blood for Blood"],"picked":"Impervious","floor":14.0},{"not_picked":["Reaper","Brutality"],"picked":"Fiend Fire","floor":16.0},{"not_picked":["Anger","Twin Strike","Uppercut"],"picked":"SKIP","floor":18.0},{"not_picked":["Ghostly Armor","Clothesline"],"picked":"Whirlwind","floor":19.0},{"not_picked":["Shrug It Off","Iron Wave","Twin Strike+1"],"picked":"SKIP","floor":20.0},{"not_picked":["Second Wind","Bloodletting+1","Dropkick+1"],"picked":"SKIP","floor":22.0},{"not_picked":["Cleave+1","Flex"],"picked":"Demon Form","floor":24.0},{"not_picked":["Body Slam","Searing Blow","Clothesline+1"],"picked":"SKIP","floor":31},{"not_picked":["Body Slam","Iron Wave","Thunderclap+1"],"picked":"SKIP","floor":35},{"not_picked":["Wild Strike+1","Flame Barrier+1"],"picked":"Flex+1","floor":38}],"player_experience":31455,"relics_obtained":[{"floor":9.0,"key":"Letter Opener"},{"floor":12.0,"key":"Art of War"},{"floor":26.0,"key":"Toxic Egg 2"},{"floor":36,"key":"Kunai"}],"event_choices":[{"damage_healed":0.0,"max_hp_gain":0.0,"max_hp_loss":0.0,"gold_gain":75.0,"event_name":"World of Goop","player_choice":"Gather Gold","floor":2.0,"gold_loss":0.0,"damage_taken":11.0},{"damage_healed":0.0,"max_hp_gain":0.0,"max_hp_loss":0.0,"gold_gain":0.0,"event_name":"Big Fish","player_choice":"Box","floor":7.0,"gold_loss":0.0,"damage_taken":0.0,"relics_obtained":["Unceasing Top"],"cards_obtained":["Regret"]},{"damage_healed":0.0,"max_hp_gain":0.0,"max_hp_loss":0.0,"gold_gain":0.0,"event_name":"Beggar","player_choice":"Ignored","floor":28.0,"gold_loss":0.0,"damage_taken":0.0},{"damage_healed":0.0,"max_hp_gain":0.0,"max_hp_loss":0.0,"gold_gain":0.0,"event_name":"FaceTrader","player_choice":"Trade","floor":29.0,"gold_loss":0.0,"damage_taken":0.0,"relics_obtained":["SsserpentHead"]},{"damage_healed":0,"gold_gain":0,"player_choice":"Embrace Madness","damage_taken":12,"max_hp_gain":0,"max_hp_loss":0,"event_name":"Winding Halls","floor":37,"gold_loss":0,"cards_obtained":["Madness","Madness"]}],"is_beta":false,"boss_relics":[{"not_picked":["Snecko Eye","Runic Pyramid"],"picked":"Pandora\u0027s Box"},{"not_picked":["Tiny House","White Beast Statue"],"picked":"Sozu"}],"items_purged_floors":[11,21,27,39],"is_endless":false,"potions_floor_spawned":[3,4,8,12,14,18,20,24,33],"killed_by":"Reptomancer","ascension_level":0}