{"gold_per_floor":[116,116,41,51,1,1,25,25,52,68,87,97,97,121,121,240,240,258,277,296,396,396,396,89,89,89,104,104,129,129,4,4,135,135,155,173,173,198,217,217,217],"floor_reached":41,"playtime":2018,"items_purged":["Strike_B","Strike_B","Strike_B"],"score":435,"play_id":"65d23a54-cbb7-4c34-ac7c-a80ecf9f2ab5","local_time":"20180714112506","is_ascension_mode":false,"campfire_choices":[{"data":"Zap","floor":6.0,"key":"SMITH"},{"floor":8.0,"key":"REST"},{"floor":15.0,"key":"REST"},{"floor":23.0,"key":"REST"},{"floor":25.0,"key":"REST"},{"floor":30.0,"key":"REST"},{"floor":32.0,"key":"REST"},{"floor":40,"key":"REST"}],"neow_cost":"","seed_source_timestamp":0,"circlet_count":0,"master_deck":["Defend_B+1","Defend_B","Defend_B","Defend_B","Zap+1","Dualcast+1","Doom and Gloom","Compile Driver","White Noise","FTL","Hologram","Hologram","Genetic Algorithm","Core Surge","Redo","Chill+1","Cold Snap+1","Chill+1","Coolheaded","Echo Form","Leap","Seek"],"special_seed":0,"relics":["FrozenCore","Odd Mushroom","Omamori","Golden Idol","TheAbacus","Ancient Tea Set","Nuclear Battery"],"potions_floor_usage":[35,38,39],"damage_taken":[{"damage":0.0,"enemies":"2 Louse","floor":1.0,"turns":2.0},{"damage":1.0,"enemies":"Cultist","floor":4.0,"turns":3.0},{"damage":26.0,"floor":7.0,"turns":3.0},{"damage":0.0,"enemies":"Small Slimes","floor":10.0,"turns":2.0},{"damage":0.0,"enemies":"2 Fungi Beasts","floor":11.0,"turns":2.0},{"damage":0.0,"enemies":"Looter","floor":12.0,"turns":2.0},{"damage":4.0,"enemies":"3 Louse","floor":14.0,"turns":2.0},{"damage":0.0,"enemies":"Slime Boss","floor":16.0,"turns":6.0},{"damage":33.0,"enemies":"2 Thieves","floor":18.0,"turns":4.0},{"damage":14.0,"enemies":"3 Byrds","floor":19.0,"turns":5.0},{"damage":23.0,"enemies":"Centurion and Healer","floor":20.0,"turns":7.0},{"damage":14.0,"enemies":"Snake Plant","floor":27.0,"turns":3.0},{"damage":12.0,"enemies":"3 Cultists","floor":29.0,"turns":5.0},{"damage":35.0,"enemies":"Champ","floor":33.0,"turns":14.0},{"damage":6,"enemies":"Orb Walker","floor":35,"turns":4},{"damage":14,"enemies":"3 Shapes","floor":36,"turns":6},{"damage":24,"enemies":"3 Darklings","floor":38,"turns":4},{"damage":14,"enemies":"Sphere and 2 Shapes","floor":39,"turns":8},{"damage":56,"enemies":"Flame Bruiser 2 Orb","floor":41,"turns":2}],"seed_played":"2337339275147761279","potions_obtained":[{"floor":1.0,"key":"Block Potion"},{"floor":4.0,"key":"SteroidPotion"},{"floor":7.0,"key":"FocusPotion"},{"floor":14.0,"key":"Explosive Potion"},{"floor":19.0,"key":"Strength Potion"},{"floor":20.0,"key":"Strength Potion"},{"floor":27.0,"key":"SteroidPotion"},{"floor":33.0,"key":"AttackPotion"},{"floor":37,"key":"LiquidBronze"},{"floor":37,"key":"SteroidPotion"},{"floor":37,"key":"Strength Potion"},{"floor":38,"key":"Strength Potion"},{"floor":39,"key":"SteroidPotion"}],"is_trial":true,"path_per_floor":["M","?","$","M","?","R","?","R","T","M","M","M","?","M","R","B",null,"M","M","M","?","?","R","$","R","T","M","?","M","R","$","R","B",null,"M","M","?","M","M","R"],"character_chosen":"DEFECT","items_purchased":["TheAbacus"],"campfire_rested":7,"item_purchase_floors":[24],"current_hp_per_floor":[75,60,60,59,59,59,33,55,55,55,55,55,37,33,55,55,75,42,28,5,5,5,27,27,49,49,35,35,23,45,45,67,32,75,75,61,61,37,23,45,0],"gold":217,"neow_bonus":"","is_prod":false,"is_daily":false,"chose_seed":false,"campfire_upgraded":1,"win_rate":0,"timestamp":1531581906,"path_taken":["M","?","$","M","?","R","?","R","T","?","M","M","?","M","R","BOSS","M","M","?","?","?","R","$","R","T","M","?","M","R","?","R","BOSS","M","M","?","M","M","R","M"],"build_version":"2018-07-12","purchased_purges":3,"victory":false,"max_hp_per_floor":[75,75,75,75,75,75,75,75,75,75,75,75,75,75,75,75,75,75,75,75,75,75,75,75,75,75,75,75,75,75,75,75,75,75,75,75,75,75,75,75,75],"card_choices":[{"not_picked":["Steam","Loop"],"picked":"Doom and Gloom","floor":1.0},{"not_picked":["Streamline","Rip and Tear"],"picked":"Compile Driver","floor":4.0},{"not_picked":["Barrage","Chaos"],"picked":"White Noise","floor":7.0},{"not_picked":["Self Repair","Stack"],"picked":"FTL","floor":10.0},{"not_picked":["Reinforced Body","Streamline"],"picked":"Hologram","floor":11.0},{"not_picked":["Stack","Lockon"],"picked":"Hologram","floor":12.0},{"not_picked":["Ball Lightning","Biased Cognition"],"picked":"Genetic Algorithm","floor":14.0},{"not_picked":["Machine Learning","Thunder Strike"],"picked":"Core Surge","floor":16.0},{"not_picked":["Stack+1","Chaos"],"picked":"Redo","floor":18.0},{"not_picked":["Ball Lightning","Conserve Battery"],"picked":"Chill","floor":19.0},{"not_picked":["Ball Lightning","Barrage+1"],"picked":"Cold Snap+1","floor":20.0},{"not_picked":["Ball Lightning","Auto Shields"],"picked":"Chill+1","floor":27.0},{"not_picked":["Rebound+1","Compile Driver+1"],"picked":"Coolheaded","floor":29.0},{"not_picked":["Thunder Strike","Rainbow"],"picked":"Echo Form","floor":33.0},{"not_picked":["Ball Lightning+1","Barrage","Static Discharge+1"],"picked":"SKIP","floor":35},{"not_picked":["Steam","Ball Lightning+1","Skim+1"],"picked":"SKIP","floor":36},{"not_picked":["Barrage+1","Compile Driver+1"],"picked":"Leap","floor":38},{"not_picked":["Compile Driver","Go for the Eyes+1"],"picked":"Seek","floor":39}],"player_experience":1091160,"relics_obtained":[{"floor":7.0,"key":"Odd Mushroom"},{"floor":9.0,"key":"Omamori"},{"floor":26.0,"key":"Ancient Tea Set"}],"event_choices":[{"event_name":"Shining Light","player_choice":"Entered Light","floor":2.0,"damage_taken":0.0},{"event_name":"The Cleric","player_choice":"Card Removal","floor":5.0,"damage_taken":0.0},{"event_name":"Mushrooms","player_choice":"Fought Mushrooms","floor":7.0,"damage_taken":0.0},{"event_name":"Golden Idol","player_choice":"Take Damage","floor":13.0,"damage_taken":0.0},{"event_name":"Golden Shrine","player_choice":"Pray","floor":21.0,"damage_taken":0.0},{"event_name":"Accursed Blacksmith","player_choice":"Forge","floor":22.0,"damage_taken":0.0},{"event_name":"Ghosts","player_choice":"Ignored","floor":28.0,"damage_taken":0.0},{"event_name":"The Lab","player_choice":"Got Potions","floor":37,"damage_taken":0}],"boss_relics":[{"not_picked":["Snecko Eye","Eternal Feather"],"picked":"FrozenCore"},{"not_picked":["Runic Dome","Runic Pyramid"],"picked":"Nuclear Battery"}],"items_purged_floors":[3,24,31],"is_endless":true,"potions_floor_spawned":[1,4,7,12,14,19,20,27,33,38,39],"killed_by":"Flame Bruiser 2 Orb","ascension_level":0}