{"gold_per_floor":[111,124,138,150,161,190,190,206,506,541,18,18,44,64,64,166,166,177,137,187,6,16,49,62,62,62,62,11,11,25,25,25,122,122,133,152,152,6,106,106,124,104,127,127,92,92,103,123,123,123],"floor_reached":50,"playtime":2727,"items_purged":["Strike_G","Strike_G"],"score":604,"play_id":"17fa227c-f63c-458f-b35e-b94f8cd63885","local_time":"20181025150519","is_ascension_mode":true,"campfire_choices":[{"data":"Cloak And Dagger","floor":7.0,"key":"SMITH"},{"data":"Predator","floor":12.0,"key":"SMITH"},{"data":"Malaise","floor":15.0,"key":"SMITH"},{"floor":27.0,"key":"REST"},{"floor":29.0,"key":"REST"},{"data":"Thinking Ahead","floor":32.0,"key":"SMITH"},{"data":"1","floor":40.0,"key":"LIFT"},{"data":"2","floor":44.0,"key":"LIFT"},{"data":"Footwork","floor":49,"key":"SMITH"}],"neow_cost":"NONE","seed_source_timestamp":421034583572580,"circlet_count":0,"master_deck":["Defend_G","Defend_G","Defend_G","Defend_G","Defend_G","Strike_G","Strike_G","Strike_G","Survivor","Neutralize+1","Flying Knee","Cloak And Dagger+1","Well Laid Plans","Deadly Poison","Backflip+1","Blade Dance","Predator+1","Backstab","Thinking Ahead+1","Quick Slash","Malaise+1","Night Terror+1","Noxious Fumes+1","Footwork+1","Blur+1","Blur","Dodge and Roll+1","Bullet Time","Cloak And Dagger+1","PiercingWail","Accuracy","Backstab+1"],"special_seed":0,"relics":["Ring of the Serpent","Letter Opener","Old Coin","Pear","Lee\u0027s Waffle","Mango","Eternal Feather","Calipers","Bag of Preparation","War Paint","Girya","Blood Vial"],"potions_floor_usage":[47,47,48,50,50],"damage_taken":[{"damage":0.0,"enemies":"Cultist","floor":1.0,"turns":4.0},{"damage":0.0,"enemies":"Small Slimes","floor":2.0,"turns":3.0},{"damage":0.0,"enemies":"2 Louse","floor":3.0,"turns":3.0},{"damage":0.0,"enemies":"Looter","floor":4.0,"turns":3.0},{"damage":0.0,"enemies":"Exordium Thugs","floor":5.0,"turns":5.0},{"damage":12.0,"enemies":"Lagavulin","floor":6.0,"turns":7.0},{"damage":6.0,"enemies":"Large Slime","floor":8.0,"turns":5.0},{"damage":28.0,"enemies":"Gremlin Nob","floor":10.0,"turns":5.0},{"damage":7.0,"enemies":"3 Sentries","floor":13.0,"turns":6.0},{"damage":0.0,"enemies":"Blue Slaver","floor":14.0,"turns":1.0},{"damage":7.0,"enemies":"The Guardian","floor":16.0,"turns":11.0},{"damage":11.0,"enemies":"Shell Parasite","floor":18.0,"turns":7.0},{"damage":12.0,"enemies":"3 Byrds","floor":22.0,"turns":4.0},{"damage":46.0,"enemies":"Slavers","floor":23.0,"turns":8.0},{"damage":22.0,"enemies":"3 Cultists","floor":24.0,"turns":6.0},{"damage":8.0,"enemies":"Snake Plant","floor":30.0,"turns":5.0},{"damage":18.0,"enemies":"Automaton","floor":33.0,"turns":15.0},{"damage":0.0,"enemies":"3 Shapes","floor":35.0,"turns":6.0},{"damage":23.0,"enemies":"3 Darklings","floor":36.0,"turns":6.0},{"damage":0.0,"enemies":"Mind Bloom Boss Battle","floor":39.0,"turns":8.0},{"damage":3.0,"enemies":"Maw","floor":41.0,"turns":11.0},{"damage":13,"enemies":"Jaw Worm Horde","floor":47,"turns":6},{"damage":0,"enemies":"4 Shapes","floor":48,"turns":4},{"damage":116,"enemies":"Donu and Deca","floor":50,"turns":8}],"seed_played":"-6779512834898973073","potions_obtained":[{"floor":2.0,"key":"EssenceOfSteel"},{"floor":4.0,"key":"PowerPotion"},{"floor":5.0,"key":"SpeedPotion"},{"floor":8.0,"key":"AttackPotion"},{"floor":13.0,"key":"AttackPotion"},{"floor":22.0,"key":"Block Potion"},{"floor":24.0,"key":"Dexterity Potion"},{"floor":33.0,"key":"Energy Potion"},{"floor":39.0,"key":"Weak Potion"},{"floor":41.0,"key":"Block Potion"},{"floor":42.0,"key":"Poison Potion"},{"floor":47,"key":"SkillPotion"},{"floor":48,"key":"Swift Potion"}],"is_trial":false,"path_per_floor":["M","M","M","M","M","E","R","M","T","E","$","R","E","M","R","B",null,"M","?","?","$","M","E","M","?","T","R","$","R","M","$","R","B",null,"M","M","?","$","?","R","M","?","T","R","$","?","M","M","R"],"character_chosen":"THE_SILENT","items_purchased":["Lee\u0027s Waffle","Backstab","Thinking Ahead","Footwork","Block Potion","War Paint","Accuracy"],"campfire_rested":2,"item_purchase_floors":[11,11,11,21,28,38,45],"current_hp_per_floor":[70,70,70,70,70,58,58,52,52,34,87,87,94,94,94,87,101,90,90,90,90,78,32,10,10,10,55,55,100,92,92,101,83,101,101,78,78,78,78,96,93,93,93,101,101,96,83,85,96,0],"gold":123,"neow_bonus":"UPGRADE_CARD","is_prod":false,"is_daily":false,"chose_seed":false,"campfire_upgraded":5,"win_rate":0,"timestamp":1540497919,"path_taken":["M","M","M","M","M","E","R","M","T","E","$","R","E","?","R","BOSS","M","?","?","$","?","E","M","?","T","R","$","R","M","?","R","BOSS","M","M","?","$","?","R","M","?","T","R","$","?","M","M","R","BOSS"],"build_version":"2018-10-24","purchased_purges":2,"victory":false,"max_hp_per_floor":[70,70,70,70,70,70,70,70,70,80,87,87,101,101,101,101,101,101,101,101,101,101,101,101,101,101,101,101,101,101,101,101,101,101,101,101,101,101,101,101,101,101,101,101,101,96,96,96,96,96],"card_choices":[{"not_picked":["Riddle With Holes","Deadly Poison"],"picked":"Flying Knee","floor":1.0},{"not_picked":["Blade Dance","Quick Slash"],"picked":"Cloak And Dagger","floor":2.0},{"not_picked":["Acrobatics","Bane"],"picked":"Well Laid Plans","floor":3.0},{"not_picked":["Outmaneuver","Dodge and Roll"],"picked":"Deadly Poison","floor":4.0},{"not_picked":["Dagger Throw","Slice"],"picked":"Poisoned Stab","floor":5.0},{"not_picked":["PiercingWail","Eviscerate"],"picked":"Backflip","floor":6.0},{"not_picked":["Acrobatics","Catalyst"],"picked":"Blade Dance","floor":8.0},{"not_picked":["Tactician","Accuracy"],"picked":"Predator","floor":10.0},{"not_picked":["Cloak And Dagger","Setup"],"picked":"Quick Slash","floor":13.0},{"not_picked":["Underhanded Strike","Poisoned Stab"],"picked":"Malaise","floor":14.0},{"not_picked":["Burst","After Image"],"picked":"Night Terror","floor":16.0},{"not_picked":["Deadly Poison","Infinite Blades+1"],"picked":"Noxious Fumes","floor":18.0},{"not_picked":["Outmaneuver","Eviscerate"],"picked":"Blur+1","floor":22.0},{"not_picked":["Reflex+1","Night Terror","Predator"],"picked":"SKIP","floor":23.0},{"not_picked":["Dodge and Roll","Concentrate"],"picked":"Blur","floor":24.0},{"not_picked":["Masterful Stab","Dagger Throw"],"picked":"Dodge and Roll+1","floor":30.0},{"not_picked":["Malaise","Wraith Form v2"],"picked":"Bullet Time","floor":33.0},{"not_picked":["Poisoned Stab","Acrobatics+1","Dagger Throw+1"],"picked":"SKIP","floor":35.0},{"not_picked":["Bane+1","Backflip"],"picked":"Cloak And Dagger+1","floor":36.0},{"not_picked":["Dagger Spray","Night Terror"],"picked":"PiercingWail","floor":39.0},{"not_picked":["Acrobatics+1","Slice","Distraction"],"picked":"SKIP","floor":41.0},{"not_picked":["Sucker Punch","Distraction+1"],"picked":"Backstab+1","floor":47},{"not_picked":["Prepared+1","Quick Slash","Acrobatics"],"picked":"SKIP","floor":48}],"player_experience":469284,"relics_obtained":[{"floor":6.0,"key":"Letter Opener"},{"floor":9.0,"key":"Old Coin"},{"floor":10.0,"key":"Pear"},{"floor":13.0,"key":"Mango"},{"floor":23.0,"key":"Calipers"},{"floor":26.0,"key":"Bag of Preparation"},{"floor":39.0,"key":"Girya"},{"floor":43.0,"key":"Blood Vial"}],"event_choices":[{"damage_healed":0.0,"max_hp_gain":0.0,"max_hp_loss":0.0,"gold_gain":0.0,"event_name":"Designer","player_choice":"Upgrade","floor":19.0,"gold_loss":40.0,"damage_taken":0.0,"cards_upgraded":["Noxious Fumes"]},{"damage_healed":0.0,"max_hp_gain":0.0,"max_hp_loss":0.0,"gold_gain":100.0,"event_name":"The Joust","player_choice":"Bet on Murderer","floor":20.0,"gold_loss":50.0,"damage_taken":0.0},{"cards_removed":["Poisoned Stab"],"damage_healed":0.0,"max_hp_gain":0.0,"max_hp_loss":0.0,"gold_gain":0.0,"event_name":"Falling","player_choice":"Removed Attack","floor":37.0,"gold_loss":0.0,"damage_taken":0.0},{"damage_healed":0.0,"max_hp_gain":0.0,"max_hp_loss":0.0,"gold_gain":0.0,"event_name":"MindBloom","player_choice":"Fight","floor":39.0,"gold_loss":0.0,"damage_taken":0.0},{"damage_healed":0.0,"max_hp_gain":0.0,"max_hp_loss":0.0,"gold_gain":0.0,"event_name":"The Woman in Blue","player_choice":"Bought 1 Potion","floor":42.0,"gold_loss":0.0,"damage_taken":0.0},{"damage_healed":0.0,"max_hp_gain":0.0,"max_hp_loss":5.0,"gold_gain":0.0,"event_name":"Winding Halls","player_choice":"Max HP","floor":46.0,"gold_loss":0.0,"damage_taken":0.0}],"is_beta":true,"boss_relics":[{"not_picked":["Fusion Hammer","Ectoplasm"],"picked":"Eternal Feather"},{"not_picked":["Orrery","Pandora\u0027s Box"],"picked":"Ring of the Serpent"}],"items_purged_floors":[11,21],"is_endless":false,"potions_floor_spawned":[2,4,5,8,13,22,24,33,39,41,47,48],"killed_by":"Donu and Deca","ascension_level":3}