{"path_per_floor":["M","?","M","$","M","R","M","R","T","?","M","$","E","M","R","B",null,"M","$","M","M","M","E","R","M","T","M","?","?","?","M","R"],"character_chosen":"THE_SILENT","items_purchased":["Caltrops","Flash of Steel","Dodge and Roll","Adrenaline","Happy Flower"],"gold_per_floor":[118,293,304,43,58,58,69,69,69,69,79,2,31,41,41,141,141,156,9,27,47,64,96,96,108,161,176,176,176,176,187,187,187],"floor_reached":33,"campfire_rested":3,"playtime":2844,"item_purchase_floors":[4,4,4,12,19],"current_hp_per_floor":[70,70,70,70,70,70,66,66,66,71,63,63,50,47,69,49,75,61,61,61,44,39,20,52,42,42,42,42,42,35,35,69,0],"items_purged":["Doubt"],"gold":187,"score":271,"play_id":"75e75859-409f-426e-90ed-87db23122fe1","local_time":"20180525105327","is_prod":false,"is_daily":false,"chose_seed":false,"is_ascension_mode":false,"campfire_upgraded":2,"win_rate":0.0,"timestamp":1527260007,"campfire_choices":[{"data":"Caltrops","floor":6,"key":"SMITH"},{"data":"Flash of Steel","floor":8,"key":"SMITH"},{"floor":15,"key":"REST"},{"floor":24,"key":"REST"},{"floor":32,"key":"REST"}],"path_taken":["M","?","M","$","M","R","M","R","T","?","M","?","E","M","R","BOSS","M","$","M","M","M","E","R","M","T","M","?","?","?","M","R","BOSS"],"build_version":"2018-05-24","seed_source_timestamp":370041602221172,"purchased_purges":1,"victory":false,"master_deck":["Defend_G","Defend_G","Defend_G","Defend_G","Defend_G","Strike_G","Strike_G","Strike_G","Strike_G","Strike_G","Survivor","Neutralize","Deflect","Predator","Caltrops+1","Flash of Steel+1","Dodge and Roll","All Out Attack","Predator","Flying Knee","Adrenaline","Flying Knee","All Out Attack","Phantasmal Killer+1","Cloak And Dagger+1","Blur","Dagger Throw+1","Backflip+1","Acrobatics","Endless Agony","Choke+1","Writhe","Dagger Spray+1"],"max_hp_per_floor":[70,70,70,70,70,70,70,70,70,75,75,75,75,75,75,75,75,75,75,75,75,75,75,75,75,75,75,75,75,75,75,75,75],"relics":["Ring of the Snake","NeowsBlessing","Snake Skull","Tough Bandages","Eternal Feather","Happy Flower","Lantern","Vajra","Oddly Smooth Stone"],"card_choices":[{"not_picked":["Prepared","Dodge and Roll"],"picked":"Deflect","floor":1},{"not_picked":["Expertise","PiercingWail"],"picked":"Predator","floor":3},{"not_picked":["Cloak And Dagger","Catalyst"],"picked":"All Out Attack","floor":5},{"not_picked":["Outmaneuver","Slice"],"picked":"Predator","floor":7},{"not_picked":["Riddle With Holes","Bane"],"picked":"Flying Knee","floor":11},{"not_picked":["Prepared","Calculated Gamble"],"picked":"Flying Knee","floor":13},{"not_picked":["Well Laid Plans","Poisoned Stab"],"picked":"All Out Attack","floor":14},{"not_picked":["Adrenaline","Envenom"],"picked":"Phantasmal Killer","floor":16},{"not_picked":["Poisoned Stab","Prepared"],"picked":"Cloak And Dagger+1","floor":18},{"not_picked":["Cloak And Dagger","Flying Knee"],"picked":"Blur","floor":20},{"not_picked":["Infinite Blades+1","Accuracy"],"picked":"Dagger Throw+1","floor":21},{"not_picked":["PiercingWail","Quick Slash+1"],"picked":"Backflip+1","floor":22},{"not_picked":["Heel Hook","Cloak And Dagger"],"picked":"Acrobatics","floor":23},{"not_picked":["Tools of the Trade","Dodge and Roll"],"picked":"Endless Agony","floor":25},{"not_picked":["Blade Dance","Acrobatics"],"picked":"Choke+1","floor":27},{"not_picked":["Acrobatics+1","Prepared+1"],"picked":"Dagger Spray+1","floor":31}],"player_experience":132652,"potions_floor_usage":[13,16,16,18,21,22,25,31],"damage_taken":[{"damage":0,"enemies":"Small Slimes","floor":1,"turns":1},{"damage":0,"enemies":"2 Louse","floor":3,"turns":1},{"damage":0,"enemies":"Cultist","floor":5,"turns":1},{"damage":4,"enemies":"2 Fungi Beasts","floor":7,"turns":3},{"damage":8,"enemies":"Blue Slaver","floor":11,"turns":3},{"damage":13,"enemies":"Lagavulin","floor":13,"turns":5},{"damage":3,"enemies":"Red Slaver","floor":14,"turns":3},{"damage":20,"enemies":"Hexaghost","floor":16,"turns":8},{"damage":14,"enemies":"Shell Parasite","floor":18,"turns":5},{"damage":0,"enemies":"Chosen","floor":20,"turns":5},{"damage":17,"enemies":"Centurion and Healer","floor":21,"turns":6},{"damage":5,"enemies":"Slaver and Parasite","floor":22,"turns":5},{"damage":19,"enemies":"Book of Stabbing","floor":23,"turns":5},{"damage":10,"enemies":"Snake Plant","floor":25,"turns":5},{"damage":0,"enemies":"Centurion and Healer","floor":27,"turns":5},{"damage":0,"enemies":"3 Cultists","floor":31,"turns":3},{"damage":76,"enemies":"Automaton","floor":33,"turns":8}],"relics_obtained":[{"floor":9,"key":"Snake Skull"},{"floor":13,"key":"Tough Bandages"},{"floor":23,"key":"Lantern"},{"floor":26,"key":"Vajra"}],"event_choices":[{"event_name":"Liars Game","player_choice":"agreed","floor":2,"damage_taken":0},{"event_name":"Big Fish","player_choice":"Donut","floor":10,"damage_taken":0},{"event_name":"The Mausoleum","player_choice":"Yes","floor":28,"damage_taken":0},{"event_name":"Upgrade Shrine","player_choice":"Upgraded","floor":29,"damage_taken":0},{"event_name":"Wheel of Change","player_choice":"Damage","floor":30,"damage_taken":0}],"boss_relics":[{"not_picked":["Velvet Choker","Calling Bell"],"picked":"Eternal Feather"}],"items_purged_floors":[4],"potions_floor_spawned":[3,5,14,16,20,21,23,27],"seed_played":"-6374104449638823223","killed_by":"Automaton","ascension_level":0,"potions_obtained":[{"floor":3,"key":"Weak Potion"},{"floor":5,"key":"SkillPotion"},{"floor":14,"key":"Energy Potion"},{"floor":16,"key":"Weak Potion"},{"floor":20,"key":"PowerPotion"},{"floor":21,"key":"Fire Potion"},{"floor":23,"key":"Block Potion"},{"floor":27,"key":"LiquidBronze"}],"is_trial":false}