{"path_per_floor":["M","?","M","M","?","R","M","M","T","E","?","M","$","M","R","B",null,"M","M","?","$","?","E","R"],"character_chosen":"THE_SILENT","items_purchased":["Apotheosis","Finesse","All Out Attack"],"gold_per_floor":[119,119,136,147,222,222,235,255,336,370,370,383,4,27,27,158,196,220,210,135,100,250,294,294,294],"floor_reached":25,"campfire_rested":3,"playtime":1600,"item_purchase_floors":[13,13,21],"current_hp_per_floor":[62,62,62,62,51,70,57,57,57,60,60,47,47,47,72,31,89,89,69,69,69,69,16,42,0],"items_purged":["Strike_G"],"gold":294,"score":259,"play_id":"0496e7ac-95dc-4690-ba0c-864e06bfdea0","local_time":"20180609220804","is_prod":false,"is_daily":false,"chose_seed":false,"is_ascension_mode":true,"campfire_upgraded":0,"win_rate":0,"timestamp":1528596484,"campfire_choices":[{"floor":6,"key":"REST"},{"floor":15,"key":"REST"},{"floor":24,"key":"REST"}],"path_taken":["M","?","M","M","?","R","M","M","T","E","?","M","$","M","R","BOSS","M","M","?","$","?","E","R","M"],"build_version":"2018-06-07v3","seed_source_timestamp":269249077595352,"purchased_purges":1,"victory":false,"master_deck":["Defend_G","Defend_G","Defend_G","Defend_G","Defend_G","Strike_G","Strike_G+1","Survivor","Neutralize","Footwork","All Out Attack","Caltrops","Slice","Choke","Underhanded Strike","Caltrops","Acrobatics","Noxious Fumes","Apotheosis","Finesse","Predator","Burst","PiercingWail","Choke","Footwork+1","All Out Attack","Wraith Form v2"],"max_hp_per_floor":[70,70,70,70,70,70,70,70,70,84,84,84,84,84,84,84,89,89,89,89,89,89,89,89,89],"relics":["Ring of the Snake","Matryoshka","Mango","Golden Idol","Tiny House","Singing Bowl"],"card_choices":[{"not_picked":["Concentrate","Dodge and Roll"],"picked":"All Out Attack","floor":1},{"not_picked":["Bane","Underhanded Strike"],"picked":"Slice","floor":3},{"not_picked":["Distraction","Cloak And Dagger"],"picked":"Choke","floor":4},{"not_picked":["Slice","Acrobatics"],"picked":"Underhanded Strike","floor":7},{"not_picked":["Flying Knee","Outmaneuver"],"picked":"Caltrops","floor":8},{"not_picked":["Bane","Backflip"],"picked":"Acrobatics","floor":10},{"not_picked":["Quick Slash","Eviscerate"],"picked":"Noxious Fumes","floor":12},{"not_picked":["Cloak And Dagger","Phantasmal Killer"],"picked":"Predator","floor":14},{"not_picked":["Doppelganger","Grand Finale"],"picked":"Burst","floor":16},{"not_picked":["Underhanded Strike","Well Laid Plans"],"picked":"PiercingWail","floor":17},{"not_picked":["Blade Dance","Sucker Punch"],"picked":"Choke","floor":18},{"not_picked":["Dodge and Roll","Distraction"],"picked":"Footwork+1","floor":19},{"not_picked":["Acrobatics+1","Dodge and Roll+1"],"picked":"Wraith Form v2","floor":23}],"player_experience":447335,"potions_floor_usage":[10,16,18,23,25,25],"damage_taken":[{"damage":8,"enemies":"2 Louse","floor":1,"turns":5},{"damage":0,"enemies":"Small Slimes","floor":3,"turns":3},{"damage":0,"enemies":"Jaw Worm","floor":4,"turns":5},{"damage":13,"enemies":"Large Slime","floor":7,"turns":7},{"damage":0,"enemies":"Exordium Wildlife","floor":8,"turns":2},{"damage":11,"enemies":"Gremlin Nob","floor":10,"turns":4},{"damage":13,"enemies":"Looter","floor":12,"turns":3},{"damage":0,"enemies":"3 Louse","floor":14,"turns":3},{"damage":41,"enemies":"The Guardian","floor":16,"turns":8},{"damage":0,"enemies":"3 Byrds","floor":18,"turns":3},{"damage":20,"enemies":"2 Thieves","floor":19,"turns":4},{"damage":53,"enemies":"Slavers","floor":23,"turns":5},{"damage":44,"enemies":"Cultist and Chosen","floor":25,"turns":5}],"relics_obtained":[{"floor":9,"key":"Matryoshka"},{"floor":10,"key":"Mango"},{"floor":23,"key":"Singing Bowl"}],"event_choices":[{"event_name":"Living Wall","player_choice":"Change","floor":2,"damage_taken":0},{"event_name":"World of Goop","player_choice":"Gather Gold","floor":5,"damage_taken":0},{"event_name":"Golden Idol","player_choice":"Take Wound","floor":11,"damage_taken":0},{"event_name":"Beggar","player_choice":"Gave Gold","floor":20,"damage_taken":0},{"event_name":"Nest","player_choice":"Stole From Cult","floor":22,"damage_taken":0}],"boss_relics":[{"not_picked":["Ectoplasm","Snecko Eye"],"picked":"Tiny House"}],"items_purged_floors":[13],"potions_floor_spawned":[1,8,14,16,18,23],"seed_played":"65781441331565354","killed_by":"Cultist and Chosen","ascension_level":1,"potions_obtained":[{"floor":1,"key":"GamblersBrew"},{"floor":8,"key":"EssenceOfSteel"},{"floor":14,"key":"Poison Potion"},{"floor":16,"key":"Explosive Potion"},{"floor":17,"key":"EntropicBrew"},{"floor":18,"key":"SpeedPotion"},{"floor":23,"key":"Energy Potion"}],"is_trial":false}