{"gold_per_floor":[110,123,138,138,153,153,153,178,204,204,225,250,250,250,250,376,439,453,474,474,498,71,71,17,17,42,42,57,102,126,151,151,151],"floor_reached":33,"playtime":1588,"items_purged":[],"score":287,"play_id":"3b4fe3ea-3457-4501-965b-8c4e9ea35dde","local_time":"20190206221404","is_ascension_mode":true,"campfire_choices":[{"data":"Cloak And Dagger","floor":6,"key":"SMITH"},{"floor":10,"key":"REST"},{"floor":13,"key":"REST"},{"data":"Acrobatics","floor":15,"key":"SMITH"},{"floor":23,"key":"REST"},{"floor":27,"key":"REST"},{"floor":32,"key":"REST"}],"neow_cost":"NONE","seed_source_timestamp":2192765953589354,"circlet_count":0,"master_deck":["Defend_G","Defend_G","Defend_G","Defend_G","Defend_G","Strike_G","Strike_G","Strike_G","Strike_G","Strike_G+1","Survivor","Neutralize+1","Outmaneuver+1","Dash+1","Cloak And Dagger+1","Caltrops","Acrobatics+1","Deadly Poison+1","Escape Plan+1","A Thousand Cuts","Poisoned Stab","Well Laid Plans","Dodge and Roll","A Thousand Cuts","Well Laid Plans+1","Noxious Fumes","Cloak And Dagger","Cloak And Dagger","Blade Dance","Burst"],"relics":["Ring of the Snake","Golden Idol","Whetstone","Ginger","Tiny House","Happy Flower","TwistedFunnel","Centennial Puzzle","War Paint"],"potions_floor_usage":[16,25,31,33,33],"damage_taken":[{"damage":2,"enemies":"Cultist","floor":1,"turns":5},{"damage":0,"enemies":"2 Louse","floor":2,"turns":3},{"damage":2,"enemies":"Jaw Worm","floor":3,"turns":3},{"damage":5,"enemies":"Blue Slaver","floor":5,"turns":4},{"damage":1,"enemies":"Gremlin Gang","floor":8,"turns":6},{"damage":0,"enemies":"Exordium Thugs","floor":11,"turns":5},{"damage":13,"enemies":"Large Slime","floor":12,"turns":6},{"damage":28,"enemies":"Hexaghost","floor":16,"turns":10},{"damage":13,"enemies":"Chosen","floor":18,"turns":5},{"damage":31,"enemies":"Spheric Guardian","floor":19,"turns":6},{"damage":22,"enemies":"Chosen and Byrds","floor":21,"turns":6},{"damage":0,"enemies":"Slavers","floor":25,"turns":1},{"damage":16,"enemies":"Snake Plant","floor":28,"turns":4},{"damage":23,"enemies":"Centurion and Healer","floor":30,"turns":7},{"damage":10,"enemies":"Snecko","floor":31,"turns":4},{"damage":33,"enemies":"Automaton","floor":33,"turns":6}],"seed_played":"-3175652663537826901","potions_obtained":[{"floor":5,"key":"PowerPotion"},{"floor":8,"key":"Regen Potion"},{"floor":12,"key":"Explosive Potion"},{"floor":16,"key":"GamblersBrew"},{"floor":17,"key":"SmokeBomb"},{"floor":31,"key":"PowerPotion"}],"is_trial":false,"path_per_floor":["M","M","M","?","M","R","?","M","T","R","M","M","R","T","R","B",null,"M","M","?","M","$","R","$","E","T","R","M","T","M","M","R","B"],"character_chosen":"THE_SILENT","items_purchased":["Happy Flower","TwistedFunnel","Noxious Fumes","Cloak And Dagger"],"campfire_rested":5,"item_purchase_floors":[22,22,22,24],"current_hp_per_floor":[68,68,66,66,61,61,44,43,43,64,64,51,70,70,70,52,75,62,31,31,9,9,31,31,31,31,53,37,37,14,4,26,0],"gold":151,"neow_bonus":"UPGRADE_CARD","is_prod":false,"is_daily":false,"chose_seed":false,"campfire_upgraded":2,"win_rate":0,"timestamp":1549462444,"path_taken":["M","?","M","?","M","R","?","M","T","R","M","M","R","?","R","BOSS","M","M","?","?","$","R","$","E","T","R","M","?","M","M","R","BOSS"],"build_version":"2019-01-23","purchased_purges":0,"victory":false,"max_hp_per_floor":[70,70,70,70,70,70,70,70,70,70,70,70,70,70,70,70,75,75,75,75,75,75,75,75,75,75,75,75,75,75,75,75,75],"card_choices":[{"not_picked":["Slice","Masterful Stab"],"picked":"Outmaneuver","floor":1},{"not_picked":["Outmaneuver","Reflex"],"picked":"Dash","floor":2},{"not_picked":["Catalyst","Slice"],"picked":"Cloak And Dagger","floor":3},{"not_picked":["Underhanded Strike","Accuracy"],"picked":"Caltrops","floor":5},{"not_picked":["Blade Dance","Unload"],"picked":"Acrobatics","floor":8},{"not_picked":["Choke","Slice"],"picked":"Deadly Poison","floor":11},{"not_picked":["Expertise","Prepared"],"picked":"Escape Plan","floor":12},{"not_picked":["Unload","After Image"],"picked":"A Thousand Cuts","floor":16},{"not_picked":["Dagger Spray","Flechettes"],"picked":"Poisoned Stab","floor":17},{"not_picked":["Blade Dance","Outmaneuver"],"picked":"Well Laid Plans","floor":18},{"not_picked":["Poisoned Stab","Skewer"],"picked":"Dodge and Roll","floor":19},{"not_picked":["Prepared","Deflect"],"picked":"Well Laid Plans+1","floor":21},{"not_picked":["Bane","Slice+1"],"picked":"Cloak And Dagger","floor":28},{"not_picked":["Concentrate","Setup"],"picked":"Blade Dance","floor":30},{"not_picked":["Prepared","Dagger Spray"],"picked":"Burst","floor":31}],"player_experience":50399,"relics_obtained":[{"floor":9,"key":"Whetstone"},{"floor":14,"key":"Ginger"},{"floor":26,"key":"Centennial Puzzle"},{"floor":29,"key":"War Paint"}],"event_choices":[{"damage_healed":0,"gold_gain":0,"player_choice":"Leave","damage_taken":0,"max_hp_gain":0,"max_hp_loss":0,"event_name":"The Cleric","floor":4,"gold_loss":0},{"damage_healed":0,"gold_gain":0,"player_choice":"Take Damage","damage_taken":17,"relics_obtained":["Golden Idol"],"max_hp_gain":0,"max_hp_loss":0,"event_name":"Golden Idol","floor":7,"gold_loss":0},{"damage_healed":0,"gold_gain":0,"player_choice":"Copied","damage_taken":0,"max_hp_gain":0,"max_hp_loss":0,"event_name":"Duplicator","floor":20,"gold_loss":0,"cards_obtained":["A Thousand Cuts"]}],"is_beta":false,"boss_relics":[{"not_picked":["Cursed Key","Coffee Dripper"],"picked":"Tiny House"}],"items_purged_floors":[],"is_endless":false,"potions_floor_spawned":[5,8,12,16,19,25,31],"killed_by":"Automaton","ascension_level":2}