{"path_per_floor":["M","M","M","M","M","R","E","R","T","?","M","M","M","M","R","B",null,"M","$","?","$","M","E","M","$","T","R","?","M","R","?","R"],"character_chosen":"IRONCLAD","items_purchased":["Boot","Lantern","Cleave"],"gold_per_floor":[112,132,143,154,170,170,197,197,223,223,242,257,272,291,291,389,389,405,256,181,24,41,68,84,32,32,32,32,48,48,48,48,48],"floor_reached":33,"campfire_rested":3,"playtime":2651,"item_purchase_floors":[19,21,25],"current_hp_per_floor":[80,80,80,79,80,80,72,72,72,72,78,80,80,78,78,21,80,66,66,66,66,72,32,26,26,26,50,50,31,55,55,79,0],"items_purged":[],"gold":48,"score":271,"play_id":"9d79edcd-b7d3-4f7b-ad0a-2397200f7c75","local_time":"20180529200006","is_prod":false,"is_daily":false,"chose_seed":false,"is_ascension_mode":false,"campfire_upgraded":3,"win_rate":0,"timestamp":1527638406,"campfire_choices":[{"data":"Armaments","floor":6,"key":"SMITH"},{"data":"Shrug It Off","floor":8,"key":"SMITH"},{"data":"Heavy Blade","floor":15,"key":"SMITH"},{"floor":27,"key":"REST"},{"floor":30,"key":"REST"},{"floor":32,"key":"REST"}],"path_taken":["M","M","M","M","M","R","E","R","T","?","M","M","M","M","R","BOSS","M","$","?","$","M","E","M","?","T","R","?","M","R","?","R","BOSS"],"build_version":"2018-05-24","seed_source_timestamp":184228391882321,"purchased_purges":0,"victory":false,"master_deck":["Strike_R+1","Strike_R+1","Strike_R+1","Strike_R+1","Defend_R+1","Defend_R+1","Defend_R+1","Bash+1","Inflame","Power Through","Armaments+1","Anger","Shrug It Off+1","Reckless Charge","Infernal Blade","Cleave","Thunderclap","Heavy Blade","Heavy Blade+1","Feed","Flex+1","Pommel Strike","Pommel Strike+1","Power Through","Cleave","Spot Weakness"],"max_hp_per_floor":[80,80,80,80,80,80,80,80,80,80,80,80,80,80,80,80,80,80,80,80,80,80,83,83,83,83,83,83,83,83,83,83,83],"relics":["Burning Blood","Gremlin Horn","Potion Belt","White Beast Statue","Boot","Lantern","Happy Flower","Unceasing Top"],"card_choices":[{"not_picked":["Combust","Havoc"],"picked":"Inflame","floor":1},{"not_picked":["Anger","Headbutt"],"picked":"Power Through","floor":2},{"not_picked":["Anger","Rupture"],"picked":"Armaments","floor":3},{"not_picked":["Body Slam","Sword Boomerang"],"picked":"Anger","floor":4},{"not_picked":["Warcry","Headbutt"],"picked":"Shrug It Off","floor":5},{"not_picked":["Fiend Fire","Bloodletting"],"picked":"Reckless Charge","floor":7},{"not_picked":["Intimidate","Wild Strike"],"picked":"Cleave","floor":11},{"not_picked":["Shrug It Off","Clothesline"],"picked":"Thunderclap","floor":12},{"not_picked":["Searing Blow","Anger"],"picked":"Heavy Blade","floor":13},{"not_picked":["Feel No Pain","Thunderclap"],"picked":"Heavy Blade","floor":14},{"not_picked":["Exhume","Berserk"],"picked":"Feed","floor":16},{"not_picked":["Carnage","Havoc"],"picked":"Flex+1","floor":18},{"not_picked":["Exhume","Sword Boomerang"],"picked":"Pommel Strike","floor":22},{"not_picked":["Second Wind","Bloodletting+1"],"picked":"Pommel Strike+1","floor":23},{"not_picked":["Clash","Bloodletting"],"picked":"Power Through","floor":24},{"not_picked":["Havoc","Cleave+1"],"picked":"Spot Weakness","floor":29}],"player_experience":198720,"potions_floor_usage":[7,7,16,16,23,24,29,33,33],"damage_taken":[{"damage":5,"enemies":"Small Slimes","floor":1,"turns":3},{"damage":6,"enemies":"Cultist","floor":2,"turns":3},{"damage":0,"enemies":"Jaw Worm","floor":3,"turns":5},{"damage":7,"enemies":"3 Louse","floor":4,"turns":5},{"damage":0,"enemies":"Large Slime","floor":5,"turns":6},{"damage":14,"enemies":"Gremlin Nob","floor":7,"turns":3},{"damage":0,"enemies":"Looter","floor":11,"turns":3},{"damage":0,"enemies":"3 Louse","floor":12,"turns":2},{"damage":1,"enemies":"Blue Slaver","floor":13,"turns":3},{"damage":8,"enemies":"Exordium Wildlife","floor":14,"turns":5},{"damage":63,"enemies":"The Guardian","floor":16,"turns":9},{"damage":20,"enemies":"3 Byrds","floor":18,"turns":5},{"damage":0,"enemies":"Chosen","floor":22,"turns":2},{"damage":64,"enemies":"Slavers","floor":23,"turns":7},{"damage":12,"enemies":"Centurion and Healer","floor":24,"turns":4},{"damage":25,"enemies":"Slaver and Parasite","floor":29,"turns":5},{"damage":79,"enemies":"Automaton","floor":33,"turns":8}],"relics_obtained":[{"floor":7,"key":"Gremlin Horn"},{"floor":9,"key":"Potion Belt"},{"floor":23,"key":"Happy Flower"},{"floor":26,"key":"Unceasing Top"}],"event_choices":[{"event_name":"Transmorgrifier","player_choice":"Transform","floor":10,"damage_taken":0},{"event_name":"Beggar","player_choice":"Gave Gold","floor":20,"damage_taken":0},{"event_name":"Ghosts","player_choice":"Ignored","floor":28,"damage_taken":0},{"event_name":"Back to Basics","player_choice":"Simplicity","floor":31,"damage_taken":0}],"boss_relics":[{"not_picked":["Ectoplasm","Snecko Eye"],"picked":"White Beast Statue"}],"items_purged_floors":[],"potions_floor_spawned":[1,5,11,13,18,22,23,24,29],"seed_played":"-907604228442962514","killed_by":"Automaton","ascension_level":0,"potions_obtained":[{"floor":1,"key":"SteroidPotion"},{"floor":5,"key":"Strength Potion"},{"floor":11,"key":"Poison Potion"},{"floor":13,"key":"GamblersBrew"},{"floor":18,"key":"Dexterity Potion"},{"floor":22,"key":"Regen Potion"},{"floor":23,"key":"Fire Potion"},{"floor":24,"key":"Fire Potion"},{"floor":29,"key":"SkillPotion"}],"is_trial":false}