{"gold_per_floor":[115,115,80,8,18,18,53,77,140,166,193,219,244,290,302,413,425,449,166,186,201,201,201,212,222,222,222,237,255,9,21,21,121,121,135,94,109,120,138,138,170,170,217,242,242,254,5,5,5,5],"floor_reached":51,"playtime":1572,"items_purged":[],"score":850,"play_id":"2e3eaa0a-6d9e-4a0a-a56d-61f6976e8a17","local_time":"20180724160530","daily_mods":["Heirloom","Cursed Run","Vintage"],"is_ascension_mode":false,"campfire_choices":[{"data":"Neutralize","floor":6,"key":"SMITH"},{"data":"Poisoned Stab","floor":15,"key":"SMITH"},{"data":"Catalyst","floor":23,"key":"SMITH"},{"data":"Noxious Fumes","floor":32,"key":"SMITH"},{"data":"Poisoned Stab","floor":40,"key":"SMITH"},{"data":"Malaise","floor":42,"key":"SMITH"},{"floor":49,"key":"REST"}],"neow_cost":"","seed_source_timestamp":0,"circlet_count":0,"master_deck":["Survivor","Neutralize+1","Dash+1","Poisoned Stab+1","Doubt","Poisoned Stab+1","Pain","After Image","Catalyst+1","Caltrops+1","Deflect+1","Noxious Fumes+1","Catalyst+1","Clumsy","After Image","Parasite","Malaise+1","Slice","Distraction","Predator","Dagger Spray","Flying Knee","Setup","Poisoned Stab+1","Blur+1","Finisher+1","Mind Blast+1"],"relics":["Cursed Key","Darkstone Periapt","Du-Vu Doll","Bird Faced Urn","Art of War","Letter Opener","MawBank","Ancient Tea Set","Juzu Bracelet","Sundial","Ginger","Centennial Puzzle","Blue Candle","Snake Skull","Dodecahedron","Astrolabe","Meat on the Bone","Bag of Preparation","Orichalcum","The Courier","Ninja Scroll","Bronze Scales","Bottled Lightning","The Specimen","Whetstone","Ice Cream","Kunai","Mercury Hourglass","Pandora\u0027s Box","Pen Nib","Toxic Egg 2","Turnip","Smiling Mask","Omamori","Blood Vial","Strawberry","Vajra","Molten Egg 2"],"potions_floor_usage":[7,50,50,50],"damage_taken":[{"damage":9,"enemies":"Jaw Worm","floor":1,"turns":6},{"damage":0,"enemies":"2 Louse","floor":5,"turns":3},{"damage":5,"enemies":"Lagavulin","floor":7,"turns":10},{"damage":0,"enemies":"Cultist","floor":8,"turns":3},{"damage":0,"enemies":"Exordium Thugs","floor":10,"turns":3},{"damage":0,"enemies":"Looter","floor":11,"turns":3},{"damage":0,"enemies":"Gremlin Gang","floor":12,"turns":4},{"damage":0,"enemies":"Exordium Thugs","floor":13,"turns":4},{"damage":4,"enemies":"3 Sentries","floor":14,"turns":7},{"damage":22,"enemies":"Slime Boss","floor":16,"turns":12},{"damage":1,"enemies":"Chosen","floor":18,"turns":3},{"damage":1,"enemies":"Spheric Guardian","floor":20,"turns":3},{"damage":1,"enemies":"Snake Plant","floor":21,"turns":2},{"damage":14,"enemies":"Sentry and Sphere","floor":24,"turns":5},{"damage":1,"enemies":"Snecko","floor":25,"turns":2},{"damage":8,"enemies":"Snake Plant","floor":28,"turns":2},{"damage":2,"enemies":"Chosen and Byrds","floor":29,"turns":3},{"damage":2,"enemies":"Cultist and Chosen","floor":31,"turns":3},{"damage":12,"enemies":"Champ","floor":33,"turns":6},{"damage":0,"enemies":"3 Shapes","floor":35,"turns":2},{"damage":0,"enemies":"Orb Walker","floor":37,"turns":1},{"damage":20,"enemies":"Spire Growth","floor":38,"turns":4},{"damage":18,"enemies":"3 Darklings","floor":39,"turns":3},{"damage":5,"enemies":"2 Orb Walkers","floor":41,"turns":3},{"damage":4,"enemies":"Nemesis","floor":44,"turns":5},{"damage":6,"enemies":"4 Shapes","floor":46,"turns":3},{"damage":53,"enemies":"Time Eater","floor":50,"turns":9}],"seed_played":"4407249877239365288","potions_obtained":[{"floor":1,"key":"Fire Potion"},{"floor":11,"key":"Regen Potion"},{"floor":13,"key":"GamblersBrew"},{"floor":14,"key":"Ancient Potion"},{"floor":29,"key":"FearPotion"}],"is_trial":true,"path_per_floor":["M","?","?","$","M","R","E","M","T","M","M","M","M","E","R","B",null,"M","$","M","M","?","R","M","M","T","?","M","M","$","M","R","B",null,"M","$","M","M","M","R","E","R","T","E","?","M","$","?","R","B"],"character_chosen":"THE_SILENT","items_purchased":["Dash","Bag of Preparation","Noxious Fumes","Catalyst","Ice Cream","Poisoned Stab","Molten Egg 2","Finisher+1"],"campfire_rested":1,"item_purchase_floors":[4,19,19,19,30,36,47,47],"current_hp_per_floor":[61,54,70,70,70,70,65,65,71,71,71,71,71,67,67,51,82,82,82,82,82,82,82,70,71,77,77,69,73,73,73,73,75,94,94,94,94,76,62,62,63,63,63,74,74,76,76,66,96,51],"gold":5,"neow_bonus":"","is_prod":false,"is_daily":false,"chose_seed":false,"campfire_upgraded":6,"win_rate":0,"timestamp":1532441130,"path_taken":["M","?","?","$","?","R","E","M","T","M","M","M","M","E","R","BOSS","M","$","M","M","?","R","M","M","T","?","M","M","$","M","R","BOSS","M","$","M","M","M","R","E","R","T","E","?","M","$","?","R","BOSS"],"build_version":"2018-07-19v2","purchased_purges":0,"victory":true,"max_hp_per_floor":[70,70,70,70,70,70,70,70,76,76,76,76,76,76,76,82,82,82,82,82,82,82,82,82,82,88,88,88,88,88,88,88,94,94,94,94,94,94,94,94,94,94,94,101,101,101,101,101,101,101],"card_choices":[{"not_picked":["Bane","Expertise"],"picked":"Poisoned Stab","floor":7},{"not_picked":["Sucker Punch","Underhanded Strike"],"picked":"Poisoned Stab","floor":14},{"not_picked":["Die Die Die","Venomology"],"picked":"After Image","floor":16},{"not_picked":["Tools of the Trade","Grand Finale"],"picked":"Malaise","floor":33},{"not_picked":["Backflip+1","All Out Attack+1"],"picked":"Blur+1","floor":41},{"not_picked":["Riddle With Holes","Outmaneuver+1"],"picked":"Deadly Poison+1","floor":44},{"not_picked":["Madness+1","Flash of Steel+1"],"picked":"Mind Blast+1","floor":48}],"player_experience":1146353,"relics_obtained":[{"floor":1,"key":"Art of War"},{"floor":5,"key":"Letter Opener"},{"floor":7,"key":"MawBank"},{"floor":8,"key":"Ancient Tea Set"},{"floor":9,"key":"Juzu Bracelet"},{"floor":10,"key":"Sundial"},{"floor":11,"key":"Ginger"},{"floor":12,"key":"Centennial Puzzle"},{"floor":13,"key":"Blue Candle"},{"floor":14,"key":"Snake Skull"},{"floor":16,"key":"Dodecahedron"},{"floor":18,"key":"Meat on the Bone"},{"floor":20,"key":"Orichalcum"},{"floor":21,"key":"The Courier"},{"floor":24,"key":"Ninja Scroll"},{"floor":25,"key":"Bronze Scales"},{"floor":26,"key":"Bottled Lightning"},{"floor":28,"key":"The Specimen"},{"floor":29,"key":"Whetstone"},{"floor":31,"key":"Kunai"},{"floor":33,"key":"Mercury Hourglass"},{"floor":35,"key":"Pen Nib"},{"floor":37,"key":"Toxic Egg 2"},{"floor":38,"key":"Turnip"},{"floor":39,"key":"Smiling Mask"},{"floor":41,"key":"Omamori"},{"floor":43,"key":"Blood Vial"},{"floor":44,"key":"Strawberry"},{"floor":46,"key":"Vajra"}],"event_choices":[{"event_name":"Golden Wing","player_choice":"Card Removal","floor":2,"damage_taken":0},{"event_name":"The Cleric","player_choice":"Healed","floor":3,"damage_taken":0},{"event_name":"Ghosts","player_choice":"Ignored","floor":22,"damage_taken":0},{"event_name":"Match and Keep!","player_choice":"1 cards matched","floor":27,"damage_taken":0},{"event_name":"Falling","player_choice":"Removed Skill","floor":45,"damage_taken":0},{"event_name":"SensoryStone","player_choice":"Memory 3","floor":48,"damage_taken":0}],"is_beta":false,"boss_relics":[{"not_picked":["Lizard Tail","Runic Pyramid"],"picked":"Astrolabe"},{"not_picked":["Eternal Feather","Velvet Choker"],"picked":"Pandora\u0027s Box"}],"items_purged_floors":[],"is_endless":false,"potions_floor_spawned":[1,11,13,14,28,29,31,33,37,38,39],"ascension_level":0}