{"gold_per_floor":[112,124,49,14,27,27,42,42,42,42,57,57,57,9,9,106,106,122,82,97,22,22,36,36,50,50,50,50],"floor_reached":28,"playtime":1188,"items_purged":["Strike_B"],"score":322,"play_id":"7fb91cb1-521b-4c36-a2ef-1106ebbe58fb","local_time":"20180713123512","is_ascension_mode":true,"campfire_choices":[{"data":"Capacitor","floor":6,"key":"SMITH"},{"data":"Buffer","floor":8,"key":"SMITH"},{"data":"Consume","floor":10,"key":"SMITH"},{"data":"Defragment","floor":13,"key":"SMITH"},{"floor":15,"key":"REST"},{"data":"Machine Learning","floor":24,"key":"SMITH"},{"data":"Capacitor","floor":27,"key":"SMITH"}],"neow_cost":"NONE","seed_source_timestamp":204921506232815,"circlet_count":0,"master_deck":["Strike_B","Strike_B","Defend_B","Defend_B","Defend_B","Defend_B","Zap+1","Dualcast","AscendersBane","Capacitor+1","Coolheaded","Consume+1","Buffer+1","Defragment+1","Cold Snap","Machine Learning+1","Cold Snap","Capacitor+1","Compile Driver","Genetic Algorithm","Self Repair"],"relics":["Cracked Core","Strawberry","Cables","Velvet Choker","Molten Egg 2"],"potions_floor_usage":[16],"damage_taken":[{"damage":9,"enemies":"2 Louse","floor":1,"turns":3},{"damage":0,"enemies":"Small Slimes","floor":2,"turns":3},{"damage":5,"enemies":"Jaw Worm","floor":5,"turns":4},{"damage":11,"enemies":"Blue Slaver","floor":7,"turns":4},{"damage":12,"enemies":"Looter","floor":11,"turns":4},{"damage":22,"enemies":"Hexaghost","floor":16,"turns":13},{"damage":0,"enemies":"Shell Parasite","floor":18,"turns":7},{"damage":5,"enemies":"Spheric Guardian","floor":20,"turns":5},{"damage":9,"enemies":"Chosen and Byrds","floor":23,"turns":7},{"damage":18,"enemies":"Centurion and Healer","floor":25,"turns":9},{"damage":56,"floor":28,"turns":3}],"seed_played":"-7895258354313945800","potions_obtained":[{"floor":7,"key":"Dexterity Potion"},{"floor":16,"key":"Ancient Potion"},{"floor":23,"key":"SteroidPotion"},{"floor":25,"key":"Swift Potion"}],"is_trial":false,"path_per_floor":["M","M","$","?","M","R","M","R","T","R","M","?","R","$","R","B",null,"M","$","M","?","?","M","R","M","T","R"],"character_chosen":"DEFECT","items_purchased":["Cold Snap","Capacitor"],"campfire_rested":1,"item_purchase_floors":[14,19],"current_hp_per_floor":[59,59,59,75,70,70,59,59,66,66,54,54,54,54,78,56,76,76,76,71,71,71,62,62,44,44,44,0],"gold":50,"neow_bonus":"UPGRADE_CARD","is_prod":false,"is_daily":false,"chose_seed":false,"campfire_upgraded":6,"win_rate":0,"timestamp":1531499712,"path_taken":["M","M","$","?","M","R","M","R","T","R","M","?","R","?","R","BOSS","M","$","M","?","?","M","R","M","T","R","?"],"build_version":"2018-07-12","purchased_purges":1,"victory":false,"max_hp_per_floor":[75,75,75,75,75,75,75,75,82,82,82,82,82,82,82,82,82,82,82,82,82,82,82,82,82,82,82,82],"card_choices":[{"not_picked":["Conserve Battery","Heatsinks"],"picked":"Capacitor","floor":1},{"not_picked":["Compile Driver","Redo"],"picked":"Coolheaded","floor":2},{"not_picked":["Steam","Stack"],"picked":"Consume","floor":5},{"not_picked":["Sweeping Beam","Steam"],"picked":"Buffer","floor":7},{"not_picked":["Compile Driver","Consume"],"picked":"Defragment","floor":11},{"not_picked":["Rainbow","Thunder Strike"],"picked":"Machine Learning","floor":16},{"not_picked":["Barrage","Turbo"],"picked":"Cold Snap","floor":18},{"not_picked":["Stack","Force Field"],"picked":"Compile Driver","floor":20},{"not_picked":["Sweeping Beam+1","Compile Driver"],"picked":"Genetic Algorithm","floor":23},{"not_picked":["Darkness+1","Go for the Eyes+1"],"picked":"Self Repair","floor":25}],"player_experience":1072436,"relics_obtained":[{"floor":9,"key":"Strawberry"},{"floor":26,"key":"Molten Egg 2"}],"event_choices":[{"event_name":"The Cleric","player_choice":"Healed","floor":4,"damage_taken":0},{"event_name":"Dead Adventurer","player_choice":"Searched \u00271\u0027 times","floor":12,"damage_taken":0},{"event_name":"Beggar","player_choice":"Gave Gold","floor":21,"damage_taken":0},{"event_name":"Addict","player_choice":"Ignored","floor":22,"damage_taken":0},{"event_name":"Masked Bandits","player_choice":"Fought over 50 gold","floor":28,"damage_taken":0}],"boss_relics":[{"not_picked":["Empty Cage","Coffee Dripper"],"picked":"Velvet Choker"}],"items_purged_floors":[3],"is_endless":false,"potions_floor_spawned":[7,16,23,25],"ascension_level":11}