{"gold_per_floor":[111,127,302,302,317,346,346,421,491,491,522,522,540,556,556,655,655,667,425,437,397,417,417,444,46,46,46,46,62,62,87,87,185,185,204,5,21,35,0,0,0,0,0,0,17,17],"floor_reached":46,"playtime":3023,"items_purged":["Strike_R","Strike_R","Strike_R"],"score":606,"play_id":"91fc1ef2-5434-4ffe-912c-be99a816290b","local_time":"20190213210731","is_ascension_mode":true,"campfire_choices":[{"data":"Iron Wave","floor":7,"key":"SMITH"},{"floor":10,"key":"REST"},{"data":"Double Tap","floor":12,"key":"SMITH"},{"data":"Anger","floor":15,"key":"SMITH"},{"data":"Apotheosis","floor":23,"key":"SMITH"},{"floor":30,"key":"REST"},{"floor":32,"key":"RECALL"},{"floor":40,"key":"REST"},{"floor":42,"key":"REST"},{"floor":44,"key":"REST"}],"neow_cost":"NONE","seed_source_timestamp":97038684778263,"circlet_count":0,"master_deck":["Strike_R","Strike_R","Defend_R+1","Defend_R+1","Defend_R","Defend_R+1","Bash+1","Iron Wave+1","Reckless Charge+1","Anger+1","Double Tap+1","Anger","Reaper","Ghostly Armor","Apotheosis+1","True Grit","Body Slam+1","Metallicize","Clash","Fiend Fire","Iron Wave+1","Uppercut+1","Corruption","Pummel+1","Purity+1","The Bomb+1","Panache","Shrug It Off+1"],"relics":["Burning Blood","War Paint","Gremlin Horn","Ornamental Fan","Eternal Feather","StoneCalendar","Toxic Egg 2","Self Forming Clay","Bag of Preparation","Fusion Hammer","Red Mask"],"potions_floor_usage":[11,11,16,18,24,35,45,46],"damage_taken":[{"damage":5,"enemies":"2 Louse","floor":1,"turns":3},{"damage":8,"enemies":"Jaw Worm","floor":2,"turns":4},{"damage":1,"enemies":"Cultist","floor":5,"turns":3},{"damage":37,"enemies":"Lagavulin","floor":6,"turns":6},{"damage":11,"enemies":"Gremlin Nob","floor":11,"turns":4},{"damage":22,"enemies":"Exordium Thugs","floor":13,"turns":4},{"damage":1,"enemies":"Red Slaver","floor":14,"turns":3},{"damage":18,"enemies":"The Guardian","floor":16,"turns":7},{"damage":12,"enemies":"Spheric Guardian","floor":18,"turns":4},{"damage":14,"enemies":"Chosen","floor":20,"turns":5},{"damage":18,"enemies":"Shelled Parasite and Fungi","floor":22,"turns":8},{"damage":42,"enemies":"Slavers","floor":24,"turns":7},{"damage":9,"enemies":"Sentry and Sphere","floor":29,"turns":7},{"damage":25,"enemies":"Gremlin Leader","floor":31,"turns":7},{"damage":75,"enemies":"Automaton","floor":33,"turns":10},{"damage":15,"enemies":"3 Darklings","floor":35,"turns":6},{"damage":7,"enemies":"Orb Walker","floor":37,"turns":4},{"damage":0,"enemies":"4 Shapes","floor":38,"turns":7},{"damage":58,"enemies":"Jaw Worm Horde","floor":45,"turns":6},{"damage":50,"enemies":"2 Orb Walkers","floor":46,"turns":4}],"seed_played":"-4176571080724613282","potions_obtained":[{"floor":5,"key":"Regen Potion"},{"floor":6,"key":"Weak Potion"},{"floor":14,"key":"PowerPotion"},{"floor":16,"key":"SkillPotion"},{"floor":18,"key":"Swift Potion"},{"floor":29,"key":"Explosive Potion"},{"floor":37,"key":"EssenceOfSteel"},{"floor":45,"key":"SkillPotion"}],"is_trial":false,"path_per_floor":["M","M","?","?","M","E","R","?","T","R","E","R","M","M","R","B",null,"M","$","M","?","M","R","E","$","T","$","?","M","R","E","R","B",null,"M","$","M","M","?","R","?","R","T","R","M","?"],"character_chosen":"IRONCLAD","items_purchased":["Apotheosis","Toxic Egg 2","Metallicize","Corruption"],"campfire_rested":5,"item_purchase_floors":[19,25,25,36],"current_hp_per_floor":[73,71,71,64,69,38,38,30,30,54,58,58,42,47,47,35,69,70,70,67,67,58,67,40,40,40,40,40,37,73,61,73,9,62,77,77,79,80,80,80,70,80,80,80,28,0],"gold":17,"neow_bonus":"UPGRADE_CARD","is_prod":false,"is_daily":false,"chose_seed":false,"campfire_upgraded":4,"win_rate":0,"timestamp":1550113651,"path_taken":["M","M","?","?","M","E","R","?","T","R","E","R","?","M","R","BOSS","M","$","M","?","?","R","E","$","T","?","?","?","R","E","R","BOSS","M","$","M","?","?","R","?","R","T","R","M","?"],"build_version":"2019-02-06","purchased_purges":3,"victory":false,"max_hp_per_floor":[80,80,80,80,80,80,80,80,80,80,80,80,80,80,80,80,80,80,80,80,80,80,80,80,80,80,80,80,80,80,80,80,80,80,80,80,80,80,80,80,80,80,80,80,80,80],"card_choices":[{"not_picked":["Burning Pact","Warcry"],"picked":"Iron Wave","floor":1},{"not_picked":["Havoc","Perfected Strike"],"picked":"Reckless Charge","floor":2},{"not_picked":["Wild Strike","Armaments"],"picked":"Anger","floor":5},{"not_picked":["Carnage","Burning Pact","Clash"],"picked":"SKIP","floor":6},{"not_picked":["Power Through","Evolve"],"picked":"Double Tap","floor":11},{"not_picked":["Wild Strike","Combust","Carnage"],"picked":"SKIP","floor":13},{"not_picked":["Flame Barrier","Twin Strike"],"picked":"Anger","floor":14},{"not_picked":["Impervious","Berserk"],"picked":"Reaper","floor":16},{"not_picked":["Clothesline+1","Clash"],"picked":"Ghostly Armor","floor":18},{"not_picked":["Sword Boomerang","Perfected Strike"],"picked":"True Grit","floor":20},{"not_picked":["Bludgeon","Armaments"],"picked":"Body Slam+1","floor":22},{"not_picked":["Armaments","Corruption","Headbutt"],"picked":"SKIP","floor":24},{"not_picked":["Wild Strike","Sword Boomerang+1"],"picked":"Iron Wave+1","floor":29},{"not_picked":["Demon Form","Inflame"],"picked":"Uppercut+1","floor":31},{"not_picked":["Wild Strike","Second Wind+1","Power Through+1"],"picked":"SKIP","floor":35},{"not_picked":["Carnage+1","Reckless Charge","Flex+1"],"picked":"SKIP","floor":37},{"not_picked":["Warcry+1","Twin Strike"],"picked":"Pummel+1","floor":38},{"not_picked":["PanicButton+1","Forethought+1"],"picked":"Purity+1","floor":41},{"not_picked":["Mind Blast","Jack Of All Trades+1"],"picked":"The Bomb+1","floor":41},{"not_picked":["Forethought+1","Trip+1"],"picked":"Panache","floor":41},{"not_picked":["Evolve+1","Sword Boomerang+1"],"picked":"Shrug It Off+1","floor":45}],"player_experience":148801,"relics_obtained":[{"floor":6,"key":"War Paint"},{"floor":9,"key":"Gremlin Horn"},{"floor":11,"key":"Ornamental Fan"},{"floor":24,"key":"StoneCalendar"},{"floor":26,"key":"Self Forming Clay"},{"floor":31,"key":"Bag of Preparation"}],"event_choices":[{"damage_healed":0,"gold_gain":175,"player_choice":"AGREE","damage_taken":0,"max_hp_gain":0,"max_hp_loss":0,"event_name":"Liars Game","floor":3,"gold_loss":0,"cards_obtained":["Doubt"]},{"cards_removed":["Doubt"],"damage_healed":0,"gold_gain":0,"player_choice":"Card Removal","damage_taken":7,"max_hp_gain":0,"max_hp_loss":0,"event_name":"Golden Wing","floor":4,"gold_loss":0},{"damage_healed":0,"gold_gain":75,"player_choice":"Touch","damage_taken":8,"max_hp_gain":0,"max_hp_loss":0,"event_name":"FaceTrader","floor":8,"gold_loss":0},{"damage_healed":0,"gold_gain":0,"player_choice":"Upgraded Two","damage_taken":0,"max_hp_gain":0,"max_hp_loss":0,"event_name":"Designer","floor":21,"gold_loss":40,"cards_upgraded":["Reckless Charge","Defend_R"]},{"damage_healed":0,"gold_gain":0,"player_choice":"2 cards matched","damage_taken":0,"max_hp_gain":0,"max_hp_loss":0,"event_name":"Match and Keep!","floor":28,"gold_loss":0,"cards_obtained":["Clash","Fiend Fire"]},{"damage_healed":0,"gold_gain":0,"player_choice":"Paid","damage_taken":0,"relics_obtained":["Red Mask"],"max_hp_gain":0,"max_hp_loss":0,"event_name":"Tomb of Lord Red Mask","floor":39,"gold_loss":35},{"damage_healed":0,"gold_gain":0,"player_choice":"Memory 3","damage_taken":10,"max_hp_gain":0,"max_hp_loss":0,"event_name":"SensoryStone","floor":41,"gold_loss":0},{"damage_healed":0,"gold_gain":0,"player_choice":"Fight","damage_taken":0,"max_hp_gain":0,"max_hp_loss":0,"event_name":"Mysterious Sphere","floor":46,"gold_loss":0}],"is_beta":true,"boss_relics":[{"not_picked":["Runic Pyramid","Tiny House"],"picked":"Eternal Feather"},{"not_picked":["Calling Bell","Runic Cube"],"picked":"Fusion Hammer"}],"items_purged_floors":[19,25,36],"is_endless":false,"potions_floor_spawned":[5,6,14,16,18,29,37,45],"killed_by":"2 Orb Walkers","ascension_level":6}