{"gold_per_floor":[118,68,82,82,92,92,119,137,210,222,222,240,165,176,176,272,272,287,287,303,303,303,303,338,358,358,258,268,288,11,11,11,107,107,121,136,136,136,136,165,165,179,203,203,217,217,230,248,248,248],"floor_reached":51,"playtime":1725,"items_purged":["Strike_G","Strike_G","Strike_G"],"score":801,"play_id":"b32e343b-f7d7-4438-9db8-c13fc569a8a3","local_time":"20180810152122","is_ascension_mode":false,"campfire_choices":[{"data":"Deadly Poison","floor":6.0,"key":"SMITH"},{"data":"Catalyst","floor":11.0,"key":"SMITH"},{"data":"Catalyst","floor":15.0,"key":"SMITH"},{"data":"Noxious Fumes","floor":23,"key":"SMITH"},{"floor":32,"key":"REST"},{"data":"Corpse Explosion","floor":41,"key":"SMITH"},{"data":"Neutralize","floor":44,"key":"SMITH"},{"data":"Survivor","floor":49,"key":"SMITH"}],"neow_cost":"NONE","seed_source_timestamp":0,"circlet_count":0,"master_deck":["Defend_G","Defend_G","Defend_G","Survivor+1","Neutralize+1","Deadly Poison+1","Corpse Explosion+1","Catalyst+1","Catalyst+1","Noxious Fumes+1","Catalyst+1"],"special_seed":0,"relics":["Ring of the Snake","Prayer Wheel","Gremlin Horn","Velvet Choker","Snake Skull","Thread and Needle","Bag of Preparation","Philosopher\u0027s Stone","Torii","Letter Opener","Anchor"],"potions_floor_usage":[28,33,50],"damage_taken":[{"damage":0.0,"enemies":"Jaw Worm","floor":1.0,"turns":6.0},{"damage":1.0,"enemies":"2 Louse","floor":3.0,"turns":4.0},{"damage":1.0,"enemies":"Cultist","floor":5.0,"turns":4.0},{"damage":24.0,"enemies":"Gremlin Nob","floor":7.0,"turns":5.0},{"damage":5.0,"enemies":"Large Slime","floor":8.0,"turns":9.0},{"damage":0.0,"enemies":"Blue Slaver","floor":10.0,"turns":5.0},{"damage":6.0,"enemies":"Exordium Wildlife","floor":12.0,"turns":2.0},{"damage":0.0,"enemies":"Lots of Slimes","floor":14.0,"turns":1.0},{"damage":19.0,"enemies":"Hexaghost","floor":16.0,"turns":5.0},{"damage":0,"enemies":"Spheric Guardian","floor":18,"turns":1},{"damage":5,"enemies":"Shell Parasite","floor":20,"turns":3},{"damage":16,"enemies":"Book of Stabbing","floor":24,"turns":5},{"damage":1,"enemies":"Cultist and Chosen","floor":25,"turns":3},{"damage":13,"enemies":"Sentry and Sphere","floor":28,"turns":6},{"damage":7,"enemies":"Snake Plant","floor":29,"turns":2},{"damage":3,"enemies":"Automaton","floor":33,"turns":5},{"damage":0,"enemies":"3 Darklings","floor":35,"turns":1},{"damage":0,"enemies":"Flame Bruiser 1 Orb","floor":36,"turns":1},{"damage":0,"floor":39,"turns":2},{"damage":0,"enemies":"Giant Head","floor":40,"turns":3},{"damage":1,"enemies":"4 Shapes","floor":42,"turns":3},{"damage":0,"enemies":"Sphere and 2 Shapes","floor":45,"turns":3},{"damage":0,"enemies":"Transient","floor":47,"turns":4},{"damage":0,"enemies":"Flame Bruiser 2 Orb","floor":48,"turns":1},{"damage":0,"enemies":"Time Eater","floor":50,"turns":2}],"seed_played":"-6818396156679022423","potions_obtained":[{"floor":3.0,"key":"Regen Potion"},{"floor":5.0,"key":"Regen Potion"},{"floor":8.0,"key":"EssenceOfSteel"},{"floor":10.0,"key":"PowerPotion"},{"floor":16.0,"key":"FearPotion"},{"floor":18,"key":"Regen Potion"},{"floor":22,"key":"FairyPotion"},{"floor":22,"key":"FairyPotion"},{"floor":28,"key":"Weak Potion"},{"floor":35,"key":"Strength Potion"},{"floor":42,"key":"EssenceOfSteel"}],"is_trial":false,"path_per_floor":["M","?","M","?","M","R","E","M","T","M","R","M","$","M","R","B",null,"M","?","M","?","?","R","E","M","T","$","M","M","$","?","R","B",null,"M","M","$","?","?","E","R","M","T","R","M","?","M","M","R","B"],"character_chosen":"THE_SILENT","items_purchased":["Bag of Preparation"],"campfire_rested":1,"item_purchase_floors":[30],"current_hp_per_floor":[70,70,69,69,68,68,62,57,57,57,57,51,51,51,51,32,70,70,70,65,65,65,65,49,48,48,48,35,28,28,15,37,34,75,75,75,75,75,75,75,75,74,74,74,74,74,74,74,74,74],"gold":248,"neow_bonus":"REMOVE_CARD","is_prod":false,"is_daily":false,"chose_seed":false,"campfire_upgraded":7,"win_rate":0,"timestamp":1533880282,"path_taken":["M","?","M","?","M","R","E","?","T","M","R","M","$","M","R","BOSS","M","?","M","?","?","R","E","M","T","$","M","?","$","?","R","BOSS","M","M","$","?","?","E","R","?","T","R","M","?","?","?","R","BOSS"],"build_version":"2018-08-09","purchased_purges":3,"victory":true,"max_hp_per_floor":[70,70,70,70,70,70,70,70,70,70,70,70,70,70,70,70,70,70,70,70,70,70,70,70,70,70,70,70,70,70,75,75,75,75,75,75,75,75,75,75,75,75,75,75,75,75,75,75,75,75],"card_choices":[{"not_picked":["Slice","Underhanded Strike"],"picked":"Deadly Poison","floor":1.0},{"not_picked":["Prepared","Caltrops","Eviscerate"],"picked":"SKIP","floor":3.0},{"not_picked":["Dagger Spray","Acrobatics","Well Laid Plans"],"picked":"SKIP","floor":5.0},{"not_picked":["Distraction","PiercingWail","Quick Slash"],"picked":"SKIP","floor":7.0},{"not_picked":["Flying Knee","Crippling Poison","All Out Attack"],"picked":"SKIP","floor":8.0},{"not_picked":["Dagger Spray","Backflip","Escape Plan"],"picked":"SKIP","floor":8.0},{"not_picked":["Poisoned Stab","Flechettes"],"picked":"Corpse Explosion","floor":10.0},{"not_picked":["Bouncing Flask","Skewer"],"picked":"Catalyst","floor":10.0},{"not_picked":["Acrobatics","Caltrops","Blade Dance"],"picked":"SKIP","floor":12.0},{"not_picked":["Dash","Prepared","Bane"],"picked":"SKIP","floor":12.0},{"not_picked":["Dash","PiercingWail"],"picked":"Catalyst","floor":14.0},{"not_picked":["Outmaneuver","Endless Agony","Infinite Blades"],"picked":"SKIP","floor":14.0},{"not_picked":["Tactician+1","Choke","Blade Dance"],"picked":"SKIP","floor":18},{"not_picked":["Blade Dance+1","Infinite Blades+1","Dash"],"picked":"SKIP","floor":18},{"not_picked":["Quick Slash","Blade Dance"],"picked":"Noxious Fumes","floor":20},{"not_picked":["Acrobatics+1","Outmaneuver","Caltrops+1"],"picked":"SKIP","floor":20},{"not_picked":["PiercingWail","Outmaneuver+1","Deflect"],"picked":"SKIP","floor":24},{"not_picked":["Eviscerate","Skewer","PiercingWail"],"picked":"SKIP","floor":25},{"not_picked":["Blade Dance+1","Deadly Poison","Storm of Steel"],"picked":"SKIP","floor":25},{"not_picked":["Underhanded Strike","Footwork","Choke"],"picked":"SKIP","floor":28},{"not_picked":["Outmaneuver+1","Acrobatics","Dash"],"picked":"SKIP","floor":28},{"not_picked":["Quick Slash","Expertise"],"picked":"Catalyst+1","floor":29},{"not_picked":["Predator","Dodge and Roll","Outmaneuver"],"picked":"SKIP","floor":29},{"not_picked":["Dagger Spray","Escape Plan","Cloak And Dagger"],"picked":"SKIP","floor":35},{"not_picked":["Crippling Poison","Blur","Cloak And Dagger+1"],"picked":"SKIP","floor":35},{"not_picked":["Dagger Throw","Underhanded Strike","Noxious Fumes+1"],"picked":"SKIP","floor":36},{"not_picked":["Sucker Punch","Terror+1","Flechettes"],"picked":"SKIP","floor":36},{"not_picked":["Caltrops","Dagger Throw","Quick Slash"],"picked":"SKIP","floor":40},{"not_picked":["Flying Knee","Acrobatics","Quick Slash"],"picked":"SKIP","floor":42},{"not_picked":["Heel Hook+1","Acrobatics","Backflip"],"picked":"SKIP","floor":42},{"not_picked":["Caltrops+1","Noxious Fumes","Leg Sweep+1"],"picked":"SKIP","floor":45},{"not_picked":["Backflip+1","Acrobatics","Deflect"],"picked":"SKIP","floor":45},{"not_picked":["Poisoned Stab","Bane","Storm of Steel"],"picked":"SKIP","floor":47},{"not_picked":["Acrobatics","Reflex+1","Dagger Throw"],"picked":"SKIP","floor":47},{"not_picked":["Blade Dance","Slice+1","Setup+1"],"picked":"SKIP","floor":48},{"not_picked":["Backflip+1","Blade Dance","PiercingWail"],"picked":"SKIP","floor":48}],"player_experience":298191,"relics_obtained":[{"floor":7.0,"key":"Prayer Wheel"},{"floor":9.0,"key":"Gremlin Horn"},{"floor":24,"key":"Snake Skull"},{"floor":26,"key":"Thread and Needle"},{"floor":39,"key":"Torii"},{"floor":40,"key":"Letter Opener"},{"floor":43,"key":"Anchor"}],"event_choices":[{"event_name":"The Cleric","player_choice":"Card Removal","floor":2.0,"damage_taken":0.0},{"event_name":"Liars Game","player_choice":"disagreed","floor":4.0,"damage_taken":0.0},{"event_name":"Purifier","player_choice":"One Purge","floor":19,"damage_taken":0},{"event_name":"Cursed Tome","player_choice":"Ignored","floor":21,"damage_taken":0},{"event_name":"The Lab","player_choice":"Got Potions","floor":22,"damage_taken":0},{"event_name":"Forgotten Altar","player_choice":"Shed Blood","floor":31,"damage_taken":0},{"event_name":"SensoryStone","player_choice":"Memory 1","floor":38,"damage_taken":0},{"event_name":"MindBloom","player_choice":"Fight","floor":39,"damage_taken":0},{"event_name":"Bonfire Elementals","player_choice":"BASIC","floor":46,"damage_taken":0}],"is_beta":false,"boss_relics":[{"not_picked":["Eternal Feather","Astrolabe"],"picked":"Velvet Choker"},{"not_picked":["HoveringKite","Cursed Key"],"picked":"Philosopher\u0027s Stone"}],"items_purged_floors":[13,27,30],"is_endless":false,"potions_floor_spawned":[3,5,8,10,16,18,20,28,35,39,42,45],"ascension_level":0}