{"path_per_floor":["M","?","?","M","$","R","E","R","T","E","M","M","?","M","R","B",null,"M","M","$","M","$","E","R","M","T","M","R","M","?","M","R"],"character_chosen":"IRONCLAD","items_purchased":["Metallicize","Bottled Flame","Seeing Red"],"gold_per_floor":[112,62,62,80,9,9,39,39,39,70,90,106,136,156,156,260,260,272,289,39,52,14,46,46,60,83,101,101,115,115,127,127,127],"floor_reached":33,"campfire_rested":4,"playtime":2070,"item_purchase_floors":[5,20,22],"current_hp_per_floor":[74,74,67,68,68,86,71,71,71,48,52,42,42,37,63,67,92,92,81,81,78,78,46,74,64,71,60,60,23,23,16,46,0],"items_purged":[],"gold":127,"score":346,"play_id":"c099aedd-f160-45a8-acb7-21995d04d545","local_time":"20180609144550","is_prod":false,"is_daily":false,"chose_seed":false,"is_ascension_mode":true,"campfire_upgraded":2,"win_rate":0,"timestamp":1528569950,"campfire_choices":[{"floor":6,"key":"REST"},{"data":"Shrug It Off","floor":8,"key":"SMITH"},{"floor":15,"key":"REST"},{"floor":24,"key":"REST"},{"data":"Immolate","floor":28,"key":"SMITH"},{"floor":32,"key":"REST"}],"path_taken":["M","?","?","M","$","R","E","R","T","E","M","M","?","M","R","BOSS","M","M","$","M","?","E","R","M","T","M","R","?","?","?","R","BOSS"],"build_version":"2018-06-07v3","seed_source_timestamp":242244021070273,"purchased_purges":0,"victory":false,"master_deck":["Defend_R+1","Defend_R+1","Defend_R+1","Bash","Feed","Sword Boomerang","Anger","Metallicize","Shrug It Off+1","Flex","Demon Form","Anger","Rage","Immolate+1","Sentinel+1","Rampage+1","Hemokinesis+1","Power Through+1","Shockwave","Armaments","Seeing Red","Clothesline+1","Exhume","Anger+1","Armaments","Cleave"],"max_hp_per_floor":[83,83,83,86,86,86,89,89,89,89,89,89,89,89,89,92,92,92,92,92,92,92,95,95,95,102,102,102,102,102,102,102,102],"relics":["Burning Blood","Oddly Smooth Stone","Bronze Scales","Kunai","Astrolabe","Bottled Flame","Dodecahedron","Strawberry"],"card_choices":[{"not_picked":["Sentinel","Warcry"],"picked":"Sword Boomerang","floor":1},{"not_picked":["Hemokinesis","Clash"],"picked":"Anger","floor":4},{"not_picked":["Perfected Strike","Body Slam"],"picked":"Shrug It Off","floor":7},{"not_picked":["Second Wind","Ghostly Armor"],"picked":"Flex","floor":10},{"not_picked":["Body Slam","Hemokinesis"],"picked":"Demon Form","floor":11},{"not_picked":["Fire Breathing","Disarm"],"picked":"Anger","floor":12},{"not_picked":["Spot Weakness","Shockwave"],"picked":"Rage","floor":14},{"not_picked":["Dark Embrace","Juggernaut"],"picked":"Immolate","floor":16},{"not_picked":["Flex","Ghostly Armor"],"picked":"Power Through+1","floor":18},{"not_picked":["Body Slam+1","Power Through"],"picked":"Shockwave","floor":19},{"not_picked":["Cleave","Perfected Strike"],"picked":"Armaments","floor":21},{"not_picked":["Clash","Evolve+1"],"picked":"Clothesline+1","floor":23},{"not_picked":["Rage","True Grit"],"picked":"Exhume","floor":25},{"not_picked":["Clothesline+1","Disarm+1"],"picked":"Anger+1","floor":27},{"not_picked":["Havoc","Clash"],"picked":"Armaments","floor":29},{"not_picked":["Iron Wave+1","Anger"],"picked":"Cleave","floor":31}],"player_experience":437833,"potions_floor_usage":[7,10,16,18,23,25,31,31],"damage_taken":[{"damage":15,"enemies":"Jaw Worm","floor":1,"turns":5},{"damage":8,"enemies":"Small Slimes","floor":4,"turns":4},{"damage":24,"enemies":"3 Sentries","floor":7,"turns":8},{"damage":29,"enemies":"Lagavulin","floor":10,"turns":6},{"damage":2,"enemies":"2 Louse","floor":11,"turns":2},{"damage":16,"enemies":"Blue Slaver","floor":12,"turns":3},{"damage":11,"enemies":"Exordium Thugs","floor":14,"turns":4},{"damage":5,"enemies":"Hexaghost","floor":16,"turns":7},{"damage":2,"enemies":"3 Byrds","floor":18,"turns":3},{"damage":17,"enemies":"Chosen","floor":19,"turns":5},{"damage":9,"enemies":"Snake Plant","floor":21,"turns":3},{"damage":41,"enemies":"Gremlin Leader","floor":23,"turns":6},{"damage":16,"enemies":"Centurion and Healer","floor":25,"turns":8},{"damage":17,"enemies":"Snecko","floor":27,"turns":6},{"damage":43,"enemies":"Cultist and Chosen","floor":29,"turns":8},{"damage":13,"enemies":"Slaver and Parasite","floor":31,"turns":7},{"damage":71,"enemies":"Collector","floor":33,"turns":6}],"relics_obtained":[{"floor":7,"key":"Oddly Smooth Stone"},{"floor":9,"key":"Bronze Scales"},{"floor":10,"key":"Kunai"},{"floor":23,"key":"Dodecahedron"},{"floor":26,"key":"Strawberry"}],"event_choices":[{"event_name":"The Cleric","player_choice":"Card Removal","floor":2,"damage_taken":0},{"event_name":"Golden Wing","player_choice":"Card Removal","floor":3,"damage_taken":0},{"event_name":"Dead Adventurer","player_choice":"Searched \u00271\u0027 times","floor":13,"damage_taken":0},{"event_name":"Back to Basics","player_choice":"Simplicity","floor":30,"damage_taken":0}],"boss_relics":[{"not_picked":["Snecko Eye","White Beast Statue"],"picked":"Astrolabe"}],"items_purged_floors":[],"potions_floor_spawned":[1,4,11,16,19,23,27,29,31],"seed_played":"2901527961961371382","killed_by":"Collector","ascension_level":3,"potions_obtained":[{"floor":1,"key":"FearPotion"},{"floor":4,"key":"Strength Potion"},{"floor":11,"key":"SkillPotion"},{"floor":16,"key":"EssenceOfSteel"},{"floor":19,"key":"Fire Potion"},{"floor":23,"key":"Poison Potion"},{"floor":27,"key":"SkillPotion"},{"floor":29,"key":"SpeedPotion"},{"floor":31,"key":"SpeedPotion"}],"is_trial":false}