{"gold_per_floor":[114,127,147,147,13,13,13,48,48,66,26,26,26,38,38,112,162,175,225,58,77,77,77,93,110,110,110],"floor_reached":27,"playtime":981,"items_purged":[],"score":426,"play_id":"8cafad36-288a-4f1f-b91a-3bda7ba98e2b","local_time":"20190210174145","is_ascension_mode":true,"campfire_choices":[{"data":"Storm","floor":6,"key":"SMITH"},{"floor":13,"key":"REST"},{"data":"1","floor":15,"key":"LIFT"},{"floor":23,"key":"REST"}],"neow_cost":"NONE","seed_source_timestamp":616873575091335,"circlet_count":0,"master_deck":["AscendersBane","Strike_B","Strike_B","Defend_B","Defend_B","Defend_B+1","Defend_B","Zap","Dualcast","Rip and Tear","Storm+1","Leap","Leap","Self Repair","Streamline","Glacier","Coolheaded","Defragment","Sweeping Beam","Electrodynamics","Electrodynamics","Defragment","Coolheaded","Ball Lightning+1","Consume"],"relics":["Cracked Core","NeowsBlessing","Girya","Dodecahedron","Tiny House","PreservedInsect","Ginger"],"potions_floor_usage":[8,14,21,24],"damage_taken":[{"damage":0,"enemies":"Cultist","floor":1,"turns":1},{"damage":0,"enemies":"Small Slimes","floor":2,"turns":1},{"damage":0,"enemies":"Jaw Worm","floor":3,"turns":1},{"damage":39,"enemies":"Gremlin Nob","floor":8,"turns":4},{"damage":7,"enemies":"Looter","floor":10,"turns":3},{"damage":17,"enemies":"Exordium Thugs","floor":14,"turns":5},{"damage":33,"enemies":"The Guardian","floor":16,"turns":15},{"damage":35,"enemies":"2 Thieves","floor":18,"turns":3},{"damage":4,"enemies":"Chosen","floor":21,"turns":6},{"damage":17,"enemies":"3 Cultists","floor":24,"turns":5},{"damage":44,"enemies":"Shelled Parasite and Fungi","floor":25,"turns":9},{"damage":15,"enemies":"Centurion and Healer","floor":27,"turns":1}],"seed_played":"7567220647060668082","potions_obtained":[{"floor":1,"key":"FearPotion"},{"floor":3,"key":"GamblersBrew"},{"floor":10,"key":"SpeedPotion"},{"floor":14,"key":"FearPotion"},{"floor":17,"key":"Block Potion"},{"floor":21,"key":"Explosive Potion"},{"floor":24,"key":"Ancient Potion"}],"is_trial":false,"path_per_floor":["M","M","M","?","$","R","$","E","T","M","$","?","R","M","R","B",null,"M","?","$","M","?","R","M","M","T","M"],"character_chosen":"DEFECT","items_purchased":["Self Repair","Streamline","Defragment","PreservedInsect"],"campfire_rested":2,"item_purchase_floors":[5,5,11,20],"current_hp_per_floor":[64,64,64,64,64,64,64,32,32,32,32,32,53,43,43,17,63,35,35,35,38,38,60,50,13,13,0],"gold":110,"neow_bonus":"THREE_ENEMY_KILL","is_prod":false,"is_daily":false,"chose_seed":false,"campfire_upgraded":1,"win_rate":0,"timestamp":1549838505,"path_taken":["M","?","M","?","?","R","$","E","T","M","$","?","R","M","R","BOSS","M","?","$","?","?","R","M","M","T","M"],"build_version":"2019-01-23","purchased_purges":0,"victory":false,"max_hp_per_floor":[71,71,71,71,71,71,71,71,71,71,71,71,71,71,71,71,76,76,76,76,76,76,76,76,76,76,76],"card_choices":[{"not_picked":["Self Repair","Stack"],"picked":"Rip and Tear","floor":1},{"not_picked":["Go for the Eyes","Leap"],"picked":"Storm","floor":2},{"not_picked":["Blizzard","Beam Cell"],"picked":"Leap","floor":3},{"not_picked":["Turbo","Reinforced Body"],"picked":"Glacier","floor":8},{"not_picked":["Sweeping Beam","Stack"],"picked":"Coolheaded","floor":10},{"not_picked":["Aggregate","Conserve Battery"],"picked":"Electrodynamics","floor":14},{"not_picked":["Reboot","All For One"],"picked":"Electrodynamics","floor":16},{"not_picked":["Genetic Algorithm","Stack"],"picked":"Defragment","floor":17},{"not_picked":["Streamline","Turbo"],"picked":"Coolheaded","floor":18},{"not_picked":["Redo","Compile Driver"],"picked":"Ball Lightning+1","floor":21},{"not_picked":["Turbo","Cold Snap"],"picked":"Consume","floor":24},{"not_picked":["Streamline","Rebound","Darkness+1"],"picked":"SKIP","floor":25}],"player_experience":2386603,"relics_obtained":[{"floor":8,"key":"Girya"},{"floor":9,"key":"Dodecahedron"},{"floor":26,"key":"Ginger"}],"event_choices":[{"damage_healed":0,"gold_gain":0,"cards_transformed":["Strike_B"],"player_choice":"Change","damage_taken":0,"max_hp_gain":0,"max_hp_loss":0,"event_name":"Living Wall","floor":4,"gold_loss":0,"cards_obtained":["Leap"]},{"damage_healed":0,"gold_gain":0,"cards_transformed":["Strike_B"],"player_choice":"Transformed","damage_taken":0,"max_hp_gain":0,"max_hp_loss":0,"event_name":"Transmorgrifier","floor":12,"gold_loss":0,"cards_obtained":["Sweeping Beam"]},{"damage_healed":0,"gold_gain":100,"player_choice":"Bet on Murderer","damage_taken":0,"max_hp_gain":0,"max_hp_loss":0,"event_name":"The Joust","floor":19,"gold_loss":50},{"damage_healed":0,"gold_gain":0,"player_choice":"Ignored","damage_taken":0,"max_hp_gain":0,"max_hp_loss":0,"event_name":"Vampires","floor":22,"gold_loss":0}],"is_beta":false,"boss_relics":[{"not_picked":["Runic Pyramid","Calling Bell"],"picked":"Tiny House"}],"items_purged_floors":[],"is_endless":false,"potions_floor_spawned":[1,3,10,14,21,24],"killed_by":"Centurion and Healer","ascension_level":20}