{"path_per_floor":["M","M","?","?","M","R","E","M","T","R","M","R","M","?","R","B",null,"M","?","?","T","$","R","E","?","T","R","M","$","M","$","R","B",null,"M","M","$","?","M","R","M"],"character_chosen":"IRONCLAD","items_purchased":["Peace Pipe","Inflame","Rampage","Dexterity Potion","Energy Potion"],"gold_per_floor":[112,124,124,124,140,140,171,191,259,259,274,274,286,286,286,389,389,400,400,360,360,60,60,94,94,94,94,110,2,22,22,22,119,119,131,141,41,141,152,152,169,169],"floor_reached":42,"campfire_rested":6,"playtime":1703,"current_hp_per_floor":[80,80,80,64,67,67,65,64,64,80,75,75,71,59,80,57,80,56,56,56,56,56,80,65,65,65,87,75,75,79,79,87,28,87,37,15,15,15,31,57,29,0],"items_purged":[],"gold":169,"score":437,"play_id":"0012da55-bf6c-4445-bc6f-2ee8346e639a","local_time":"20180326181617","is_prod":false,"is_daily":false,"is_ascension_mode":true,"campfire_upgraded":2,"timestamp":1522077377,"path_taken":["M","M","?","?","M","R","E","M","T","R","M","R","M","?","R","BOSS","M","?","?","?","?","R","E","?","T","R","M","$","M","$","R","BOSS","M","M","$","?","?","R","M","E"],"build_version":"2018-03-22v2","purchased_purges":0,"victory":false,"master_deck":["Strike_R","Strike_R+1","Strike_R","Strike_R","Strike_R+1","Defend_R","Defend_R","Defend_R","Defend_R","Bash","Rupture+1","Shrug It Off","Clothesline+1","Headbutt","Seeing Red","Rage+1","Pommel Strike","Spot Weakness","Demon Form","Metallicize+1","Exhume","Mind Blast","Carnage","Rage","Inflame","Rampage","Inflame","Reaper","Second Wind","Thunderclap+1","Entrench+1"],"max_hp_per_floor":[80,80,80,80,80,80,80,80,80,80,80,80,80,80,80,80,80,80,80,80,80,80,80,87,87,87,87,87,87,87,87,87,87,87,87,87,87,87,87,87,87,87],"relics":["Black Blood","Bottled Lightning","Bottled Tornado","Paper Frog","Shuriken","Peace Pipe","Strawberry","Mercury Hourglass","Black Star"],"card_choices":[{"not_picked":["Heavy Blade","Havoc"],"picked":"Rupture","floor":0},{"not_picked":["Iron Wave","Cleave"],"picked":"Shrug It Off","floor":1},{"not_picked":["Havoc","Sword Boomerang"],"picked":"Clothesline","floor":2},{"not_picked":["Sentinel","Dual Wield"],"picked":"Headbutt","floor":5},{"not_picked":["Juggernaut","Heavy Blade"],"picked":"Seeing Red","floor":7},{"not_picked":["Sentinel","Body Slam"],"picked":"Rage","floor":8},{"not_picked":["Sword Boomerang","Armaments"],"picked":"Pommel Strike","floor":11},{"not_picked":["Thunderclap","Body Slam"],"picked":"Spot Weakness","floor":13},{"not_picked":["Juggernaut","Bludgeon"],"picked":"Demon Form","floor":16},{"not_picked":["Iron Wave","True Grit"],"picked":"Metallicize","floor":18},{"not_picked":["Perfected Strike","Clothesline"],"picked":"Carnage","floor":24},{"not_picked":["Twin Strike","Thunderclap"],"picked":"Rage","floor":28},{"not_picked":["Twin Strike","True Grit"],"picked":"Inflame","floor":30},{"not_picked":["Impervious","Juggernaut"],"picked":"Reaper","floor":33},{"not_picked":["Thunderclap","Pommel Strike"],"picked":"Second Wind","floor":35},{"not_picked":["Shrug It Off","Clothesline"],"picked":"Thunderclap","floor":36},{"not_picked":["Warcry","Shrug It Off"],"picked":"Entrench","floor":41}],"player_experience":189597,"potions_floor_usage":[7,13,16,24,24,24,28,30,39,39,39,41],"damage_taken":[{"damage":1,"enemies":"Cultist","floor":1,"turns":4},{"damage":3,"enemies":"Small Slimes","floor":2,"turns":4},{"damage":3,"enemies":"Jaw Worm","floor":5,"turns":3},{"damage":8,"enemies":"Gremlin Nob","floor":7,"turns":4},{"damage":7,"enemies":"Looter","floor":8,"turns":3},{"damage":11,"enemies":"Red Slaver","floor":11,"turns":4},{"damage":10,"enemies":"3 Louse","floor":13,"turns":3},{"damage":29,"enemies":"The Guardian","floor":16,"turns":12},{"damage":34,"enemies":"Shell Parasite","floor":18,"turns":6},{"damage":32,"enemies":"Book of Stabbing","floor":24,"turns":7},{"damage":22,"enemies":"Spheric Guardian","floor":28,"turns":4},{"damage":9,"enemies":"Snake Plant","floor":30,"turns":4},{"damage":69,"enemies":"Automaton","floor":33,"turns":11},{"damage":72,"enemies":"3 Darklings","floor":35,"turns":9},{"damage":39,"enemies":"Orb Walker","floor":36,"turns":4},{"damage":10,"enemies":"4 Shapes","floor":39,"turns":4},{"damage":45,"enemies":"Maw","floor":41,"turns":9},{"damage":44,"enemies":"Nemesis","floor":42,"turns":6}],"event_choices":[{"event_name":"Accursed Blacksmith","player_choice":"Forge","floor":3,"damage_taken":0},{"event_name":"Shining Light","player_choice":"Entered Light","floor":4,"damage_taken":0},{"event_name":"Scrap Ooze","player_choice":"success","floor":14,"damage_taken":12},{"event_name":"Match and Keep!","player_choice":"2 cards matched","floor":19,"damage_taken":0},{"event_name":"The Woman in Blue","player_choice":"Bought 3 Potions","floor":20,"damage_taken":0},{"event_name":"Vampires","player_choice":"Ignored","floor":25,"damage_taken":0},{"event_name":"Golden Shrine","player_choice":"Pray","floor":38,"damage_taken":0}],"boss_relics":[{"not_picked":["Cursed Key","Runic Cube"],"picked":"Black Blood"},{"not_picked":["Astrolabe","Lizard Tail"],"picked":"Black Star"}],"potions_floor_spawned":[2,11,13,24,28,36,39],"seed_played":"-3950575125813448586","killed_by":"Nemesis","ascension_level":1,"is_trial":false}