{"gold_per_floor":[360,379,32,43,62,62,75,75,102,52,69,80,93,108,108,203,203,216,141,141,153,153,153,164,164,164,14,34,45,45,0,0,105,105,122,522,522,522,199,230,230,230,257,0,20,40,60,76,76,76],"floor_reached":51,"playtime":5663,"items_purged":["Strike_B","Strike_B","Strike_B"],"score":673,"play_id":"d0d39544-dc72-4224-95ce-79c360c0e256","local_time":"20190112234606","is_ascension_mode":false,"campfire_choices":[{"data":"Machine Learning","floor":6,"key":"SMITH"},{"data":"Zap","floor":8,"key":"SMITH"},{"floor":15,"key":"REST"},{"floor":23,"key":"REST"},{"floor":25,"key":"REST"},{"data":"Chill","floor":30,"key":"SMITH"},{"floor":32,"key":"REST"},{"data":"Echo Form","floor":41,"key":"SMITH"},{"data":"Apotheosis","floor":49,"key":"SMITH"}],"neow_cost":"TEN_PERCENT_HP_LOSS","seed_source_timestamp":8323091958336,"circlet_count":0,"master_deck":["Defend_B","Defend_B","Defend_B","Zap+1","Dualcast","Conserve Battery","Ball Lightning","Machine Learning+1","Glacier+1","Conserve Battery","Meteor Strike","Reboot+1","Ball Lightning+1","Chill+1","Self Repair+1","Conserve Battery","White Noise","Echo Form+1","Hologram","Apotheosis+1","Redo","Madness","Madness","Conserve Battery+1","Fusion+1","Parasite"],"relics":["Cracked Core","Runic Capacitor","Juzu Bracelet","PreservedInsect","Inserter","Torii","Runic Pyramid","Old Coin","Ancient Tea Set","Happy Flower","War Paint","Red Mask"],"potions_floor_usage":[21,33,35,40,48,50],"damage_taken":[{"damage":1,"enemies":"Jaw Worm","floor":1,"turns":4},{"damage":0,"enemies":"Small Slimes","floor":2,"turns":4},{"damage":2,"enemies":"2 Louse","floor":4,"turns":4},{"damage":12,"enemies":"Exordium Wildlife","floor":5,"turns":4},{"damage":12,"enemies":"Blue Slaver","floor":7,"turns":4},{"damage":8,"enemies":"3 Louse","floor":11,"turns":4},{"damage":0,"enemies":"Exordium Wildlife","floor":12,"turns":4},{"damage":5,"enemies":"Large Slime","floor":13,"turns":5},{"damage":3,"enemies":"Blue Slaver","floor":14,"turns":4},{"damage":24,"enemies":"Hexaghost","floor":16,"turns":11},{"damage":11,"enemies":"Chosen","floor":18,"turns":7},{"damage":28,"enemies":"2 Thieves","floor":21,"turns":4},{"damage":26,"enemies":"3 Cultists","floor":24,"turns":7},{"damage":18,"enemies":"Cultist and Chosen","floor":28,"turns":8},{"damage":1,"enemies":"Snake Plant","floor":29,"turns":6},{"damage":42,"enemies":"Automaton","floor":33,"turns":15},{"damage":24,"enemies":"Orb Walker","floor":35,"turns":7},{"damage":24,"enemies":"Mind Bloom Boss Battle","floor":36,"turns":12},{"damage":23,"enemies":"Nemesis","floor":40,"turns":7},{"damage":9,"enemies":"3 Darklings","floor":45,"turns":9},{"damage":2,"enemies":"Spire Growth","floor":46,"turns":7},{"damage":0,"enemies":"4 Shapes","floor":47,"turns":10},{"damage":0,"enemies":"Writhing Mass","floor":48,"turns":7},{"damage":56,"enemies":"Awakened One","floor":50,"turns":17}],"seed_played":"4593548998645102691","potions_obtained":[{"floor":2,"key":"Strength Potion"},{"floor":5,"key":"GamblersBrew"},{"floor":13,"key":"Explosive Potion"},{"floor":14,"key":"FairyPotion"},{"floor":28,"key":"FearPotion"},{"floor":33,"key":"Block Potion"},{"floor":36,"key":"SpeedPotion"},{"floor":45,"key":"FocusPotion"},{"floor":47,"key":"EssenceOfSteel"}],"is_trial":false,"path_per_floor":["M","M","$","M","M","R","M","R","T","?","M","M","M","M","R","B",null,"M","$","?","M","$","R","M","R","T","$","M","M","R","?","R","B",null,"M","?","?","?","$","E","R","?","T","?","M","M","M","M","R","B",null],"character_chosen":"DEFECT","items_purchased":["Runic Capacitor","Juzu Bracelet","Conserve Battery","Ancient Tea Set","Weak Potion"],"campfire_rested":4,"item_purchase_floors":[3,3,27,39,39],"current_hp_per_floor":[67,67,67,65,53,53,41,41,41,41,33,33,28,25,45,21,68,57,57,45,17,17,38,12,33,33,33,25,34,34,34,55,23,73,69,55,55,55,55,52,52,43,43,43,44,52,72,73,73,17],"gold":76,"neow_bonus":"TWO_FIFTY_GOLD","is_prod":false,"is_daily":false,"chose_seed":false,"campfire_upgraded":5,"win_rate":0,"timestamp":1547298966,"path_taken":["M","M","$","M","M","R","M","R","T","?","M","M","M","M","R","BOSS","M","$","?","M","$","R","M","R","T","$","M","M","R","?","R","BOSS","M","?","?","?","?","E","R","?","T","?","M","M","M","M","R","BOSS"],"build_version":"2019-01-10","purchased_purges":3,"victory":true,"max_hp_per_floor":[68,68,68,68,68,68,68,68,68,68,68,68,68,68,68,68,68,68,68,73,73,73,73,73,73,73,73,73,73,73,73,73,73,73,73,73,73,73,73,73,73,73,73,73,73,73,73,73,73,73],"card_choices":[{"not_picked":["Turbo","Rebound"],"picked":"Conserve Battery","floor":1},{"not_picked":["Glacier","Aggregate","Steam"],"picked":"SKIP","floor":2},{"not_picked":["Go for the Eyes","Redo"],"picked":"Ball Lightning","floor":4},{"not_picked":["Steam","Aggregate"],"picked":"Machine Learning","floor":5},{"not_picked":["Cold Snap","Hologram"],"picked":"Glacier","floor":7},{"not_picked":["Hello World","Aggregate"],"picked":"Conserve Battery","floor":11},{"not_picked":["Scrape","Steam"],"picked":"Meteor Strike","floor":12},{"not_picked":["White Noise","Streamline","Storm"],"picked":"SKIP","floor":13},{"not_picked":["Skim","Rebound","Go for the Eyes"],"picked":"SKIP","floor":14},{"not_picked":["Core Surge","Thunder Strike"],"picked":"Reboot","floor":16},{"not_picked":["Sweeping Beam","Stack+1"],"picked":"Ball Lightning+1","floor":18},{"not_picked":["Rebound+1","Blizzard"],"picked":"Chill","floor":21},{"not_picked":["Force Field","Gash+1"],"picked":"Self Repair+1","floor":24},{"not_picked":["Beam Cell","Blizzard"],"picked":"White Noise","floor":28},{"not_picked":["Go for the Eyes","Compile Driver","Hello World"],"picked":"SKIP","floor":29},{"not_picked":["Electrodynamics","All For One"],"picked":"Echo Form","floor":33},{"not_picked":["Compile Driver+1","Gash","Scrape"],"picked":"SKIP","floor":35},{"not_picked":["Compile Driver","Turbo+1"],"picked":"Hologram","floor":36},{"not_picked":["Forethought","Secret Weapon"],"picked":"Apotheosis","floor":38},{"not_picked":["Ball Lightning+1","Steam+1"],"picked":"Redo","floor":40},{"not_picked":["Rebound+1","FTL+1"],"picked":"Conserve Battery+1","floor":45},{"not_picked":["Leap+1","Beam Cell+1","Hologram"],"picked":"SKIP","floor":46},{"not_picked":["Streamline+1","Steam"],"picked":"Fusion+1","floor":47},{"not_picked":["Streamline","Beam Cell+1","Compile Driver+1"],"picked":"SKIP","floor":48}],"player_experience":416325,"relics_obtained":[{"floor":9,"key":"PreservedInsect"},{"floor":26,"key":"Torii"},{"floor":36,"key":"Old Coin"},{"floor":40,"key":"Happy Flower"},{"floor":43,"key":"War Paint"}],"event_choices":[{"cards_removed":["Strike_B"],"damage_healed":0,"gold_gain":0,"player_choice":"Card Removal","damage_taken":0,"max_hp_gain":0,"max_hp_loss":0,"event_name":"The Cleric","floor":10,"gold_loss":50},{"damage_healed":0,"gold_gain":0,"player_choice":"Shed Blood","damage_taken":17,"max_hp_gain":5,"max_hp_loss":0,"event_name":"Forgotten Altar","floor":20,"gold_loss":0},{"damage_healed":0,"gold_gain":0,"player_choice":"Paid Fearfully","damage_taken":0,"max_hp_gain":0,"max_hp_loss":0,"event_name":"Masked Bandits","floor":31,"gold_loss":45},{"damage_healed":0,"gold_gain":0,"player_choice":"Fight","damage_taken":0,"max_hp_gain":0,"max_hp_loss":0,"event_name":"MindBloom","floor":36,"gold_loss":0},{"cards_removed":["Defend_B"],"damage_healed":0,"gold_gain":0,"player_choice":"Removed Skill","damage_taken":0,"max_hp_gain":0,"max_hp_loss":0,"event_name":"Falling","floor":37,"gold_loss":0},{"damage_healed":0,"gold_gain":0,"player_choice":"Memory 1","damage_taken":0,"max_hp_gain":0,"max_hp_loss":0,"event_name":"SensoryStone","floor":38,"gold_loss":0},{"damage_healed":0,"gold_gain":0,"player_choice":"Embrace Madness","damage_taken":9,"max_hp_gain":0,"max_hp_loss":0,"event_name":"Winding Halls","floor":42,"gold_loss":0,"cards_obtained":["Madness","Madness"]},{"damage_healed":0,"gold_gain":0,"player_choice":"Paid","damage_taken":0,"relics_obtained":["Red Mask"],"max_hp_gain":0,"max_hp_loss":0,"event_name":"Tomb of Lord Red Mask","floor":44,"gold_loss":257}],"is_beta":false,"boss_relics":[{"not_picked":["Pandora\u0027s Box","Orrery"],"picked":"Inserter"},{"not_picked":["Empty Cage","Tiny House"],"picked":"Runic Pyramid"}],"items_purged_floors":[19,27,39],"is_endless":false,"potions_floor_spawned":[2,5,13,14,16,28,33,36,45,46,47],"ascension_level":0}