{"path_per_floor":["M","?","M","M","M","E","R","E","T","R","E","?","R","M","R","B",null,"M","?","$","M","M","R","M","E","T","R","M","R","T","$","R","B",null,"M","?","M","M","$","R","M","R","T","R","$","R","M","?","R","B"],"character_chosen":"THE_SILENT","items_purchased":["Noxious Fumes","Whetstone","Prepared+1","Backflip+1","Caltrops"],"gold_per_floor":[109,109,128,138,149,180,180,211,211,211,245,195,195,213,213,318,318,338,338,79,89,99,99,119,151,151,151,170,170,170,46,46,149,149,162,162,172,188,9,9,25,25,100,100,60,60,75,75,75,75],"floor_reached":51,"campfire_rested":6,"playtime":5702,"item_purchase_floors":[20,20,31,39,45],"current_hp_per_floor":[70,63,63,63,63,52,52,30,30,30,20,20,20,20,41,39,70,58,58,58,55,45,45,34,32,32,32,21,42,42,42,63,41,70,62,70,61,44,44,44,13,13,13,34,34,55,54,45,66,65],"items_purged":["Defend_G","Strike_G","Strike_G"],"gold":75,"score":635,"play_id":"52999756-5089-4914-a865-203b2f45b7cd","local_time":"20180530143026","is_prod":false,"is_daily":false,"chose_seed":false,"is_ascension_mode":false,"campfire_upgraded":7,"win_rate":0.0,"timestamp":1527683426,"campfire_choices":[{"data":"Dash","floor":7,"key":"SMITH"},{"data":"Neutralize","floor":10,"key":"SMITH"},{"data":"Caltrops","floor":13,"key":"SMITH"},{"floor":15,"key":"REST"},{"data":"Noxious Fumes","floor":23,"key":"SMITH"},{"data":"Infinite Blades","floor":27,"key":"SMITH"},{"floor":29,"key":"REST"},{"floor":32,"key":"REST"},{"data":"Footwork","floor":40,"key":"SMITH"},{"data":"Calculated Gamble","floor":42,"key":"SMITH"},{"floor":44,"key":"REST"},{"floor":46,"key":"REST"},{"floor":49,"key":"REST"}],"path_taken":["M","?","M","M","M","E","R","E","T","R","E","?","R","M","R","BOSS","M","?","$","?","M","R","M","E","T","R","M","R","?","$","R","BOSS","M","?","M","M","$","R","M","R","T","R","?","R","M","?","R","BOSS"],"build_version":"2018-05-28","seed_source_timestamp":184074354252,"purchased_purges":3,"victory":true,"master_deck":["Defend_G","Defend_G","Defend_G","Strike_G","Survivor","Neutralize+1","Flying Knee+1","Slice","Dash+1","Quick Slash+1","Deflect","Terror","Caltrops+1","Calculated Gamble+1","Footwork+1","Noxious Fumes+1","Slice","Infinite Blades+1","Outmaneuver+1","Deflect+1","Prepared+1","Burst+1","Sucker Punch+1","Deflect+1","Expertise+1","Backflip+1","Backflip+1","Caltrops","Slice+1","Madness+1","Madness+1"],"max_hp_per_floor":[70,70,70,70,70,70,70,70,70,70,70,70,70,70,70,70,70,70,70,70,70,70,70,70,70,70,70,70,70,70,70,70,70,70,70,70,70,70,70,70,70,70,70,70,70,70,70,70,70,70],"relics":["Ring of the Snake","Bronze Scales","Sundial","Letter Opener","Matryoshka","Lizard Tail","Whetstone","Toxic Egg 2","Lantern","Question Card","Blood Vial","Kunai","Sozu","Paper Crane"],"card_choices":[{"not_picked":["Deadly Poison","Flechettes"],"picked":"Flying Knee","floor":1},{"not_picked":["Well Laid Plans","Prepared"],"picked":"Slice","floor":3},{"not_picked":["Eviscerate","Expertise"],"picked":"Dash","floor":4},{"not_picked":["All Out Attack","Acrobatics"],"picked":"Quick Slash","floor":5},{"not_picked":["PiercingWail","Crippling Poison"],"picked":"Deflect","floor":6},{"not_picked":["Distraction","Finisher"],"picked":"Terror","floor":8},{"not_picked":["Predator","Tools of the Trade"],"picked":"Caltrops","floor":11},{"not_picked":["Choke","Bouncing Flask"],"picked":"Calculated Gamble","floor":14},{"not_picked":["Heel Hook","Dodge and Roll"],"picked":"Footwork","floor":18},{"not_picked":["Deadly Poison","Dagger Throw+1"],"picked":"Slice","floor":21},{"not_picked":["Poisoned Stab","Deadly Poison"],"picked":"Infinite Blades","floor":22},{"not_picked":["Expertise","PiercingWail","Dagger Spray"],"picked":"SKIP","floor":24},{"not_picked":["Heel Hook+1","Distraction"],"picked":"Outmaneuver","floor":25},{"not_picked":["Outmaneuver+1","Wraith Form v2","Flying Knee+1"],"picked":"Deflect+1","floor":28},{"not_picked":["Wraith Form v2","Night Terror+1","After Image"],"picked":"Burst+1","floor":33},{"not_picked":["Slice+1","Outmaneuver+1","Eviscerate+1"],"picked":"Sucker Punch+1","floor":35},{"not_picked":["Sucker Punch+1","All Out Attack+1","Prepared+1"],"picked":"Deflect+1","floor":37},{"not_picked":["Malaise+1","Outmaneuver+1","Deadly Poison+1"],"picked":"Expertise+1","floor":38},{"not_picked":["Heel Hook","Dagger Spray+1","Predator"],"picked":"Backflip+1","floor":41},{"not_picked":["Die Die Die","Sucker Punch","Deadly Poison+1"],"picked":"Slice+1","floor":47}],"player_experience":4191,"potions_floor_usage":[6,8,16,22,25,33],"damage_taken":[{"damage":0,"enemies":"2 Louse","floor":1,"turns":3},{"damage":0,"enemies":"Jaw Worm","floor":3,"turns":5},{"damage":0,"enemies":"Small Slimes","floor":4,"turns":2},{"damage":0,"enemies":"Looter","floor":5,"turns":3},{"damage":11,"enemies":"3 Sentries","floor":6,"turns":9},{"damage":22,"enemies":"Gremlin Nob","floor":8,"turns":4},{"damage":10,"enemies":"Lagavulin","floor":11,"turns":6},{"damage":0,"enemies":"Blue Slaver","floor":14,"turns":3},{"damage":2,"enemies":"Hexaghost","floor":16,"turns":7},{"damage":12,"enemies":"Spheric Guardian","floor":18,"turns":5},{"damage":3,"enemies":"Shell Parasite","floor":21,"turns":3},{"damage":10,"enemies":"Centurion and Healer","floor":22,"turns":7},{"damage":11,"enemies":"Snecko","floor":24,"turns":5},{"damage":39,"enemies":"Gremlin Leader","floor":25,"turns":6},{"damage":11,"enemies":"Chosen and Byrds","floor":28,"turns":6},{"damage":24,"enemies":"Automaton","floor":33,"turns":10},{"damage":8,"enemies":"3 Shapes","floor":35,"turns":5},{"damage":9,"enemies":"Orb Walker","floor":37,"turns":4},{"damage":19,"enemies":"Flame Bruiser 2 Orb","floor":38,"turns":6},{"damage":33,"enemies":"Transient","floor":41,"turns":5},{"damage":3,"enemies":"4 Shapes","floor":47,"turns":6},{"damage":3,"enemies":"Awakened One","floor":50,"turns":14}],"relics_obtained":[{"floor":6,"key":"Bronze Scales"},{"floor":8,"key":"Sundial"},{"floor":9,"key":"Letter Opener"},{"floor":11,"key":"Matryoshka"},{"floor":25,"key":"Toxic Egg 2"},{"floor":26,"key":"Lantern"},{"floor":26,"key":"Question Card"},{"floor":30,"key":"Blood Vial"},{"floor":30,"key":"Kunai"},{"floor":43,"key":"Paper Crane"}],"event_choices":[{"event_name":"Golden Wing","player_choice":"Card Removal","floor":2,"damage_taken":0},{"event_name":"The Cleric","player_choice":"Card Removal","floor":12,"damage_taken":0},{"event_name":"Transmorgrifier","player_choice":"Transform","floor":19,"damage_taken":0},{"event_name":"Bonfire Elementals","player_choice":"UNCOMMON","floor":36,"damage_taken":0},{"event_name":"Winding Halls","player_choice":"Embrace Madness","floor":48,"damage_taken":0}],"boss_relics":[{"not_picked":["White Beast Statue","Velvet Choker"],"picked":"Lizard Tail"},{"not_picked":["Philosopher\u0027s Stone","Snecko Eye"],"picked":"Sozu"}],"items_purged_floors":[20,31,39],"potions_floor_spawned":[3,5,6,11,18,28,35,37,38],"seed_played":"5469229523983048350","ascension_level":0,"potions_obtained":[{"floor":3,"key":"Ancient Potion"},{"floor":5,"key":"GamblersBrew"},{"floor":6,"key":"GamblersBrew"},{"floor":11,"key":"EssenceOfSteel"},{"floor":18,"key":"LiquidBronze"},{"floor":28,"key":"Swift Potion"}],"is_trial":false}