{"gold_per_floor":[116,131,142,142,154,154,44,69,69,87,117,135,135,147,147,246,246,265,28,45,45,60,60,60,60,85,104,116,131,149,165,165,269,269,284,284,284,96,96,96,115,115,115,130,141,41,59,59,59,59],"floor_reached":50,"playtime":3104,"items_purged":["Defend_R","Injury"],"score":745,"play_id":"fe5ec81c-45eb-43c5-9eef-7a33c2547789","local_time":"20180627182821","is_ascension_mode":true,"campfire_choices":[{"data":"Perfected Strike","floor":6,"key":"SMITH"},{"floor":15,"key":"REST"},{"floor":23,"key":"REST"},{"data":"Whirlwind","floor":25,"key":"SMITH"},{"floor":32,"key":"REST"},{"data":"Apotheosis","floor":40,"key":"SMITH"},{"data":"Shrug It Off","floor":42,"key":"SMITH"},{"floor":49,"key":"REST"}],"neow_cost":"NONE","seed_source_timestamp":252470989872288,"circlet_count":0,"master_deck":["Strike_R","Strike_R","Strike_R","Strike_R","Strike_R","Defend_R+1","Defend_R+1","Bash","Cleave","Inflame","Shrug It Off","Disarm","Perfected Strike+1","Spot Weakness","Demon Form","Shrug It Off+1","Headbutt","Barricade","Carnage","Impervious","Metallicize","Whirlwind+1","Intimidate","Writhe","Heavy Blade","Shrug It Off","Infernal Blade","Immolate","Juggernaut","Clumsy","Parasite","Panacea","Madness","Madness","Apotheosis+1","Twin Strike","Flame Barrier+1","Pommel Strike"],"relics":["Burning Blood","War Paint","Odd Mushroom","Meat on the Bone","Oddly Smooth Stone","Sozu","Orichalcum","Toolbox","Pen Nib","Calling Bell","Ancient Tea Set","Mercury Hourglass","Sundial","Charon\u0027s Ashes","Self Forming Clay"],"potions_floor_usage":[22,33,41],"damage_taken":[{"damage":6,"enemies":"Cultist","floor":1,"turns":3},{"damage":0,"enemies":"Small Slimes","floor":2,"turns":3},{"damage":7,"enemies":"2 Louse","floor":3,"turns":2},{"damage":0,"enemies":"Large Slime","floor":5,"turns":5},{"damage":21,"floor":8,"turns":4},{"damage":8,"enemies":"Blue Slaver","floor":10,"turns":4},{"damage":29,"enemies":"3 Sentries","floor":11,"turns":7},{"damage":0,"enemies":"2 Fungi Beasts","floor":12,"turns":2},{"damage":29,"enemies":"3 Louse","floor":14,"turns":4},{"damage":32,"enemies":"Slime Boss","floor":16,"turns":11},{"damage":29,"enemies":"Shell Parasite","floor":18,"turns":6},{"damage":18,"enemies":"Spheric Guardian","floor":20,"turns":4},{"damage":24,"enemies":"3 Cultists","floor":22,"turns":5},{"damage":9,"enemies":"Snake Plant","floor":27,"turns":4},{"damage":9,"enemies":"Centurion and Healer","floor":28,"turns":6},{"damage":3,"enemies":"Chosen and Byrds","floor":29,"turns":7},{"damage":13,"enemies":"Slaver and Parasite","floor":30,"turns":3},{"damage":15,"enemies":"Snake Plant","floor":31,"turns":4},{"damage":19,"enemies":"Champ","floor":33,"turns":9},{"damage":7,"enemies":"Orb Walker","floor":35,"turns":4},{"damage":7,"floor":39,"turns":9},{"damage":0,"enemies":"3 Shapes","floor":41,"turns":3},{"damage":16,"enemies":"Sphere and 2 Shapes","floor":44,"turns":7},{"damage":52,"enemies":"Maw","floor":45,"turns":8},{"damage":6,"enemies":"4 Shapes","floor":47,"turns":6},{"damage":87,"enemies":"Donu and Deca","floor":50,"turns":5}],"seed_played":"-5829966050967677739","potions_obtained":[{"floor":5,"key":"Ancient Potion"},{"floor":10,"key":"FearPotion"},{"floor":11,"key":"PowerPotion"}],"is_trial":false,"path_per_floor":["M","M","M","?","M","R","$","?","T","M","E","M","?","M","R","B",null,"M","$","M","?","M","R","?","R","T","M","M","M","M","M","R","B",null,"M","?","?","$","?","R","M","R","T","M","M","$","M","?","R"],"character_chosen":"IRONCLAD","items_purchased":["Spot Weakness","Whirlwind","Orichalcum","Apotheosis"],"campfire_rested":4,"item_purchase_floors":[7,19,19,38],"current_hp_per_floor":[80,80,79,79,80,80,80,65,65,63,52,58,58,47,71,57,80,57,57,57,42,36,61,61,61,61,58,55,62,55,58,83,70,85,84,84,73,73,72,72,78,78,78,68,34,34,46,46,71,0],"gold":59,"neow_bonus":"RANDOM_COMMON_RELIC","is_prod":false,"is_daily":false,"chose_seed":false,"campfire_upgraded":4,"win_rate":0,"timestamp":1530138501,"path_taken":["M","M","?","?","M","R","$","?","T","M","E","M","?","M","R","BOSS","M","$","M","?","M","R","?","R","T","M","?","M","M","M","R","BOSS","M","?","?","$","?","R","M","R","T","M","?","$","M","?","R","BOSS"],"build_version":"2018-06-21v2","purchased_purges":2,"victory":false,"max_hp_per_floor":[80,80,80,80,80,80,80,80,80,80,80,80,80,80,80,80,80,80,80,80,85,85,85,85,85,85,85,85,85,85,85,85,85,85,85,85,85,85,85,85,85,85,85,85,85,85,85,85,85,85],"card_choices":[{"not_picked":["Clothesline","Sword Boomerang"],"picked":"Cleave","floor":1},{"not_picked":["Flex","Fire Breathing"],"picked":"Inflame","floor":2},{"not_picked":["Armaments","Sword Boomerang"],"picked":"Shrug It Off","floor":3},{"not_picked":["Cleave","Clothesline"],"picked":"Perfected Strike","floor":5},{"not_picked":["Clothesline","Clash"],"picked":"Demon Form","floor":8},{"not_picked":["Sword Boomerang","Battle Trance"],"picked":"Shrug It Off","floor":10},{"not_picked":["True Grit","Anger"],"picked":"Headbutt","floor":11},{"not_picked":["Perfected Strike","Carnage"],"picked":"Barricade","floor":12},{"not_picked":["Headbutt","Metallicize"],"picked":"Carnage","floor":14},{"not_picked":["Offering","Fiend Fire"],"picked":"Impervious","floor":16},{"not_picked":["Shockwave","Anger"],"picked":"Metallicize","floor":18},{"not_picked":["Corruption","Searing Blow"],"picked":"Intimidate","floor":20},{"not_picked":["Headbutt","Pommel Strike","Searing Blow+1"],"picked":"SKIP","floor":22},{"not_picked":["Pommel Strike","Iron Wave"],"picked":"Heavy Blade","floor":27},{"not_picked":["Feel No Pain","Headbutt+1"],"picked":"Shrug It Off","floor":28},{"not_picked":["Feel No Pain","Anger"],"picked":"Infernal Blade","floor":29},{"not_picked":["Entrench","Sever Soul+1"],"picked":"Immolate","floor":30},{"not_picked":["Body Slam","Twin Strike","Metallicize"],"picked":"SKIP","floor":31},{"not_picked":["Fiend Fire","Dark Embrace"],"picked":"Juggernaut","floor":33},{"not_picked":["Sword Boomerang","True Grit","Body Slam"],"picked":"SKIP","floor":35},{"not_picked":["Deep Breath","Flash of Steel"],"picked":"Panacea","floor":36},{"not_picked":["Clothesline","Sever Soul","Thunderclap+1"],"picked":"SKIP","floor":41},{"not_picked":["Evolve","Warcry"],"picked":"Twin Strike","floor":44},{"not_picked":["Hemokinesis","True Grit"],"picked":"Flame Barrier+1","floor":45},{"not_picked":["Whirlwind","Wild Strike"],"picked":"Pommel Strike","floor":47}],"player_experience":812366,"relics_obtained":[{"floor":8,"key":"Odd Mushroom"},{"floor":9,"key":"Meat on the Bone"},{"floor":11,"key":"Oddly Smooth Stone"},{"floor":26,"key":"Pen Nib"},{"floor":34,"key":"Ancient Tea Set"},{"floor":34,"key":"Mercury Hourglass"},{"floor":34,"key":"Sundial"},{"floor":39,"key":"Charon\u0027s Ashes"},{"floor":43,"key":"Self Forming Clay"}],"event_choices":[{"event_name":"Transmorgrifier","player_choice":"Transform","floor":4,"damage_taken":0},{"event_name":"Mushrooms","player_choice":"Fought Mushrooms","floor":8,"damage_taken":0},{"event_name":"Shining Light","player_choice":"Ignored","floor":13,"damage_taken":0},{"event_name":"Forgotten Altar","player_choice":"Shed Blood","floor":21,"damage_taken":0},{"event_name":"The Mausoleum","player_choice":"Yes","floor":24,"damage_taken":0},{"event_name":"SensoryStone","player_choice":"Memory 1","floor":36,"damage_taken":0},{"event_name":"Winding Halls","player_choice":"Embrace Madness","floor":37,"damage_taken":0},{"event_name":"MindBloom","player_choice":"Fight","floor":39,"damage_taken":0},{"event_name":"Mysterious Sphere","player_choice":"Ignore","floor":48,"damage_taken":0}],"boss_relics":[{"not_picked":["Cursed Key","Tiny House"],"picked":"Sozu"},{"not_picked":["Runic Pyramid","Philosopher\u0027s Stone"],"picked":"Calling Bell"}],"items_purged_floors":[7,46],"is_endless":false,"potions_floor_spawned":[5,10,11,14,16,29,30,33,44,45,47],"killed_by":"Donu and Deca","ascension_level":4}