{"path_per_floor":["M","?","$","$","?","R","$","R","T","M","M","E","?","M","R"],"character_chosen":"IRONCLAD","items_purchased":["Shrug It Off","Orichalcum"],"gold_per_floor":[118,193,147,0,0,0,0,0,0,10,27,56,56,75,75,75],"floor_reached":16,"campfire_rested":1,"playtime":586,"item_purchase_floors":[3,4],"current_hp_per_floor":[77,66,66,66,66,66,66,66,66,72,71,56,49,40,64,0],"items_purged":[],"gold":75,"score":113,"play_id":"34a52675-42dd-40c0-a24c-1ba4e2cd159d","local_time":"20180612205022","is_prod":false,"is_daily":false,"chose_seed":false,"is_ascension_mode":true,"campfire_upgraded":2,"win_rate":0,"timestamp":1528851022,"campfire_choices":[{"data":"Limit Break","floor":6,"key":"SMITH"},{"data":"Heavy Blade","floor":8,"key":"SMITH"},{"floor":15,"key":"REST"}],"path_taken":["M","?","?","$","?","R","$","R","T","M","?","E","?","M","R","BOSS"],"build_version":"2018-06-07v3","seed_source_timestamp":524756618604820,"purchased_purges":0,"victory":false,"master_deck":["Strike_R","Strike_R","Strike_R","Strike_R","Defend_R","Defend_R","Defend_R","Defend_R","Bash","Limit Break+1","Heavy Blade+1","Shrug It Off","Heavy Blade","Shrug It Off","Cleave"],"max_hp_per_floor":[80,80,80,80,80,80,80,80,80,80,80,80,80,80,80,80],"relics":["Burning Blood","Orichalcum","Self Forming Clay","Sundial"],"card_choices":[{"not_picked":["Body Slam","Flex"],"picked":"Heavy Blade","floor":1},{"not_picked":["Armaments","Intimidate"],"picked":"Heavy Blade","floor":10},{"not_picked":["Dropkick","Havoc","Clothesline"],"picked":"SKIP","floor":11},{"not_picked":["True Grit","Thunderclap"],"picked":"Shrug It Off","floor":12},{"not_picked":["Iron Wave","Shrug It Off"],"picked":"Cleave","floor":14}],"player_experience":511195,"potions_floor_usage":[12],"damage_taken":[{"damage":9,"enemies":"2 Louse","floor":1,"turns":3},{"damage":0,"enemies":"Cultist","floor":10,"turns":3},{"damage":7,"enemies":"Jaw Worm","floor":11,"turns":4},{"damage":21,"enemies":"Gremlin Nob","floor":12,"turns":5},{"damage":15,"enemies":"Blue Slaver","floor":14,"turns":4},{"damage":76,"enemies":"Slime Boss","floor":16,"turns":11}],"relics_obtained":[{"floor":9,"key":"Self Forming Clay"},{"floor":12,"key":"Sundial"}],"event_choices":[{"event_name":"World of Goop","player_choice":"Gather Gold","floor":2,"damage_taken":0},{"event_name":"Liars Game","player_choice":"disagreed","floor":5,"damage_taken":0},{"event_name":"Golden Wing","player_choice":"Card Removal","floor":13,"damage_taken":0}],"boss_relics":[],"items_purged_floors":[],"potions_floor_spawned":[11],"seed_played":"6565114689304319498","killed_by":"Slime Boss","ascension_level":3,"potions_obtained":[{"floor":11,"key":"Block Potion"}],"is_trial":false}