{"gold_per_floor":[119,130,130,140,24,24,24,24,106,134,134,150,168,178,178,277,277,293,218,229,229],"floor_reached":21,"playtime":1366,"items_purged":[],"score":290,"play_id":"f12402dc-5276-42a8-a91c-91189ab229cc","local_time":"20181027210918","is_ascension_mode":true,"campfire_choices":[{"data":"Neutralize","floor":6.0,"key":"SMITH"},{"floor":8.0,"key":"REST"},{"floor":11.0,"key":"REST"},{"floor":15.0,"key":"REST"}],"neow_cost":"NONE","seed_source_timestamp":0,"circlet_count":0,"master_deck":["Survivor","Neutralize+1","AscendersBane","Footwork","Flying Knee","Terror","Infinite Blades","All Out Attack","Dash","Leg Sweep","Infinite Blades","Escape Plan","Glass Knife","Sucker Punch","Deadly Poison","Leg Sweep","Accuracy","Acrobatics","Poisoned Stab","Backflip","Dash"],"special_seed":0,"relics":["Empty Cage","Gremlin Horn","Centennial Puzzle","Pandora\u0027s Box"],"potions_floor_usage":[],"damage_taken":[{"damage":8.0,"enemies":"Cultist","floor":1.0,"turns":6.0},{"damage":16.0,"enemies":"Jaw Worm","floor":2.0,"turns":10.0},{"damage":2.0,"enemies":"Small Slimes","floor":4.0,"turns":6.0},{"damage":33.0,"enemies":"Gremlin Nob","floor":10.0,"turns":5.0},{"damage":20.0,"enemies":"Gremlin Gang","floor":12.0,"turns":4.0},{"damage":9.0,"enemies":"3 Louse","floor":13.0,"turns":2.0},{"damage":0.0,"enemies":"2 Fungi Beasts","floor":14.0,"turns":4.0},{"damage":8.0,"enemies":"Hexaghost","floor":16.0,"turns":11.0},{"damage":13,"enemies":"Chosen","floor":18,"turns":4},{"damage":36,"enemies":"2 Thieves","floor":20,"turns":4},{"damage":10,"enemies":"Shelled Parasite and Fungi","floor":21,"turns":3}],"seed_played":"-2728159319095448968","potions_obtained":[{"floor":1.0,"key":"Weak Potion"},{"floor":4.0,"key":"Poison Potion"},{"floor":14.0,"key":"Swift Potion"},{"floor":18,"key":"FearPotion"}],"is_trial":false,"path_per_floor":["M","M","?","M","$","R","?","R","T","E","R","M","M","M","R","B",null,"M","?","M"],"character_chosen":"THE_SILENT","items_purchased":["Infinite Blades","All Out Attack"],"campfire_rested":3,"item_purchase_floors":[5,5],"current_hp_per_floor":[55,39,32,30,30,30,30,51,51,18,39,19,10,10,31,23,58,45,45,9,0],"gold":229,"neow_bonus":"BOSS_RELIC","is_prod":false,"is_daily":false,"chose_seed":false,"campfire_upgraded":1,"win_rate":0,"timestamp":1540688958,"path_taken":["M","M","?","M","$","R","?","R","T","E","R","M","?","M","R","BOSS","M","?","M","M"],"build_version":"2018-10-25v2","purchased_purges":0,"victory":false,"max_hp_per_floor":[70,70,70,70,70,70,70,70,70,70,70,70,70,70,70,70,70,70,70,70,70],"card_choices":[{"not_picked":["Calculated Gamble","Dagger Throw"],"picked":"Footwork","floor":1.0},{"not_picked":["Underhanded Strike","Skewer"],"picked":"Flying Knee","floor":2.0},{"not_picked":["Acrobatics","Dagger Throw"],"picked":"Terror","floor":4.0},{"not_picked":["Escape Plan","Poisoned Stab"],"picked":"Dash","floor":10.0},{"not_picked":["PiercingWail","Deflect"],"picked":"Leg Sweep","floor":12.0},{"not_picked":["Doppelganger","Dodge and Roll"],"picked":"Infinite Blades","floor":13.0},{"not_picked":["Underhanded Strike","Outmaneuver"],"picked":"Escape Plan","floor":14.0},{"not_picked":["Phantasmal Killer","Bullet Time"],"picked":"Glass Knife","floor":16.0},{"not_picked":["All Out Attack","Reflex"],"picked":"Backflip","floor":18},{"not_picked":["Bane","PiercingWail"],"picked":"Dash","floor":20}],"player_experience":1595160,"relics_obtained":[{"floor":9.0,"key":"Gremlin Horn"},{"floor":10.0,"key":"Centennial Puzzle"}],"event_choices":[{"cards_removed":["Strike_G"],"damage_healed":0.0,"max_hp_gain":0.0,"max_hp_loss":0.0,"gold_gain":0.0,"event_name":"Golden Wing","player_choice":"Card Removal","floor":3.0,"gold_loss":0.0,"damage_taken":7.0},{"damage_healed":0.0,"max_hp_gain":0.0,"max_hp_loss":0.0,"gold_gain":30.0,"event_name":"Dead Adventurer","player_choice":"Searched \u00271\u0027 times","floor":7.0,"gold_loss":0.0,"damage_taken":0.0},{"cards_removed":["Outmaneuver"],"damage_healed":0,"gold_gain":0,"player_choice":"Gave Gold","damage_taken":0,"max_hp_gain":0,"max_hp_loss":0,"event_name":"Beggar","floor":19,"gold_loss":75}],"is_beta":false,"boss_relics":[{"not_picked":["Snecko Eye","HoveringKite"],"picked":"Pandora\u0027s Box"}],"items_purged_floors":[],"is_endless":false,"potions_floor_spawned":[1,4,14,18],"killed_by":"Shelled Parasite and Fungi","ascension_level":12}