{"path_per_floor":["M","M","M","?","M","E","R","E","T","M","R","M","M","M","R","B",null,"M","M","$","M","M","E","?","$","T","$","T","?","E","$","R","B",null,"M","M","?","M","?","E","R","M","T","M","M","R","$","E","R","B"],"character_chosen":"IRONCLAD","items_purchased":["Apotheosis","Omamori","Energy Potion","Metallicize","SpeedPotion","Exhume"],"gold_per_floor":[115,133,150,150,168,194,194,226,226,237,237,251,261,277,277,381,381,396,416,82,94,114,139,139,64,64,16,61,61,88,2,2,106,106,117,136,0,19,19,51,51,66,117,132,146,146,77,102,102,102],"floor_reached":51,"campfire_rested":5,"playtime":5750,"item_purchase_floors":[20,20,27,31,31,47],"current_hp_per_floor":[74,74,76,81,56,27,27,16,16,14,39,39,29,31,31,24,94,85,81,81,71,80,61,61,61,61,61,61,51,54,54,89,89,117,117,80,80,82,82,77,113,117,117,124,65,103,103,98,128,50],"items_purged":["Defend_R"],"gold":102,"score":921,"play_id":"2bdf1838-f46f-4f7e-ba79-e8e082ec1857","local_time":"20180626152446","is_prod":false,"is_daily":false,"chose_seed":false,"is_ascension_mode":true,"campfire_upgraded":2,"win_rate":0,"timestamp":1530044686,"campfire_choices":[{"data":"Uppercut","floor":7,"key":"SMITH"},{"floor":11,"key":"REST"},{"data":"Havoc","floor":15,"key":"SMITH"},{"floor":32,"key":"REST"},{"floor":41,"key":"REST"},{"floor":46,"key":"REST"},{"floor":49,"key":"REST"}],"path_taken":["M","M","M","?","M","E","R","E","T","?","R","?","M","?","R","BOSS","M","M","$","M","M","E","?","$","T","?","?","?","E","$","R","BOSS","M","?","?","M","?","E","R","?","T","M","M","R","?","E","R","BOSS"],"build_version":"2018-06-21","seed_source_timestamp":609051971479835,"purchased_purges":1,"circlet_count":0,"victory":true,"master_deck":["Strike_R","Strike_R","Strike_R","Strike_R","Strike_R","Defend_R","Defend_R","Bash","Uppercut+1","Shrug It Off","Havoc+1","Offering","Pommel Strike","Feed","Flame Barrier","Power Through","Headbutt","Demon Form","Whirlwind","Heavy Blade","Apotheosis","Limit Break","Disarm+1","Headbutt+1","Metallicize","Impervious","Evolve+1","Deep Breath","Disarm","Barricade","Inflame+1","Pommel Strike+1","Exhume","Spot Weakness+1","Metallicize+1"],"max_hp_per_floor":[80,80,80,85,85,85,85,85,85,85,85,88,91,94,94,94,94,94,97,97,97,100,104,104,104,104,104,104,104,117,117,117,117,117,117,117,117,117,117,121,121,121,121,124,128,128,128,128,128,132],"relics":["Burning Blood","Kunai","Ornamental Fan","Gremlin Horn","Snecko Eye","Omamori","Calipers","Molten Egg 2","Oddly Smooth Stone","Pear","Cursed Key","Red Mask","Blood Vial","Dream Catcher","Magic Flower"],"card_choices":[{"not_picked":["Carnage","Anger"],"picked":"Uppercut","floor":1},{"not_picked":["Wild Strike","Second Wind"],"picked":"Shrug It Off","floor":2},{"not_picked":["Warcry","Corruption"],"picked":"Havoc","floor":3},{"not_picked":["Headbutt","Battle Trance"],"picked":"Offering","floor":5},{"not_picked":["Warcry","Armaments"],"picked":"Pommel Strike","floor":6},{"not_picked":["Havoc","Twin Strike"],"picked":"Feed","floor":8},{"not_picked":["Dual Wield","Disarm"],"picked":"Flame Barrier","floor":10},{"not_picked":["Headbutt","Entrench"],"picked":"Power Through","floor":12},{"not_picked":["Wild Strike","Flex"],"picked":"Headbutt","floor":13},{"not_picked":["Wild Strike","Power Through","Havoc"],"picked":"SKIP","floor":14},{"not_picked":["Fiend Fire","Dark Embrace"],"picked":"Demon Form","floor":16},{"not_picked":["True Grit","Disarm"],"picked":"Whirlwind","floor":18},{"not_picked":["Iron Wave","Clash"],"picked":"Heavy Blade","floor":19},{"not_picked":["Flex","Anger","Shrug It Off"],"picked":"SKIP","floor":21},{"not_picked":["True Grit","Headbutt"],"picked":"Limit Break","floor":22},{"not_picked":["Combust","Rampage"],"picked":"Disarm+1","floor":23},{"not_picked":["Sword Boomerang+1","Barricade"],"picked":"Headbutt+1","floor":30},{"not_picked":["Fiend Fire+1","Juggernaut"],"picked":"Impervious","floor":33},{"not_picked":["Flex+1","Twin Strike+1","Cleave+1"],"picked":"SKIP","floor":35},{"not_picked":["Shrug It Off+1","Pommel Strike+1"],"picked":"Evolve+1","floor":36},{"not_picked":["True Grit+1","Rampage+1","Wild Strike+1"],"picked":"SKIP","floor":38},{"not_picked":["Blind","Good Instincts"],"picked":"Deep Breath","floor":39},{"not_picked":["Warcry+1","Thunderclap+1"],"picked":"Disarm","floor":40},{"not_picked":["Clash+1","Shrug It Off"],"picked":"Barricade","floor":42},{"not_picked":["Sword Boomerang+1","Headbutt+1","Body Slam+1"],"picked":"SKIP","floor":44},{"not_picked":["Berserk","Seeing Red+1"],"picked":"Inflame+1","floor":45},{"not_picked":["Shrug It Off","Warcry"],"picked":"Pommel Strike+1","floor":46},{"not_picked":["Seeing Red+1","Infernal Blade"],"picked":"Spot Weakness+1","floor":48},{"not_picked":["Headbutt+1","Searing Blow+1"],"picked":"Metallicize+1","floor":49}],"player_experience":86458,"potions_floor_usage":[6,6,10,16,16,19,30,50,50,50],"damage_taken":[{"damage":12,"enemies":"Jaw Worm","floor":1,"turns":3},{"damage":6,"enemies":"2 Louse","floor":2,"turns":2},{"damage":4,"enemies":"Cultist","floor":3,"turns":3},{"damage":31,"enemies":"Lots of Slimes","floor":5,"turns":6},{"damage":35,"enemies":"Lagavulin","floor":6,"turns":9},{"damage":17,"enemies":"Gremlin Nob","floor":8,"turns":3},{"damage":16,"enemies":"Exordium Wildlife","floor":10,"turns":3},{"damage":9,"enemies":"Large Slime","floor":12,"turns":6},{"damage":19,"enemies":"3 Louse","floor":13,"turns":3},{"damage":7,"enemies":"Exordium Thugs","floor":14,"turns":4},{"damage":13,"enemies":"Hexaghost","floor":16,"turns":10},{"damage":15,"enemies":"Chosen","floor":18,"turns":5},{"damage":18,"enemies":"2 Thieves","floor":19,"turns":2},{"damage":16,"enemies":"Centurion and Healer","floor":21,"turns":6},{"damage":0,"enemies":"Cultist and Chosen","floor":22,"turns":4},{"damage":29,"enemies":"Gremlin Leader","floor":23,"turns":4},{"damage":16,"enemies":"Slavers","floor":30,"turns":4},{"damage":6,"enemies":"Champ","floor":33,"turns":9},{"damage":0,"enemies":"Flame Bruiser 1 Orb","floor":35,"turns":4},{"damage":43,"enemies":"3 Darklings","floor":36,"turns":5},{"damage":4,"enemies":"Flame Bruiser 2 Orb","floor":38,"turns":3},{"damage":15,"enemies":"Nemesis","floor":40,"turns":5},{"damage":4,"enemies":"Spire Growth","floor":42,"turns":4},{"damage":4,"enemies":"Sphere and 2 Shapes","floor":44,"turns":5},{"damage":69,"enemies":"4 Shapes","floor":45,"turns":4},{"damage":13,"enemies":"Giant Head","floor":48,"turns":7},{"damage":93,"enemies":"Donu and Deca","floor":50,"turns":9}],"relics_obtained":[{"floor":6,"key":"Kunai"},{"floor":8,"key":"Ornamental Fan"},{"floor":9,"key":"Gremlin Horn"},{"floor":23,"key":"Calipers"},{"floor":26,"key":"Molten Egg 2"},{"floor":28,"key":"Oddly Smooth Stone"},{"floor":30,"key":"Pear"},{"floor":40,"key":"Blood Vial"},{"floor":43,"key":"Dream Catcher"},{"floor":48,"key":"Magic Flower"}],"event_choices":[{"event_name":"Big Fish","player_choice":"Donut","floor":4,"damage_taken":0},{"event_name":"Back to Basics","player_choice":"Elegance","floor":24,"damage_taken":0},{"event_name":"Knowing Skull","player_choice":"","floor":29,"damage_taken":0},{"event_name":"Tomb of Lord Red Mask","player_choice":"Paid","floor":37,"damage_taken":0},{"event_name":"SensoryStone","player_choice":"Memory 1","floor":39,"damage_taken":0}],"boss_relics":[{"not_picked":["Eternal Feather","Astrolabe"],"picked":"Snecko Eye"},{"not_picked":["Lizard Tail","Velvet Choker"],"picked":"Cursed Key"}],"items_purged_floors":[25],"is_endless":false,"potions_floor_spawned":[1,2,8,13,14,18,33,40,44,45,48],"seed_played":"-4276880860976790751","ascension_level":3,"potions_obtained":[{"floor":1,"key":"Dexterity Potion"},{"floor":2,"key":"Dexterity Potion"},{"floor":8,"key":"BloodPotion"},{"floor":13,"key":"EssenceOfSteel"},{"floor":14,"key":"GamblersBrew"},{"floor":18,"key":"Regen Potion"},{"floor":33,"key":"Dexterity Potion"},{"floor":40,"key":"Swift Potion"},{"floor":45,"key":"Swift Potion"}],"is_trial":false}