{"gold_per_floor":[117,44,57,69,69,69,59,105,129,129,164,164,7,18,18,116,116,135,148,2,22,22,22,22],"floor_reached":24,"playtime":1408,"items_purged":[],"score":255,"play_id":"72086dcf-412a-4852-9b31-3df555695acd","local_time":"20180802115036","is_ascension_mode":true,"campfire_choices":[{"data":"Neutralize","floor":6,"key":"SMITH"},{"floor":10,"key":"REST"},{"data":"Accuracy","floor":12,"key":"SMITH"},{"floor":15,"key":"REST"},{"floor":23,"key":"REST"}],"neow_cost":"NONE","seed_source_timestamp":669835674566739,"circlet_count":0,"master_deck":["Defend_G","Defend_G","Defend_G","Defend_G","Defend_G","Strike_G","Strike_G","Strike_G","Strike_G","Strike_G","Survivor","Neutralize+1","Blur","Dodge and Roll","Well Laid Plans","Flying Knee","PiercingWail","Dodge and Roll","Infinite Blades+1","Noxious Fumes","Accuracy+1","Accuracy","Backflip","Poisoned Stab","Envenom","Backstab","Noxious Fumes","Backstab","Caltrops+1"],"relics":["Orrery","Orichalcum","Vajra","Bag of Preparation","Snake Skull","WristBlade"],"potions_floor_usage":[3,11,16,16,21],"damage_taken":[{"damage":0,"enemies":"Jaw Worm","floor":1,"turns":4},{"damage":2,"enemies":"Cultist","floor":3,"turns":4},{"damage":3,"enemies":"2 Louse","floor":4,"turns":4},{"damage":21,"enemies":"Exordium Thugs","floor":7,"turns":6},{"damage":4,"enemies":"Lagavulin","floor":11,"turns":6},{"damage":11,"enemies":"Blue Slaver","floor":14,"turns":3},{"damage":15,"enemies":"Slime Boss","floor":16,"turns":8},{"damage":16,"enemies":"Shell Parasite","floor":18,"turns":5},{"damage":22,"enemies":"Spheric Guardian","floor":19,"turns":4},{"damage":15,"enemies":"Cultist and Chosen","floor":21,"turns":6},{"damage":36,"enemies":"Slavers","floor":24,"turns":2}],"seed_played":"-8461533292860807441","potions_obtained":[{"floor":1,"key":"AttackPotion"},{"floor":4,"key":"Energy Potion"},{"floor":11,"key":"Swift Potion"},{"floor":14,"key":"Block Potion"},{"floor":18,"key":"Ancient Potion"}],"is_trial":false,"path_per_floor":["M","$","M","M","?","R","M","T","T","R","E","R","$","M","R","B",null,"M","M","$","M","?","R"],"character_chosen":"THE_SILENT","items_purchased":["Infinite Blades","Snake Skull","Noxious Fumes","Backstab"],"campfire_rested":3,"item_purchase_floors":[2,13,20,20],"current_hp_per_floor":[63,63,61,58,58,58,37,37,37,58,54,54,54,43,64,49,65,49,27,27,12,12,33,0],"gold":22,"neow_bonus":"BOSS_RELIC","is_prod":false,"is_daily":false,"chose_seed":false,"campfire_upgraded":2,"win_rate":0,"timestamp":1533225036,"path_taken":["M","$","M","M","?","R","M","?","T","R","E","R","$","M","R","BOSS","M","M","$","M","?","R","E"],"build_version":"2018-07-26","purchased_purges":0,"victory":false,"max_hp_per_floor":[70,70,70,70,70,70,70,70,70,70,70,70,70,70,70,70,70,70,70,70,70,70,70,70],"card_choices":[{"not_picked":["Bane","Sucker Punch"],"picked":"Blur","floor":0},{"not_picked":["Dagger Spray","Slice"],"picked":"Dodge and Roll","floor":0},{"not_picked":["Poisoned Stab","Prepared"],"picked":"Well Laid Plans","floor":0},{"not_picked":["Flechettes","Bane"],"picked":"Flying Knee","floor":0},{"not_picked":["Prepared","Underhanded Strike"],"picked":"PiercingWail","floor":0},{"not_picked":["Acrobatics","PiercingWail"],"picked":"Dodge and Roll","floor":1},{"not_picked":["Crippling Poison","Setup"],"picked":"Noxious Fumes","floor":3},{"not_picked":["Sucker Punch","PiercingWail"],"picked":"Accuracy","floor":4},{"not_picked":["Deadly Poison","Eviscerate"],"picked":"Accuracy","floor":7},{"not_picked":["Well Laid Plans","Eviscerate"],"picked":"Backflip","floor":11},{"not_picked":["Bane","Grand Finale"],"picked":"Poisoned Stab","floor":14},{"not_picked":["Doppelganger","Storm of Steel"],"picked":"Envenom","floor":16},{"not_picked":["Prepared","Flying Knee+1"],"picked":"Backstab","floor":18},{"not_picked":["Flying Knee","Bane","Underhanded Strike"],"picked":"SKIP","floor":19},{"not_picked":["Bane+1","Dagger Throw"],"picked":"Caltrops+1","floor":21}],"player_experience":1391166,"relics_obtained":[{"floor":8,"key":"Orichalcum"},{"floor":9,"key":"Vajra"},{"floor":11,"key":"Bag of Preparation"}],"event_choices":[{"event_name":"Upgrade Shrine","player_choice":"Upgraded","floor":5,"damage_taken":0},{"event_name":"Addict","player_choice":"Ignored","floor":22,"damage_taken":0}],"is_beta":false,"boss_relics":[{"not_picked":["Coffee Dripper","HoveringKite"],"picked":"WristBlade"}],"items_purged_floors":[],"is_endless":false,"potions_floor_spawned":[1,4,11,14,18],"killed_by":"Slavers","ascension_level":6}