{"gold_per_floor":[111,130,80,80,95,95,59,59,59,76,92,92,92,17,17,143,143,156,179,193,193,206,239,239,239,239,260,29,69,69,69,69,193,193,217,550,566,578,591,649,649,335,335,364,374,49,49,59,59,59],"floor_reached":50,"playtime":3699,"items_purged":["Pain","Regret","Strike_B"],"score":657,"play_id":"5ba873b9-2dc5-4290-b070-e9da5d42a7b8","local_time":"20190123014304","is_ascension_mode":false,"campfire_choices":[{"data":"Go for the Eyes","floor":6,"key":"SMITH"},{"floor":13,"key":"REST"},{"data":"Glacier","floor":15,"key":"SMITH"},{"data":"Electrodynamics","floor":24,"key":"SMITH"},{"data":"Capacitor","floor":30,"key":"SMITH"},{"data":"Buffer","floor":32,"key":"SMITH"},{"data":"Buffer","floor":41,"key":"SMITH"},{"data":"Creative AI","floor":47,"key":"SMITH"},{"floor":49,"key":"REST"}],"neow_cost":"NONE","seed_source_timestamp":268741981964251,"circlet_count":0,"master_deck":["Strike_B","Strike_B","Defend_B","Defend_B","Defend_B","Defend_B","Zap","Dualcast","Tempest","Go for the Eyes+1","Glacier+1","Electrodynamics+1","Leap+1","Redo+1","Buffer+1","Hologram+1","Capacitor+1","Conserve Battery","Conserve Battery","Buffer+1","Skim+1","Hologram+1","Defragment+1","Creative AI+1","Glacier","Parasite","Leap+1"],"relics":["Cracked Core","NeowsBlessing","Mango","WarpedTongs","Dead Branch","Cursed Key","Bag of Preparation","Potion Belt","Nilry\u0027s Codex","Regal Pillow","Dream Catcher","Black Star","Centennial Puzzle","Tiny Chest","Happy Flower","Bottled Lightning","Bronze Scales","Gambling Chip","Membership Card","Cables"],"potions_floor_usage":[37,40,44],"damage_taken":[{"damage":0,"enemies":"Small Slimes","floor":1,"turns":1},{"damage":0,"enemies":"Jaw Worm","floor":2,"turns":1},{"damage":0,"enemies":"Cultist","floor":5,"turns":1},{"damage":8,"enemies":"2 Fungi Beasts","floor":10,"turns":3},{"damage":13,"enemies":"Large Slime","floor":11,"turns":5},{"damage":3,"enemies":"The Guardian","floor":16,"turns":15},{"damage":8,"enemies":"Shell Parasite","floor":18,"turns":5},{"damage":0,"enemies":"3 Byrds","floor":19,"turns":1},{"damage":0,"enemies":"Cultist and Chosen","floor":20,"turns":3},{"damage":0,"enemies":"Snecko","floor":22,"turns":5},{"damage":0,"enemies":"Book of Stabbing","floor":23,"turns":12},{"damage":7,"enemies":"Shelled Parasite and Fungi","floor":27,"turns":5},{"damage":0,"enemies":"Gremlin Leader","floor":29,"turns":7},{"damage":0,"enemies":"Collector","floor":33,"turns":9},{"damage":0,"enemies":"Orb Walker","floor":35,"turns":8},{"damage":0,"enemies":"3 Shapes","floor":37,"turns":6},{"damage":0,"enemies":"Spire Growth","floor":38,"turns":9},{"damage":18,"enemies":"4 Shapes","floor":39,"turns":3},{"damage":18,"enemies":"Reptomancer","floor":40,"turns":7},{"damage":0,"enemies":"Giant Head","floor":44,"turns":12},{"damage":0,"enemies":"Jaw Worm Horde","floor":45,"turns":3},{"damage":0,"enemies":"Transient","floor":48,"turns":5},{"damage":0,"enemies":"Donu and Deca","floor":50,"turns":1}],"seed_played":"2479207791682117138","potions_obtained":[{"floor":5,"key":"GamblersBrew"},{"floor":18,"key":"FairyPotion"},{"floor":22,"key":"Block Potion"},{"floor":23,"key":"EssenceOfSteel"},{"floor":29,"key":"FairyPotion"},{"floor":37,"key":"SmokeBomb"},{"floor":38,"key":"PowerPotion"},{"floor":44,"key":"Ancient Potion"}],"is_trial":false,"path_per_floor":["M","M","?","?","M","R","$","?","T","M","M","?","R","$","R","B",null,"M","M","M","?","M","E","R","?","T","M","$","E","R","?","R","B",null,"M","?","M","M","M","E","R","$","T","E","M","$","R","M","R","B"],"character_chosen":"DEFECT","items_purchased":["Glacier","Capacitor","Conserve Battery","Happy Flower","Glacier","Membership Card","Cables"],"campfire_rested":2,"item_purchase_floors":[7,28,28,42,42,46,46],"current_hp_per_floor":[75,75,75,64,64,64,64,64,64,56,43,21,47,47,47,44,89,81,81,81,81,81,81,81,65,65,58,58,58,58,58,58,58,89,89,89,89,89,71,53,53,53,53,53,53,53,53,53,89,89],"gold":59,"neow_bonus":"THREE_ENEMY_KILL","is_prod":false,"is_daily":false,"chose_seed":false,"campfire_upgraded":7,"win_rate":0,"timestamp":1548169984,"path_taken":["M","M","?","?","M","R","$","?","T","?","M","?","R","$","R","BOSS","M","M","M","?","M","E","R","?","T","M","$","E","R","?","R","BOSS","M","?","M","M","M","E","R","$","T","E","M","$","R","M","R","BOSS"],"build_version":"2019-01-17v2","purchased_purges":3,"victory":false,"max_hp_per_floor":[75,75,75,89,89,89,89,89,89,89,89,89,89,89,89,89,89,89,89,89,89,89,89,89,89,89,89,89,89,89,89,89,89,89,89,89,89,89,89,89,89,89,89,89,89,89,89,89,89,89],"card_choices":[{"not_picked":["Redo","Hologram"],"picked":"Tempest","floor":1},{"not_picked":["Recycle","Hologram"],"picked":"Go for the Eyes","floor":2},{"not_picked":["Sunder","Doom and Gloom","Cold Snap"],"picked":"SKIP","floor":5},{"not_picked":["Undo","Steam","Coolheaded"],"picked":"SKIP","floor":10},{"not_picked":["Sweeping Beam","Redo","Aggregate"],"picked":"SKIP","floor":11},{"not_picked":["Multi-Cast","Fission"],"picked":"Electrodynamics","floor":16},{"not_picked":["Streamline","Steam Power+1"],"picked":"Leap+1","floor":18},{"not_picked":["Consume","Auto Shields"],"picked":"Redo+1","floor":19},{"not_picked":["Gash","Defragment"],"picked":"Buffer","floor":20},{"not_picked":["Doom and Gloom","Skim"],"picked":"Hologram+1","floor":22},{"not_picked":["Auto Shields","Lockon","Redo"],"picked":"SKIP","floor":23},{"not_picked":["Redo","Stack","Hologram"],"picked":"SKIP","floor":27},{"not_picked":["Steam Power","Darkness"],"picked":"Conserve Battery","floor":29},{"not_picked":["Biased Cognition","Hyperbeam"],"picked":"Buffer","floor":33},{"not_picked":["Sunder","Ball Lightning"],"picked":"Skim+1","floor":35},{"not_picked":["Sunder+1","Streamline"],"picked":"Hologram+1","floor":37},{"not_picked":["Conserve Battery","Beam Cell+1"],"picked":"Defragment+1","floor":38},{"not_picked":["Go for the Eyes+1","Cold Snap"],"picked":"Creative AI","floor":39},{"not_picked":["Skim+1","Rip and Tear","Redo"],"picked":"SKIP","floor":40},{"not_picked":["Beam Cell","Lockon+1","Barrage"],"picked":"SKIP","floor":44},{"not_picked":["Hologram","Blizzard","Barrage"],"picked":"SKIP","floor":45},{"not_picked":["Leap","Compile Driver+1","Coolheaded+1"],"picked":"SKIP","floor":48},{"not_picked":["Beam Cell","Hologram"],"picked":"Leap+1","floor":49}],"player_experience":496362,"relics_obtained":[{"floor":9,"key":"Dead Branch"},{"floor":23,"key":"Potion Belt"},{"floor":25,"key":"Nilry\u0027s Codex"},{"floor":26,"key":"Regal Pillow"},{"floor":29,"key":"Dream Catcher"},{"floor":40,"key":"Centennial Puzzle"},{"floor":40,"key":"Tiny Chest"},{"floor":43,"key":"Bottled Lightning"},{"floor":44,"key":"Bronze Scales"},{"floor":44,"key":"Gambling Chip"}],"event_choices":[{"cards_removed":["Strike_B"],"damage_healed":0,"gold_gain":0,"player_choice":"Card Removal","damage_taken":0,"max_hp_gain":0,"max_hp_loss":0,"event_name":"The Cleric","floor":3,"gold_loss":50},{"damage_healed":0,"gold_gain":0,"player_choice":"Success","damage_taken":25,"relics_obtained":["Mango"],"max_hp_gain":0,"max_hp_loss":0,"event_name":"Scrap Ooze","floor":4,"gold_loss":0},{"damage_healed":0,"gold_gain":0,"player_choice":"Rummage","damage_taken":0,"relics_obtained":["WarpedTongs"],"max_hp_gain":0,"max_hp_loss":0,"event_name":"Accursed Blacksmith","floor":8,"gold_loss":0,"cards_obtained":["Pain"]},{"damage_healed":0,"gold_gain":0,"player_choice":"Take Damage","damage_taken":22,"relics_obtained":["Golden Idol"],"max_hp_gain":0,"max_hp_loss":0,"event_name":"Golden Idol","floor":12,"gold_loss":0},{"damage_healed":0,"gold_gain":0,"player_choice":"Opened","damage_taken":0,"relics_obtained":["Bag of Preparation"],"max_hp_gain":0,"max_hp_loss":0,"event_name":"The Mausoleum","floor":21,"gold_loss":0,"cards_obtained":["Writhe"]},{"damage_healed":0,"gold_gain":0,"player_choice":"Obtained Book","damage_taken":16,"max_hp_gain":0,"max_hp_loss":0,"event_name":"Cursed Tome","floor":25,"gold_loss":0},{"cards_removed":["Writhe"],"damage_healed":0,"gold_gain":0,"player_choice":"Elegance","damage_taken":0,"max_hp_gain":0,"max_hp_loss":0,"event_name":"Back to Basics","floor":31,"gold_loss":0},{"damage_healed":0,"gold_gain":333,"player_choice":"Gave Idol","damage_taken":0,"max_hp_gain":0,"max_hp_loss":0,"event_name":"The Moai Head","floor":36,"relics_lost":["Golden Idol"],"gold_loss":0}],"is_beta":false,"boss_relics":[{"not_picked":["Orrery","Philosopher\u0027s Stone"],"picked":"Cursed Key"},{"not_picked":["Lizard Tail","Coffee Dripper"],"picked":"Black Star"}],"items_purged_floors":[14,28,42],"is_endless":false,"potions_floor_spawned":[5,18,22,23,29,37,38,39,44],"killed_by":"Donu and Deca","ascension_level":0}