{"gold_per_floor":[119,119,131,131,56,90,104,104,155,155,178,178,178,6,6,134,134,154,29,42,42,67,67,67,67,122,37,37,58,78,78],"floor_reached":31,"playtime":1516,"items_purged":["Strike_R","Strike_R","Strike_R"],"score":233,"play_id":"ba7c50fb-871d-4c62-b294-c103cbcb6063","local_time":"20181102123948","is_ascension_mode":false,"campfire_choices":[{"data":"Bash","floor":8,"key":"SMITH"},{"data":"Rage","floor":10,"key":"SMITH"},{"data":"Blood for Blood","floor":15,"key":"SMITH"},{"data":"True Grit","floor":23,"key":"SMITH"},{"data":"Barricade","floor":25,"key":"SMITH"}],"neow_cost":"NONE","seed_source_timestamp":2019102459357667,"circlet_count":0,"master_deck":["Strike_R","Strike_R","Defend_R","Defend_R","Defend_R","Defend_R","Bash+1","Clothesline","Rage+1","Blood for Blood+1","Flex","Impervious","Battle Trance","Barricade+1","Dual Wield","Entrench","Flame Barrier","True Grit+1","Spot Weakness","Offering"],"relics":["Black Blood","Centennial Puzzle","Golden Idol","Bronze Scales","Omamori","Bag of Marbles","MutagenicStrength","Tiny Chest","Vajra"],"potions_floor_usage":[6,16,18],"damage_taken":[{"damage":3,"enemies":"2 Louse","floor":1,"turns":4},{"damage":0,"enemies":"Small Slimes","floor":3,"turns":3},{"damage":13,"enemies":"3 Sentries","floor":6,"turns":12},{"damage":3,"enemies":"Jaw Worm","floor":7,"turns":3},{"damage":2,"enemies":"3 Louse","floor":11,"turns":3},{"damage":28,"enemies":"The Guardian","floor":16,"turns":12},{"damage":5,"enemies":"3 Byrds","floor":18,"turns":2},{"damage":32,"enemies":"Spheric Guardian","floor":20,"turns":7},{"damage":19,"enemies":"Snake Plant","floor":22,"turns":6},{"damage":2,"enemies":"Chosen and Byrds","floor":29,"turns":5},{"damage":38,"enemies":"Shelled Parasite and Fungi","floor":30,"turns":6},{"damage":33,"enemies":"Cultist and Chosen","floor":31,"turns":10}],"seed_played":"1227216564707201894","potions_obtained":[{"floor":3,"key":"PowerPotion"},{"floor":6,"key":"SkillPotion"},{"floor":16,"key":"AttackPotion"},{"floor":18,"key":"LiquidBronze"},{"floor":22,"key":"Poison Potion"}],"is_trial":false,"path_per_floor":["M","?","M","?","$","E","M","R","T","R","M","?","?","$","R","B",null,"M","$","M","?","M","R","?","R","T","?","?","M","M","M"],"character_chosen":"IRONCLAD","items_purchased":["Battle Trance"],"campfire_rested":0,"item_purchase_floors":[14],"current_hp_per_floor":[80,85,85,79,79,72,75,75,75,75,79,79,76,76,76,54,79,79,79,57,57,48,48,48,48,48,48,41,49,21,0],"gold":78,"neow_bonus":"RANDOM_COMMON_RELIC","is_prod":false,"is_daily":false,"chose_seed":false,"campfire_upgraded":5,"win_rate":0,"timestamp":1541176788,"path_taken":["M","?","M","?","?","E","M","R","T","R","M","?","?","$","R","BOSS","M","$","M","?","M","R","?","R","T","?","?","M","?","M"],"build_version":"2018-11-01","purchased_purges":3,"victory":false,"max_hp_per_floor":[80,85,85,79,79,79,79,79,79,79,79,79,79,79,79,79,79,79,79,79,79,79,79,79,79,79,79,79,79,79,79],"card_choices":[{"not_picked":["Wild Strike","Ghostly Armor"],"picked":"Clothesline","floor":1},{"not_picked":["Pommel Strike","Clash"],"picked":"Rage","floor":3},{"not_picked":["Clothesline","Perfected Strike"],"picked":"Blood for Blood","floor":6},{"not_picked":["Heavy Blade","Anger"],"picked":"Flex","floor":7},{"not_picked":["Clash","Burning Pact"],"picked":"Impervious","floor":11},{"not_picked":["Exhume","Impervious"],"picked":"Barricade","floor":16},{"not_picked":["Clash","Twin Strike"],"picked":"Dual Wield","floor":18},{"not_picked":["Cleave","Sword Boomerang"],"picked":"Entrench","floor":20},{"not_picked":["Clothesline+1","Carnage"],"picked":"True Grit","floor":22},{"not_picked":["Corruption+1","True Grit+1"],"picked":"Spot Weakness","floor":29},{"not_picked":["Twin Strike","Anger"],"picked":"Offering","floor":30}],"player_experience":1629613,"relics_obtained":[{"floor":6,"key":"Bronze Scales"},{"floor":9,"key":"Omamori"},{"floor":26,"key":"Tiny Chest"}],"event_choices":[{"damage_healed":0,"gold_gain":0,"player_choice":"Donut","damage_taken":0,"max_hp_gain":5,"max_hp_loss":0,"event_name":"Big Fish","floor":2,"gold_loss":0},{"damage_healed":0,"gold_gain":0,"player_choice":"Lose Max HP","damage_taken":0,"relics_obtained":["Golden Idol"],"max_hp_gain":0,"max_hp_loss":6,"event_name":"Golden Idol","floor":4,"gold_loss":0},{"damage_healed":0,"gold_gain":0,"player_choice":"Ignored","damage_taken":0,"max_hp_gain":0,"max_hp_loss":0,"event_name":"Liars Game","floor":12,"gold_loss":0},{"damage_healed":0,"gold_gain":0,"player_choice":"Success","damage_taken":3,"relics_obtained":["Bag of Marbles"],"max_hp_gain":0,"max_hp_loss":0,"event_name":"Scrap Ooze","floor":13,"gold_loss":0},{"damage_healed":0,"gold_gain":0,"player_choice":"Read","damage_taken":0,"max_hp_gain":0,"max_hp_loss":0,"event_name":"The Library","floor":21,"gold_loss":0,"cards_obtained":["Flame Barrier"]},{"damage_healed":0,"gold_gain":0,"player_choice":"Inject Mutagens","damage_taken":0,"relics_obtained":["MutagenicStrength"],"max_hp_gain":0,"max_hp_loss":0,"event_name":"Drug Dealer","floor":24,"gold_loss":0},{"damage_healed":0,"gold_gain":0,"player_choice":"Obtained Relic","damage_taken":0,"relics_obtained":["Vajra"],"max_hp_gain":0,"max_hp_loss":0,"event_name":"Addict","floor":27,"gold_loss":85},{"damage_healed":0,"gold_gain":0,"player_choice":"","damage_taken":7,"max_hp_gain":0,"max_hp_loss":0,"event_name":"Knowing Skull","floor":28,"potions_obtained":[],"gold_loss":0,"cards_obtained":[]}],"is_beta":false,"boss_relics":[{"not_picked":["Lizard Tail","Tiny House"],"picked":"Black Blood"}],"items_purged_floors":[5,14,19],"is_endless":false,"potions_floor_spawned":[3,6,16,18,22],"killed_by":"Cultist and Chosen","ascension_level":0}