{"gold_per_floor":[116,116,116,116,130,130,148,148,175,100,141,154,225,225,225,225],"floor_reached":16,"playtime":434,"items_purged":["Strike_R"],"score":98,"play_id":"4d1a6e4d-753a-4336-96b9-3776f2e4d54a","local_time":"20181105154614","is_ascension_mode":false,"campfire_choices":[{"data":"Offering","floor":6,"key":"SMITH"},{"data":"Bash","floor":8,"key":"SMITH"},{"floor":15,"key":"REST"}],"neow_cost":"NONE","seed_source_timestamp":825026295303261,"circlet_count":0,"master_deck":["Strike_R","Strike_R+1","Strike_R+1","Defend_R","Defend_R","Defend_R","Bash+1","Offering+1","Dropkick","Uppercut"],"relics":["Burning Blood","Golden Idol","Calipers","Whetstone","Sundial","Bottled Flame","Dream Catcher"],"potions_floor_usage":[7],"damage_taken":[{"damage":7,"enemies":"2 Louse","floor":1,"turns":3},{"damage":6,"enemies":"Jaw Worm","floor":5,"turns":5},{"damage":5,"enemies":"Small Slimes","floor":7,"turns":4},{"damage":37,"enemies":"Lagavulin","floor":11,"turns":5},{"damage":16,"enemies":"Exordium Wildlife","floor":12,"turns":3},{"damage":26,"enemies":"Lagavulin Event","floor":13,"turns":5},{"damage":50,"enemies":"Slime Boss","floor":16,"turns":6}],"seed_played":"-4146983355979245328","potions_obtained":[{"floor":5,"key":"SkillPotion"},{"floor":7,"key":"FairyPotion"}],"is_trial":false,"path_per_floor":["M","?","?","?","M","R","M","R","T","$","E","M","?","?","R","B"],"character_chosen":"IRONCLAD","items_purchased":[],"campfire_rested":1,"item_purchase_floors":[],"current_hp_per_floor":[79,74,74,67,67,67,68,68,68,68,37,27,7,7,29,0],"gold":225,"neow_bonus":"REMOVE_CARD","is_prod":false,"is_daily":false,"chose_seed":false,"campfire_upgraded":2,"win_rate":0,"timestamp":1541454374,"path_taken":["M","?","?","?","M","R","?","R","T","$","E","M","?","?","R","BOSS"],"build_version":"2018-11-02","purchased_purges":1,"victory":false,"max_hp_per_floor":[80,74,74,74,74,74,74,74,74,74,74,74,74,74,74,74],"card_choices":[{"not_picked":["Anger","Heavy Blade","Burning Pact"],"picked":"SKIP","floor":1},{"not_picked":["Armaments","Clothesline"],"picked":"Offering","floor":5},{"not_picked":["Cleave","Blood for Blood","Havoc"],"picked":"SKIP","floor":7},{"not_picked":["Reckless Charge","Power Through"],"picked":"Feel No Pain","floor":11},{"not_picked":["Anger","Second Wind"],"picked":"Dropkick","floor":12},{"not_picked":["Armaments","Clash"],"picked":"Uppercut","floor":15}],"player_experience":744797,"relics_obtained":[{"floor":9,"key":"Whetstone"},{"floor":11,"key":"Sundial"},{"floor":13,"key":"Bottled Flame"}],"event_choices":[{"damage_healed":0,"gold_gain":0,"player_choice":"Lose Max HP","damage_taken":0,"relics_obtained":["Golden Idol"],"max_hp_gain":0,"max_hp_loss":6,"event_name":"Golden Idol","floor":2,"gold_loss":0},{"cards_removed":["Strike_R"],"damage_healed":0,"gold_gain":0,"player_choice":"Forget","damage_taken":0,"max_hp_gain":0,"max_hp_loss":0,"event_name":"Living Wall","floor":3,"gold_loss":0},{"damage_healed":0,"gold_gain":0,"player_choice":"Success","damage_taken":7,"relics_obtained":["Calipers"],"max_hp_gain":0,"max_hp_loss":0,"event_name":"Scrap Ooze","floor":4,"gold_loss":0},{"damage_healed":0,"gold_gain":0,"player_choice":"Searched \u00271\u0027 times","damage_taken":0,"max_hp_gain":0,"max_hp_loss":0,"event_name":"Dead Adventurer","floor":13,"gold_loss":0},{"cards_removed":["Feel No Pain"],"damage_healed":0,"gold_gain":0,"player_choice":"Gave Card","damage_taken":0,"relics_obtained":["Dream Catcher"],"max_hp_gain":0,"max_hp_loss":0,"event_name":"WeMeetAgain","floor":14,"gold_loss":0}],"is_beta":true,"boss_relics":[],"items_purged_floors":[10],"is_endless":false,"potions_floor_spawned":[5,7],"killed_by":"Slime Boss","ascension_level":0}