{"gold_per_floor":[114,114,129,144,159,159,174,189,189,219,234,234,264,279,279,379,379,394,394,394,409,424,424,424,424,424,454,469,484,514,514,514,614,614,629,629,629,644,319,349,361,388,425,437,479,506,533,560,572,584],"floor_reached":51,"playtime":3195,"items_purged":["Deflect"],"score":1063,"play_id":"7605e466-7f20-4bd9-911a-b002541ac7f8","local_time":"20181209183545","daily_mods":["Draft","Red Cards","Night Terrors"],"is_ascension_mode":false,"campfire_choices":[{"data":"Armaments","floor":6,"key":"SMITH"},{"data":"Spot Weakness","floor":12,"key":"SMITH"},{"data":"Well Laid Plans","floor":15,"key":"SMITH"},{"data":"Shockwave","floor":23,"key":"SMITH"},{"floor":25,"key":"REST"},{"data":"Footwork","floor":32,"key":"SMITH"},{"data":"Feel No Pain","floor":41,"key":"SMITH"},{"data":"Uppercut","floor":44,"key":"SMITH"},{"data":"Finisher","floor":49,"key":"SMITH"}],"neow_cost":"","seed_source_timestamp":0,"circlet_count":0,"master_deck":["Dodge and Roll","Well Laid Plans+1","Uppercut+1","Blade Dance","Havoc","Deadly Poison","Shockwave+1","Spot Weakness+1","Headbutt","Masterful Stab","Armaments+1","Backflip","Shrug It Off","Finisher+1","Blur","Reaper","Dash","Dodge and Roll+1","Crippling Poison+1","Havoc+1","Seeing Red+1","Impervious+1","Shrug It Off+1","Leg Sweep+1","Feel No Pain+1","Footwork+1","Night Terror+1","Spot Weakness+1","Blade Dance+1","Corruption+1","Concentrate+1"],"special_seed":17874,"relics":["Ring of the Snake","Toxic Egg 2","Bird Faced Urn","Blood Vial","Snecko Eye","Bottled Flame","Incense Burner","Centennial Puzzle","Unceasing Top","Philosopher\u0027s Stone","Bottled Tornado","Potion Belt","MawBank","Bag of Preparation","Kunai"],"potions_floor_usage":[13,50,50,50],"damage_taken":[{"damage":0,"enemies":"Cultist","floor":1,"turns":2},{"damage":4,"enemies":"Jaw Worm","floor":3,"turns":2},{"damage":0,"enemies":"Small Slimes","floor":4,"turns":2},{"damage":0,"enemies":"Gremlin Gang","floor":5,"turns":4},{"damage":3,"enemies":"Large Slime","floor":7,"turns":3},{"damage":0,"enemies":"Exordium Wildlife","floor":8,"turns":4},{"damage":11,"enemies":"Lagavulin","floor":10,"turns":7},{"damage":0,"enemies":"Looter","floor":11,"turns":2},{"damage":0,"enemies":"Gremlin Nob","floor":13,"turns":2},{"damage":0,"enemies":"Blue Slaver","floor":14,"turns":3},{"damage":0,"enemies":"Slime Boss","floor":16,"turns":6},{"damage":0,"enemies":"Spheric Guardian","floor":18,"turns":1},{"damage":0,"enemies":"3 Byrds","floor":21,"turns":4},{"damage":8,"enemies":"Shelled Parasite and Fungi","floor":22,"turns":4},{"damage":0,"enemies":"Gremlin Leader","floor":27,"turns":7},{"damage":5,"enemies":"Snake Plant","floor":28,"turns":4},{"damage":2,"enemies":"Cultist and Chosen","floor":29,"turns":5},{"damage":0,"enemies":"Book of Stabbing","floor":30,"turns":5},{"damage":0,"enemies":"Collector","floor":33,"turns":12},{"damage":0,"enemies":"3 Darklings","floor":35,"turns":5},{"damage":2,"enemies":"Orb Walker","floor":38,"turns":5},{"damage":0,"enemies":"Giant Head","floor":40,"turns":7},{"damage":1,"enemies":"Maw","floor":42,"turns":5},{"damage":1,"enemies":"Reptomancer","floor":45,"turns":5},{"damage":0,"enemies":"3 Darklings","floor":46,"turns":3},{"damage":0,"enemies":"Transient","floor":47,"turns":5},{"damage":0,"enemies":"4 Shapes","floor":48,"turns":5},{"damage":0,"enemies":"Donu and Deca","floor":50,"turns":8}],"seed_played":"-3807787308880061937","potions_obtained":[{"floor":4,"key":"LiquidBronze"},{"floor":5,"key":"SmokeBomb"},{"floor":10,"key":"Fire Potion"},{"floor":13,"key":"Strength Potion"},{"floor":27,"key":"SteroidPotion"}],"is_trial":false,"path_per_floor":["M","?","M","M","M","R","M","M","T","E","M","R","E","M","R","B",null,"M","?","?","M","M","R","?","R","T","E","M","M","E","T","R","B",null,"M","?","T","M","$","E","R","M","T","R","E","M","M","M","R","B",null],"character_chosen":"THE_SILENT","items_purchased":["Potion Belt","PowerPotion","Fire Potion"],"campfire_rested":1,"item_purchase_floors":[39,39,39],"current_hp_per_floor":[70,70,66,66,70,70,70,70,70,70,70,70,70,70,70,70,70,70,70,70,70,62,62,49,70,70,70,70,70,70,70,70,70,70,70,70,70,70,70,70,70,70,70,70,70,70,70,70,70,70],"gold":596,"neow_bonus":"","is_prod":false,"is_daily":true,"chose_seed":false,"campfire_upgraded":8,"win_rate":0,"timestamp":1544376945,"path_taken":["M","?","M","M","M","R","M","M","T","E","M","R","E","?","R","BOSS","M","?","?","?","M","R","?","R","T","E","M","M","E","?","R","BOSS","M","?","?","M","$","E","R","M","T","R","E","M","M","M","R","BOSS"],"build_version":"2018-12-06","purchased_purges":1,"victory":true,"max_hp_per_floor":[70,70,70,70,70,70,70,70,70,70,70,70,70,70,70,70,70,70,70,70,70,70,70,75,70,70,70,70,70,70,70,70,70,70,70,70,70,70,70,70,70,70,70,70,70,70,70,70,70,70],"card_choices":[{"not_picked":["Dagger Throw","Reckless Charge"],"picked":"Headbutt","floor":0},{"not_picked":["Outmaneuver","Dagger Throw"],"picked":"Dodge and Roll","floor":0},{"not_picked":["Choke","Armaments"],"picked":"Well Laid Plans","floor":0},{"not_picked":["Predator","Clash"],"picked":"Uppercut","floor":0},{"not_picked":["Underhanded Strike","Clash"],"picked":"Blade Dance","floor":0},{"not_picked":["Burning Pact","Ghostly Armor"],"picked":"Havoc","floor":0},{"not_picked":["Prepared","Armaments"],"picked":"Deadly Poison","floor":0},{"not_picked":["Deflect","Cleave"],"picked":"Shockwave","floor":0},{"not_picked":["Sentinel","Body Slam"],"picked":"Spot Weakness","floor":0},{"not_picked":["Flex","Clash"],"picked":"Headbutt","floor":0},{"not_picked":["Whirlwind","Sever Soul"],"picked":"Deflect","floor":0},{"not_picked":["Evolve","Armaments"],"picked":"Slice","floor":0},{"not_picked":["Outmaneuver","Blood for Blood"],"picked":"Masterful Stab","floor":0},{"not_picked":["Heavy Blade","Outmaneuver"],"picked":"Armaments","floor":0},{"not_picked":["Poisoned Stab","Body Slam"],"picked":"Backflip","floor":0},{"not_picked":["Flex","Second Wind"],"picked":"Shrug It Off","floor":1},{"not_picked":["Clash","Flechettes"],"picked":"Blur","floor":3},{"not_picked":["Pommel Strike","Clash"],"picked":"Reaper","floor":4},{"not_picked":["Evolve","Sentinel","Seeing Red"],"picked":"SKIP","floor":5},{"not_picked":["Poisoned Stab","Anger","Flying Knee"],"picked":"SKIP","floor":7},{"not_picked":["Cloak And Dagger","Predator"],"picked":"Dash","floor":8},{"not_picked":["Sever Soul","Setup+1"],"picked":"Dodge and Roll+1","floor":10},{"not_picked":["Reckless Charge","Bane"],"picked":"Crippling Poison+1","floor":11},{"not_picked":["Clash","Cleave"],"picked":"Havoc+1","floor":13},{"not_picked":["Warcry+1","Outmaneuver+1"],"picked":"Seeing Red+1","floor":14},{"not_picked":["Demon Form","Envenom"],"picked":"Impervious+1","floor":16},{"not_picked":["Anger+1","Clothesline"],"picked":"Shrug It Off+1","floor":18},{"not_picked":["Slice","Havoc+1"],"picked":"Leg Sweep+1","floor":21},{"not_picked":["Cloak And Dagger+1","Dual Wield+1","Poisoned Stab"],"picked":"SKIP","floor":22},{"not_picked":["Armaments+1","Wild Strike","Combust"],"picked":"SKIP","floor":27},{"not_picked":["Disarm+1","Rampage+1"],"picked":"Feel No Pain","floor":28},{"not_picked":["Thunderclap","Infernal Blade+1"],"picked":"Footwork","floor":29},{"not_picked":["Rupture","Caltrops","Iron Wave"],"picked":"SKIP","floor":30},{"not_picked":["Berserk","Dark Embrace"],"picked":"Night Terror+1","floor":33},{"not_picked":["Caltrops+1","Fire Breathing","Poisoned Stab"],"picked":"SKIP","floor":35},{"not_picked":["Poisoned Stab","Ghostly Armor+1","Thunderclap"],"picked":"SKIP","floor":38},{"not_picked":["Armaments+1","Outmaneuver+1"],"picked":"Spot Weakness+1","floor":40},{"not_picked":["Rupture+1","Clothesline"],"picked":"Blade Dance+1","floor":42},{"not_picked":["PiercingWail+1","Masterful Stab"],"picked":"Corruption+1","floor":45},{"not_picked":["Bludgeon","Searing Blow+1","Flying Knee+1"],"picked":"SKIP","floor":46},{"not_picked":["Prepared+1","Anger+1","True Grit+1"],"picked":"SKIP","floor":47},{"not_picked":["Shockwave+1","Blade Dance+1"],"picked":"Concentrate+1","floor":48}],"player_experience":1771886,"relics_obtained":[{"floor":9,"key":"Toxic Egg 2"},{"floor":10,"key":"Bird Faced Urn"},{"floor":13,"key":"Blood Vial"},{"floor":26,"key":"Bottled Flame"},{"floor":27,"key":"Incense Burner"},{"floor":30,"key":"Centennial Puzzle"},{"floor":31,"key":"Unceasing Top"},{"floor":37,"key":"Bottled Tornado"},{"floor":40,"key":"MawBank"},{"floor":43,"key":"Bag of Preparation"},{"floor":45,"key":"Kunai"}],"event_choices":[{"damage_healed":0,"gold_gain":0,"player_choice":"1 cards matched","damage_taken":0,"max_hp_gain":0,"max_hp_loss":0,"event_name":"Match and Keep!","floor":2,"gold_loss":0,"cards_obtained":["Finisher"]},{"damage_healed":0,"gold_gain":0,"player_choice":"Ignored","damage_taken":0,"max_hp_gain":0,"max_hp_loss":0,"event_name":"Vampires","floor":19,"gold_loss":0},{"cards_removed":["Slice"],"damage_healed":0,"gold_gain":0,"player_choice":"Purged","damage_taken":0,"max_hp_gain":0,"max_hp_loss":0,"event_name":"Purifier","floor":20,"gold_loss":0},{"damage_healed":0,"gold_gain":0,"player_choice":"Shed Blood","damage_taken":18,"max_hp_gain":5,"max_hp_loss":0,"event_name":"Forgotten Altar","floor":24,"gold_loss":0},{"cards_removed":["Headbutt"],"damage_healed":0,"gold_gain":0,"player_choice":"Removed Attack","damage_taken":0,"max_hp_gain":0,"max_hp_loss":0,"event_name":"Falling","floor":36,"gold_loss":0}],"is_beta":false,"boss_relics":[{"not_picked":["Astrolabe","WristBlade"],"picked":"Snecko Eye"},{"not_picked":["Lizard Tail","Ring of the Serpent"],"picked":"Philosopher\u0027s Stone"}],"items_purged_floors":[39],"is_endless":false,"potions_floor_spawned":[4,5,10,13,14,27,28,29,42,45,48],"ascension_level":0}