{"path_per_floor":["M","M","$","M","M","R","E","R","T","E","M","M","?","?","R","B",null,"M","?","?","$","M","E","R","M","T","M","M","R","$","E","R","B",null,"M","M","?","M","?","R","M","M","T","M"],"character_chosen":"IRONCLAD","items_purchased":["True Grit","Shrug It Off"],"gold_per_floor":[112,132,31,42,60,60,91,91,91,125,142,162,112,112,112,208,208,163,163,163,10,10,10,10,10,10,10,10,10,10,10,10,10,10,10,10,10,10,10,10,10,10,10,10,10],"floor_reached":45,"campfire_rested":0,"playtime":4888,"current_hp_per_floor":[46,47,47,51,53,53,74,74,74,61,67,66,66,80,80,55,94,94,94,78,78,73,66,66,58,58,58,64,64,64,70,70,50,94,94,87,87,74,100,100,59,28,28,16,0],"items_purged":["Strike_R","Strike_R"],"gold":10,"score":694,"play_id":"dcb59b8c-b46c-40fd-9004-f80b040ff1fb","local_time":"20180514022907","is_prod":false,"is_daily":false,"chose_seed":false,"is_ascension_mode":false,"campfire_upgraded":7,"timestamp":1526257747,"path_taken":["M","M","$","M","M","R","E","R","T","E","M","M","?","?","R","BOSS","M","?","?","$","M","E","R","M","T","M","?","R","?","E","R","BOSS","M","M","?","M","?","R","M","M","T","M","M"],"build_version":"2018-05-10","seed_source_timestamp":86686423897624,"purchased_purges":2,"victory":false,"master_deck":["Strike_R","Strike_R","Defend_R","Defend_R","Bash","Ghostly Armor+1","Double Tap+1","True Grit","Armaments+1","Pommel Strike","Thunderclap","Clothesline+1","Cleave","Juggernaut+1","Seeing Red+1","Dropkick+1","Perfected Strike","Bash","Necronomicurse","Shrug It Off","Thunderclap+1","Iron Wave+1","Shrug It Off+1","Shrug It Off+1","Intimidate+1","Warcry+1","Barricade+1","Decay","Injury","Regret","Shrug It Off+1","Infernal Blade+1","Writhe","Shrug It Off+1","Infernal Blade+1","Body Slam"],"max_hp_per_floor":[80,80,80,80,80,80,80,80,80,80,80,80,80,94,94,94,94,94,94,94,94,94,94,94,94,94,94,94,94,94,94,94,94,94,94,94,94,94,100,100,100,100,100,100,100],"relics":["Burning Blood","Orichalcum","Pantograph","Torii","Mango","Ectoplasm","Necronomicon","Toxic Egg 2","Regal Pillow","Bronze Scales","Calling Bell","Blood Vial","Darkstone Periapt","Ice Cream","Whetstone"],"card_choices":[{"not_picked":["Wild Strike","Clothesline"],"picked":"Ghostly Armor","floor":1.0},{"not_picked":["Iron Wave","Clash"],"picked":"Double Tap","floor":2.0},{"not_picked":["Hemokinesis","Anger"],"picked":"Armaments","floor":4.0},{"not_picked":["Sword Boomerang","Ghostly Armor"],"picked":"Pommel Strike","floor":5.0},{"not_picked":["Battle Trance","Hemokinesis"],"picked":"Thunderclap","floor":7.0},{"not_picked":["Sword Boomerang","Anger"],"picked":"Clothesline","floor":11.0},{"not_picked":["Perfected Strike","Clash"],"picked":"Cleave","floor":12.0},{"not_picked":["Limit Break","Berserk"],"picked":"Juggernaut","floor":16.0},{"not_picked":["Intimidate","Sever Soul"],"picked":"Seeing Red","floor":18.0},{"not_picked":["Dual Wield","Perfected Strike"],"picked":"Thunderclap","floor":22.0},{"not_picked":["Headbutt","True Grit"],"picked":"Iron Wave","floor":23.0},{"not_picked":["Reckless Charge","Pommel Strike"],"picked":"Shrug It Off","floor":25.0},{"not_picked":["Rage","Wild Strike"],"picked":"Shrug It Off","floor":27.0},{"not_picked":["Anger","Perfected Strike"],"picked":"Intimidate","floor":28.0},{"not_picked":["Pommel Strike","Body Slam"],"picked":"Warcry","floor":31.0},{"not_picked":["Limit Break","Brutality"],"picked":"Barricade","floor":33.0},{"not_picked":["Wild Strike","Combust"],"picked":"Shrug It Off","floor":35},{"not_picked":["Dropkick","Iron Wave"],"picked":"Infernal Blade","floor":36},{"not_picked":["Power Through","Feed"],"picked":"Shrug It Off","floor":41},{"not_picked":["Second Wind","Wild Strike"],"picked":"Infernal Blade","floor":42},{"not_picked":["Wild Strike","Clothesline"],"picked":"Body Slam","floor":44}],"player_experience":44761,"potions_floor_usage":[41,42,44],"damage_taken":[{"damage":0.0,"enemies":"2 Louse","floor":1.0,"turns":3.0},{"damage":5.0,"enemies":"Small Slimes","floor":2.0,"turns":4.0},{"damage":2.0,"enemies":"Jaw Worm","floor":4.0,"turns":4.0},{"damage":4.0,"enemies":"Red Slaver","floor":5.0,"turns":7.0},{"damage":0.0,"enemies":"3 Sentries","floor":7.0,"turns":13.0},{"damage":19.0,"enemies":"Gremlin Nob","floor":10.0,"turns":5.0},{"damage":0.0,"enemies":"3 Louse","floor":11.0,"turns":6.0},{"damage":7.0,"enemies":"Exordium Thugs","floor":12.0,"turns":6.0},{"damage":45.0,"enemies":"The Guardian","floor":16.0,"turns":14.0},{"damage":1.0,"enemies":"2 Thieves","floor":18.0,"turns":3.0},{"damage":11.0,"enemies":"Spheric Guardian","floor":22.0,"turns":4.0},{"damage":13.0,"enemies":"Gremlin Leader","floor":23.0,"turns":6.0},{"damage":14.0,"enemies":"Centurion and Healer","floor":25.0,"turns":2.0},{"damage":6.0,"enemies":"Snecko","floor":27.0,"turns":3.0},{"damage":0.0,"enemies":"Snake Plant","floor":28.0,"turns":4.0},{"damage":0.0,"enemies":"Book of Stabbing","floor":31.0,"turns":4.0},{"damage":50.0,"enemies":"Automaton","floor":33.0,"turns":9.0},{"damage":2,"enemies":"3 Darklings","floor":35,"turns":7},{"damage":13,"enemies":"3 Shapes","floor":36,"turns":5},{"damage":21,"enemies":"3 Darklings","floor":38,"turns":6},{"damage":47,"enemies":"Sphere and 2 Shapes","floor":41,"turns":6},{"damage":39,"enemies":"4 Shapes","floor":42,"turns":4},{"damage":20,"enemies":"3 Darklings","floor":44,"turns":5},{"damage":20,"enemies":"Sphere and 2 Shapes","floor":45,"turns":2}],"event_choices":[{"event_name":"The Cleric","player_choice":"Card Removal","floor":13.0,"damage_taken":0.0},{"event_name":"Dead Adventurer","player_choice":"Searched \u00272\u0027 times","floor":14.0,"damage_taken":0.0},{"event_name":"Match and Keep!","player_choice":"3 cards matched","floor":19.0,"damage_taken":0.0},{"event_name":"Cursed Tome","player_choice":"Obtained Book","floor":20.0,"damage_taken":0.0},{"event_name":"The Lab","player_choice":"Got Potions","floor":37,"damage_taken":0},{"event_name":"Winding Halls","player_choice":"Writhe","floor":39,"damage_taken":0}],"boss_relics":[],"potions_floor_spawned":[2,4,5,12,18,25,27,33,36,38,42],"seed_played":"-8722286702453677742","killed_by":"Sphere and 2 Shapes","ascension_level":0,"is_trial":false}