{"gold_per_floor":[114,129,129,304,218,248,248,248,323,353,43,73,103,133,133,233,233,248,263,263,63,63,93,123,123,123,123,123,138,153,213,213,313,313,340,452,264,264,279,309,339,369,419,419,449,464,316,16,16,16],"floor_reached":51,"playtime":1579,"items_purged":[],"score":1618,"play_id":"5a7f60c7-db43-423e-9701-7c91defb4dcd","local_time":"20181219174424","daily_mods":["Insanity","Flight","Terminal"],"is_ascension_mode":false,"campfire_choices":[{"data":"Mind Blast","floor":7.0,"key":"SMITH"},{"data":"Backstab","floor":8.0,"key":"SMITH"},{"data":"After Image","floor":15.0,"key":"SMITH"},{"data":"Backstab","floor":27.0,"key":"SMITH"},{"data":"Catalyst","floor":32.0,"key":"SMITH"},{"floor":44.0,"key":"REST"},{"data":"Corruption","floor":49.0,"key":"SMITH"}],"neow_cost":"","seed_source_timestamp":0,"circlet_count":0,"master_deck":["Underhanded Strike","Bouncing Flask","Underhanded Strike","Acrobatics","Acrobatics","Crippling Poison","Backflip","Sucker Punch","Sucker Punch","Bane","Skewer","Flying Knee","Blur","Backstab+1","Calculated Gamble","Leg Sweep","Crippling Poison","PiercingWail","Sucker Punch","Flechettes","Eviscerate","Distraction","Setup","Dagger Spray","Deadly Poison","Catalyst+1","Poisoned Stab","Poisoned Stab","Dagger Spray","Endless Agony","Underhanded Strike","Flying Knee","Sucker Punch","Deflect","Eviscerate","Bouncing Flask","Prepared","Choke","Acrobatics","Deflect","Calculated Gamble","Endless Agony","Deflect","Deflect","Noxious Fumes+1","Slice","PiercingWail","Tactician","Slice","Calculated Gamble","Escape Plan","Acrobatics","Doubt","Mind Blast+1","Predator","Cloak And Dagger","After Image+1","Calculated Gamble","Backflip","Night Terror","Acrobatics","Distraction","Backstab+1","Blade Dance","True Grit","Decay","Corruption+1","Deadly Poison","Violence","Seek","Doubt","Normality","Shame","Blade Dance+1","Skim+1","Corruption+1","Blade Dance","Footwork","Coolheaded+1","Shame","Acrobatics+1","Choke+1","Catalyst","Noxious Fumes"],"special_seed":17884,"relics":["Ring of the Snake","Anchor","Meat on the Bone","PreservedInsect","Bag of Marbles","Question Card","Mummified Hand","Calipers","Cursed Key","PrismaticShard","Snake Skull","The Specimen","Mercury Hourglass","Tiny Chest","Calling Bell","MawBank","Ninja Scroll","Mango","Ginger","Medical Kit","Regal Pillow","Bag of Preparation","Boot","Centennial Puzzle","Omamori","Dead Branch"],"potions_floor_usage":[50,50,50],"damage_taken":[{"damage":0.0,"enemies":"Small Slimes","floor":1.0,"turns":1.0},{"damage":0.0,"enemies":"2 Louse","floor":2.0,"turns":1.0},{"damage":1.0,"enemies":"3 Sentries","floor":6.0,"turns":5.0},{"damage":0.0,"enemies":"Lagavulin","floor":10.0,"turns":2.0},{"damage":0.0,"enemies":"3 Sentries","floor":13.0,"turns":3.0},{"damage":0.0,"enemies":"Gremlin Nob","floor":14.0,"turns":1.0},{"damage":0.0,"enemies":"The Guardian","floor":16.0,"turns":8.0},{"damage":0.0,"enemies":"Shell Parasite","floor":18.0,"turns":1.0},{"damage":0.0,"enemies":"Chosen","floor":19.0,"turns":1.0},{"damage":0.0,"enemies":"Book of Stabbing","floor":23.0,"turns":1.0},{"damage":0.0,"enemies":"Slavers","floor":24.0,"turns":3.0},{"damage":0.0,"enemies":"Snake Plant","floor":29.0,"turns":1.0},{"damage":0.0,"enemies":"3 Cultists","floor":30.0,"turns":3.0},{"damage":0.0,"enemies":"Book of Stabbing","floor":31.0,"turns":1.0},{"damage":0.0,"enemies":"Collector","floor":33.0,"turns":3.0},{"damage":0.0,"enemies":"3 Shapes","floor":35.0,"turns":2.0},{"damage":0.0,"enemies":"Mind Bloom Boss Battle","floor":36.0,"turns":4.0},{"damage":0.0,"enemies":"Orb Walker","floor":39.0,"turns":1.0},{"damage":14.0,"enemies":"Nemesis","floor":40.0,"turns":3.0},{"damage":0.0,"enemies":"Reptomancer","floor":41.0,"turns":1.0},{"damage":0.0,"enemies":"Nemesis","floor":42.0,"turns":1.0},{"damage":0.0,"enemies":"Giant Head","floor":45.0,"turns":2.0},{"damage":0.0,"enemies":"4 Shapes","floor":46.0,"turns":2.0},{"damage":0,"enemies":"Donu and Deca","floor":50,"turns":4}],"seed_played":"-5121674933632870369","potions_obtained":[{"floor":2.0,"key":"Block Potion"},{"floor":10.0,"key":"Block Potion"},{"floor":14.0,"key":"Explosive Potion"},{"floor":18.0,"key":"AttackPotion"},{"floor":19.0,"key":"Fruit Juice"},{"floor":31.0,"key":"Strength Potion"},{"floor":33.0,"key":"LiquidBronze"},{"floor":41.0,"key":"Energy Potion"},{"floor":42.0,"key":"Ancient Potion"}],"is_trial":false,"path_per_floor":["M","M","?","?","$","E","R","R","T","E","$","?","E","E","R","B",null,"M","M","?","$","?","E","E","$","T","R","$","M","M","E","R","B",null,"M","?","$","?","M","E","E","E","T","R","E","M","$","$","R","B",null],"character_chosen":"THE_SILENT","items_purchased":["Mind Blast","Bag of Marbles","After Image","PrismaticShard","Medical Kit","Catalyst","Noxious Fumes","Dead Branch"],"campfire_rested":1,"item_purchase_floors":[5,11,11,21,37,47,47,48],"current_hp_per_floor":[68,67,66,65,64,63,62,61,60,59,58,57,56,55,54,53,52,51,50,49,48,47,46,45,44,43,42,41,40,39,43,42,41,54,53,52,51,50,49,35,35,35,35,44,43,42,41,40,39,38],"gold":16,"neow_bonus":"","is_prod":false,"is_daily":true,"chose_seed":false,"campfire_upgraded":6,"win_rate":0,"timestamp":1545237864,"path_taken":["M","M","?","?","$","E","R","R","T","E","$","?","E","E","R","BOSS","M","M","?","$","?","E","E","$","T","R","?","M","M","E","R","BOSS","M","?","$","?","M","E","E","E","T","R","E","M","$","$","R","BOSS"],"build_version":"2018-12-13","purchased_purges":0,"victory":true,"max_hp_per_floor":[68,67,66,65,64,63,62,61,60,59,58,57,56,55,54,53,52,51,50,49,48,47,46,45,44,43,42,41,40,39,43,42,41,54,53,52,51,50,49,48,47,46,45,44,43,42,41,40,39,38],"card_choices":[{"not_picked":["Flying Knee","Leg Sweep"],"picked":"Escape Plan","floor":1.0},{"not_picked":["Sucker Punch","Prepared"],"picked":"Acrobatics","floor":2.0},{"not_picked":["Dagger Throw","Reflex"],"picked":"Predator","floor":6.0},{"not_picked":["Backflip","Bane"],"picked":"Cloak And Dagger","floor":10.0},{"not_picked":["Flying Knee","Distraction","Deflect"],"picked":"Calculated Gamble","floor":13.0},{"not_picked":["Accuracy","Heel Hook","Dodge and Roll"],"picked":"Backflip","floor":14.0},{"not_picked":["Grand Finale","Storm of Steel","Bullet Time"],"picked":"Night Terror","floor":16.0},{"not_picked":["Bouncing Flask","Deadly Poison","Dodge and Roll"],"picked":"Acrobatics","floor":18.0},{"not_picked":["Heel Hook","Flechettes","Concentrate"],"picked":"Distraction","floor":19.0},{"not_picked":["Reckless Charge","Barrage","Outmaneuver"],"picked":"Blade Dance","floor":23.0},{"not_picked":["Endless Agony","Rainbow","Gash"],"picked":"True Grit","floor":24.0},{"not_picked":["Madness+1","Cold Snap","Streamline+1"],"picked":"Corruption","floor":29.0},{"not_picked":["Thunderclap","BootSequence","Calculated Gamble"],"picked":"Deadly Poison","floor":30.0},{"not_picked":["Storm of Steel","Cold Snap","Heatsinks"],"picked":"Violence","floor":31.0},{"not_picked":["Rainbow","Master of Strategy","Secret Weapon"],"picked":"Seek","floor":33.0},{"not_picked":["Ghostly Armor","Body Slam","Rebound"],"picked":"Blade Dance+1","floor":35.0},{"not_picked":["Rebound+1","Impatience","Genetic Algorithm+1"],"picked":"Skim+1","floor":36.0},{"not_picked":["Prepared+1","Reprogram+1","Slice+1"],"picked":"Corruption+1","floor":39.0},{"not_picked":["Melter","Riddle With Holes","Barricade"],"picked":"Blade Dance","floor":40.0},{"not_picked":["Pummel+1","Genetic Algorithm","Steam Power+1"],"picked":"Footwork","floor":41.0},{"not_picked":["Fission","Sword Boomerang","Redo+1"],"picked":"Coolheaded+1","floor":42.0},{"not_picked":["Infinite Blades+1","Slice","Crippling Poison"],"picked":"Acrobatics+1","floor":45.0},{"not_picked":["Barrage+1","Loop","Rip and Tear+1"],"picked":"Choke+1","floor":46.0}],"player_experience":1802277,"relics_obtained":[{"floor":6.0,"key":"Anchor"},{"floor":9.0,"key":"Meat on the Bone"},{"floor":10.0,"key":"PreservedInsect"},{"floor":13.0,"key":"Mummified Hand"},{"floor":14.0,"key":"Calipers"},{"floor":23.0,"key":"Snake Skull"},{"floor":24.0,"key":"The Specimen"},{"floor":26.0,"key":"Mercury Hourglass"},{"floor":31.0,"key":"Tiny Chest"},{"floor":34.0,"key":"MawBank"},{"floor":34.0,"key":"Ninja Scroll"},{"floor":34.0,"key":"Mango"},{"floor":36.0,"key":"Ginger"},{"floor":40.0,"key":"Regal Pillow"},{"floor":41.0,"key":"Bag of Preparation"},{"floor":42.0,"key":"Boot"},{"floor":43.0,"key":"Centennial Puzzle"},{"floor":45.0,"key":"Omamori"}],"event_choices":[{"damage_healed":0.0,"max_hp_gain":0.0,"max_hp_loss":0.0,"gold_gain":0.0,"event_name":"Living Wall","player_choice":"Grow","floor":3.0,"gold_loss":0.0,"damage_taken":0.0,"cards_upgraded":["Noxious Fumes"]},{"damage_healed":0.0,"max_hp_gain":0.0,"max_hp_loss":0.0,"gold_gain":175.0,"event_name":"Liars Game","player_choice":"AGREE","floor":4.0,"gold_loss":0.0,"damage_taken":0.0,"cards_obtained":["Doubt"]},{"damage_healed":0.0,"max_hp_gain":0.0,"max_hp_loss":0.0,"gold_gain":30.0,"event_name":"Dead Adventurer","player_choice":"Searched \u00272\u0027 times","floor":12.0,"gold_loss":0.0,"damage_taken":0.0,"relics_obtained":["Question Card"]},{"damage_healed":0.0,"max_hp_gain":0.0,"max_hp_loss":0.0,"gold_gain":0.0,"event_name":"Ghosts","player_choice":"Ignored","floor":20.0,"gold_loss":0.0,"damage_taken":0.0},{"damage_healed":0.0,"max_hp_gain":0.0,"max_hp_loss":0.0,"gold_gain":0.0,"event_name":"The Library","player_choice":"Read","floor":22.0,"gold_loss":0.0,"damage_taken":0.0,"cards_obtained":["Backstab"]},{"damage_healed":0.0,"max_hp_gain":0.0,"max_hp_loss":0.0,"gold_gain":0.0,"event_name":"MindBloom","player_choice":"Fight","floor":36.0,"gold_loss":0.0,"damage_taken":0.0},{"damage_healed":0.0,"max_hp_gain":0.0,"max_hp_loss":0.0,"gold_gain":0.0,"event_name":"Tomb of Lord Red Mask","player_choice":"Ignored","floor":38.0,"gold_loss":0.0,"damage_taken":0.0}],"is_beta":false,"boss_relics":[{"not_picked":["Runic Dome","Ectoplasm"],"picked":"Cursed Key"},{"not_picked":["HoveringKite","Sozu"],"picked":"Calling Bell"}],"items_purged_floors":[],"is_endless":false,"potions_floor_spawned":[2,10,14,18,19,31,33,41,42],"ascension_level":0}