{"gold_per_floor":[317,333,408,420,17,43,43,58,138,138,157,53,53,68,68,164,164,180,180,180],"floor_reached":20,"playtime":711,"items_purged":[],"score":235,"play_id":"f353dfe9-66f1-426b-94c1-1f5741180002","local_time":"20180702135410","is_ascension_mode":true,"campfire_choices":[{"floor":7,"key":"REST"},{"floor":10,"key":"REST"},{"floor":13,"key":"REST"},{"floor":15,"key":"REST"}],"neow_cost":"NO_GOLD","seed_source_timestamp":670337725563471,"circlet_count":0,"master_deck":["Strike_B","Strike_B","Strike_B","Strike_B","Defend_B","Defend_B","Defend_B","Defend_B","Zap","Dualcast","Capacitor","Darkness","Darkness","Coolheaded","Static Discharge","Cold Snap","Self Repair","Coolheaded","Core Surge","Echo Form","Chaos"],"relics":["Cracked Core","Old Coin","Kunai","Art of War","Unceasing Top","Dodecahedron","Philosopher\u0027s Stone"],"potions_floor_usage":[6,11],"damage_taken":[{"damage":1,"enemies":"Cultist","floor":1,"turns":4},{"damage":1,"enemies":"2 Louse","floor":2,"turns":2},{"damage":0,"enemies":"Small Slimes","floor":4,"turns":3},{"damage":30,"enemies":"Lagavulin","floor":6,"turns":5},{"damage":26,"enemies":"Exordium Thugs","floor":8,"turns":4},{"damage":14,"enemies":"Lots of Slimes","floor":11,"turns":3},{"damage":20,"enemies":"Looter","floor":14,"turns":4},{"damage":29,"enemies":"Slime Boss","floor":16,"turns":8},{"damage":62,"enemies":"Shell Parasite","floor":18,"turns":6},{"damage":13,"enemies":"3 Byrds","floor":20,"turns":1}],"seed_played":"-7289098257840239671","potions_obtained":[{"floor":4,"key":"Ancient Potion"},{"floor":8,"key":"Poison Potion"},{"floor":11,"key":"Swift Potion"}],"is_trial":false,"path_per_floor":["M","M","?","M","$","E","R","M","T","R","M","$","R","M","R","B",null,"M","?"],"character_chosen":"DEFECT","items_purchased":["Kunai","Art of War","Self Repair","Coolheaded"],"campfire_rested":4,"item_purchase_floors":[5,5,12,12],"current_hp_per_floor":[67,66,55,55,55,25,47,21,21,43,29,29,51,38,60,38,66,11,11,0],"gold":180,"neow_bonus":"ONE_RARE_RELIC","is_prod":false,"is_daily":false,"chose_seed":false,"campfire_upgraded":0,"win_rate":0,"timestamp":1530554050,"path_taken":["M","M","?","M","?","E","R","M","T","R","M","$","R","?","R","BOSS","M","?","M"],"build_version":"2018-06-28","purchased_purges":0,"victory":false,"max_hp_per_floor":[75,75,75,75,75,75,75,75,75,75,75,75,75,75,75,75,75,75,75,75],"card_choices":[{"not_picked":["Steam","Sweeping Beam"],"picked":"Capacitor","floor":1},{"not_picked":["Gash","Scrape"],"picked":"Darkness","floor":2},{"not_picked":["Leap","Steam"],"picked":"Darkness","floor":4},{"not_picked":["Steam","Compile Driver"],"picked":"Coolheaded","floor":6},{"not_picked":["Ball Lightning","Steam"],"picked":"Static Discharge","floor":8},{"not_picked":["Barrage","Double Energy"],"picked":"Cold Snap","floor":11},{"not_picked":["Aggregate","Rebound"],"picked":"Core Surge","floor":14},{"not_picked":["Multi-Cast","Biased Cognition"],"picked":"Echo Form","floor":16},{"not_picked":["Beam Cell+1","Sweeping Beam+1"],"picked":"Chaos","floor":18}],"player_experience":914654,"relics_obtained":[{"floor":6,"key":"Unceasing Top"},{"floor":9,"key":"Dodecahedron"}],"event_choices":[{"event_name":"World of Goop","player_choice":"Gather Gold","floor":3,"damage_taken":0},{"event_name":"Accursed Blacksmith","player_choice":"Ignore","floor":19,"damage_taken":0}],"boss_relics":[{"not_picked":["Snecko Eye","Velvet Choker"],"picked":"Philosopher\u0027s Stone"}],"items_purged_floors":[],"is_endless":false,"potions_floor_spawned":[4,8,11],"killed_by":"3 Byrds","ascension_level":7}