{"gold_per_floor":[119,44,44,61,75,75,107,118,199,199,199],"floor_reached":11,"playtime":363,"items_purged":[],"score":142,"play_id":"6c0c608c-ba1f-4d0c-9c26-3f21b9e8c5eb","local_time":"20190207181515","is_ascension_mode":true,"campfire_choices":[{"floor":6,"key":"REST"}],"neow_cost":"NONE","seed_source_timestamp":360332255359539,"circlet_count":0,"master_deck":["AscendersBane","Strike_B","Strike_B","Defend_B","Defend_B","Defend_B","Defend_B","Zap+1","Dualcast","Storm","Compile Driver","Machine Learning","BootSequence","Coolheaded"],"relics":["Cracked Core","Girya","Pantograph"],"potions_floor_usage":[7,8],"damage_taken":[{"damage":2,"enemies":"Jaw Worm","floor":1,"turns":4},{"damage":7,"enemies":"Small Slimes","floor":4,"turns":3},{"damage":0,"enemies":"2 Louse","floor":5,"turns":2},{"damage":44,"enemies":"Gremlin Nob","floor":7,"turns":5},{"damage":14,"enemies":"2 Fungi Beasts","floor":8,"turns":4},{"damage":15,"enemies":"Large Slime","floor":11,"turns":5}],"seed_played":"-9049651007049661267","potions_obtained":[{"floor":1,"key":"Weak Potion"},{"floor":4,"key":"SkillPotion"}],"is_trial":false,"path_per_floor":["M","?","?","M","M","R","E","M","T","?","M"],"character_chosen":"DEFECT","items_purchased":[],"campfire_rested":1,"item_purchase_floors":[],"current_hp_per_floor":[62,62,62,55,55,71,27,13,13,13,0],"gold":199,"neow_bonus":"UPGRADE_CARD","is_prod":false,"is_daily":false,"chose_seed":false,"campfire_upgraded":0,"win_rate":0,"timestamp":1549581315,"path_taken":["M","?","?","M","M","R","E","M","T","?","M"],"build_version":"2019-01-23","purchased_purges":0,"victory":false,"max_hp_per_floor":[71,71,71,71,71,71,71,71,71,71,71],"card_choices":[{"not_picked":["Heatsinks","Cold Snap"],"picked":"Storm","floor":1},{"not_picked":["Turbo","Gash"],"picked":"Compile Driver","floor":4},{"not_picked":["Go for the Eyes","Force Field"],"picked":"Machine Learning","floor":5},{"not_picked":["Turbo","Compile Driver"],"picked":"BootSequence","floor":7},{"not_picked":["Sweeping Beam","Fusion"],"picked":"Coolheaded","floor":8}],"player_experience":2337715,"relics_obtained":[{"floor":7,"key":"Girya"},{"floor":9,"key":"Pantograph"}],"event_choices":[{"cards_removed":["Strike_B"],"damage_healed":0,"gold_gain":0,"player_choice":"Card Removal","damage_taken":0,"max_hp_gain":0,"max_hp_loss":0,"event_name":"The Cleric","floor":2,"gold_loss":75},{"cards_removed":["Strike_B"],"damage_healed":0,"gold_gain":0,"player_choice":"Forget","damage_taken":0,"max_hp_gain":0,"max_hp_loss":0,"event_name":"Living Wall","floor":3,"gold_loss":0},{"damage_healed":0,"gold_gain":0,"player_choice":"Searched \u00271\u0027 times","damage_taken":0,"max_hp_gain":0,"max_hp_loss":0,"event_name":"Dead Adventurer","floor":10,"gold_loss":0}],"is_beta":false,"boss_relics":[],"items_purged_floors":[],"is_endless":false,"potions_floor_spawned":[1,4],"killed_by":"Large Slime","ascension_level":19}