{"gold_per_floor":[114,134,148,163,179,179,212,289,312,331,349,41,74,85,85,187,187,206,206],"floor_reached":19,"playtime":812,"items_purged":[],"score":281,"play_id":"d361ee40-7db6-478b-970a-0c9da81e69d7","local_time":"20190117172315","is_ascension_mode":true,"campfire_choices":[{"floor":6,"key":"REST"},{"floor":15,"key":"REST"}],"neow_cost":"NONE","seed_source_timestamp":748413224018780,"circlet_count":0,"master_deck":["Strike_B","Strike_B","Strike_B","Defend_B","Defend_B","Defend_B","Defend_B","Zap","Dualcast","Fusion","Streamline","Defragment","Ball Lightning","Rainbow","Hologram","Sweeping Beam","Storm","Chill","White Noise","Fission","Steam"],"relics":["Cracked Core","Smiling Mask","DataDisk","Orichalcum","Strawberry","Blood Vial","White Beast Statue"],"potions_floor_usage":[2,7,10,13,19],"damage_taken":[{"damage":0,"enemies":"2 Louse","floor":1,"turns":2},{"damage":3,"enemies":"Jaw Worm","floor":2,"turns":4},{"damage":1,"enemies":"Cultist","floor":3,"turns":3},{"damage":7,"enemies":"Looter","floor":4,"turns":3},{"damage":9,"enemies":"3 Louse","floor":5,"turns":3},{"damage":16,"enemies":"Gremlin Nob","floor":7,"turns":3},{"damage":11,"enemies":"Blue Slaver","floor":10,"turns":3},{"damage":13,"enemies":"Lots of Slimes","floor":11,"turns":3},{"damage":0,"enemies":"3 Sentries","floor":13,"turns":6},{"damage":2,"enemies":"Looter","floor":14,"turns":2},{"damage":1,"enemies":"The Guardian","floor":16,"turns":9},{"damage":20,"enemies":"2 Thieves","floor":18,"turns":4},{"damage":62,"enemies":"Masked Bandits","floor":19,"turns":4}],"seed_played":"-9135200393113828126","potions_obtained":[{"floor":1,"key":"FearPotion"},{"floor":4,"key":"Poison Potion"},{"floor":7,"key":"Swift Potion"},{"floor":10,"key":"Weak Potion"},{"floor":18,"key":"EssenceOfSteel"}],"is_trial":false,"path_per_floor":["M","M","M","M","M","R","E","?","T","M","M","$","E","M","R","B",null,"M","?"],"character_chosen":"DEFECT","items_purchased":["Orichalcum","Strawberry"],"campfire_rested":2,"item_purchase_floors":[12,12],"current_hp_per_floor":[68,65,64,57,48,70,54,54,54,43,30,37,37,37,61,62,77,59,0],"gold":206,"neow_bonus":"TRANSFORM_CARD","is_prod":false,"is_daily":false,"chose_seed":false,"campfire_upgraded":0,"win_rate":0,"timestamp":1547767395,"path_taken":["M","M","M","M","M","R","E","?","T","M","M","$","E","M","R","BOSS","M","?"],"build_version":"2019-01-16","purchased_purges":0,"victory":false,"max_hp_per_floor":[75,75,75,75,75,75,75,75,75,75,75,82,82,82,82,82,82,82,82],"card_choices":[{"not_picked":["Consume","Coolheaded"],"picked":"Streamline","floor":1},{"not_picked":["Melter","Force Field"],"picked":"Defragment","floor":2},{"not_picked":["Self Repair","Redo"],"picked":"Ball Lightning","floor":3},{"not_picked":["Cold Snap","Redo"],"picked":"Rainbow","floor":4},{"not_picked":["Rebound","Double Energy"],"picked":"Hologram","floor":5},{"not_picked":["Barrage","Beam Cell"],"picked":"Sweeping Beam","floor":7},{"not_picked":["White Noise","Barrage"],"picked":"Storm","floor":10},{"not_picked":["Auto Shields","Reprogram"],"picked":"Chill","floor":11},{"not_picked":["Gash","Rip and Tear"],"picked":"White Noise","floor":13},{"not_picked":["Redo","Rip and Tear","Self Repair"],"picked":"SKIP","floor":14},{"not_picked":["All For One","Amplify"],"picked":"Fission","floor":16},{"not_picked":["Static Discharge","Consume"],"picked":"Steam","floor":18}],"player_experience":606240,"relics_obtained":[{"floor":7,"key":"Smiling Mask"},{"floor":9,"key":"DataDisk"},{"floor":13,"key":"Blood Vial"}],"event_choices":[{"damage_healed":0,"gold_gain":77,"player_choice":"Gained Gold","damage_taken":0,"max_hp_gain":0,"max_hp_loss":0,"event_name":"Golden Wing","floor":8,"gold_loss":0},{"damage_healed":0,"gold_gain":0,"player_choice":"Fought Bandits","damage_taken":0,"max_hp_gain":0,"max_hp_loss":0,"event_name":"Masked Bandits","floor":19,"gold_loss":0}],"is_beta":true,"boss_relics":[{"not_picked":["Runic Dome","Pandora\u0027s Box"],"picked":"White Beast Statue"}],"items_purged_floors":[],"is_endless":false,"potions_floor_spawned":[1,4,7,10,18],"killed_by":"Masked Bandits","ascension_level":7}