{"gold_per_floor":[10,85,98,109,109,109,139,139,139,154,154,10,22,32,32,32],"floor_reached":16,"playtime":922,"items_purged":["Strike_G"],"score":102,"play_id":"c9d81527-1db5-41d5-99ba-a3e7e7386c37","local_time":"20190206232851","is_ascension_mode":false,"campfire_choices":[{"data":"Blade Dance","floor":6.0,"key":"SMITH"},{"data":"Expertise","floor":11.0,"key":"SMITH"},{"data":"Neutralize","floor":15,"key":"SMITH"}],"neow_cost":"NO_GOLD","seed_source_timestamp":1122201689563407,"circlet_count":0,"master_deck":["Defend_G","Defend_G+1","Defend_G","Defend_G","Defend_G","Strike_G","Strike_G","Strike_G+1","Strike_G","Survivor","Neutralize+1","Blade Dance+1","Iron Wave","Expertise+1","Blur","Cloak And Dagger","Terror"],"special_seed":0,"relics":["Ring of the Snake","Du-Vu Doll","Pear","Dodecahedron"],"potions_floor_usage":[],"damage_taken":[{"damage":0.0,"enemies":"Jaw Worm","floor":1.0,"turns":6.0},{"damage":0.0,"enemies":"Small Slimes","floor":3.0,"turns":3.0},{"damage":0.0,"enemies":"2 Louse","floor":4.0,"turns":2.0},{"damage":34.0,"enemies":"Lagavulin","floor":7.0,"turns":8.0},{"damage":3.0,"enemies":"Red Slaver","floor":10.0,"turns":3.0},{"damage":7.0,"enemies":"Gremlin Gang","floor":13.0,"turns":7.0},{"damage":1,"enemies":"Large Slime","floor":14,"turns":9},{"damage":10,"enemies":"Slime Boss","floor":16,"turns":5}],"seed_played":"-7048156183141129220","potions_obtained":[{"floor":7.0,"key":"Block Potion"}],"is_trial":false,"path_per_floor":["M","?","M","M","?","R","E","?","T","M","R","$","M","M","R","B"],"character_chosen":"THE_SILENT","items_purchased":["Blur"],"campfire_rested":0,"item_purchase_floors":[12],"current_hp_per_floor":[70,59,59,59,45,45,21,21,21,18,18,18,11,10,10,0],"gold":32,"neow_bonus":"ONE_RARE_RELIC","is_prod":false,"is_daily":false,"chose_seed":false,"campfire_upgraded":3,"win_rate":0,"timestamp":1549492131,"path_taken":["M","?","M","M","?","R","E","?","T","?","R","$","M","M","R","BOSS"],"build_version":"2019-01-23","purchased_purges":1,"victory":false,"max_hp_per_floor":[70,70,70,70,70,70,80,80,80,80,80,80,80,80,80,80],"card_choices":[{"not_picked":["Prepared","Dagger Spray","Dagger Throw"],"picked":"SKIP","floor":1.0},{"not_picked":["Outmaneuver","Masterful Stab","Dagger Throw"],"picked":"SKIP","floor":3.0},{"not_picked":["Deflect","Setup"],"picked":"Blade Dance","floor":4.0},{"not_picked":["Blade Dance","Backstab"],"picked":"Adrenaline","floor":7.0},{"not_picked":["Prepared","Outmaneuver"],"picked":"Expertise","floor":10.0},{"not_picked":["Flying Knee","Sucker Punch"],"picked":"Cloak And Dagger","floor":13.0},{"not_picked":["Venomology","Tactician"],"picked":"Terror","floor":14}],"player_experience":424404,"relics_obtained":[{"floor":7.0,"key":"Pear"},{"floor":9.0,"key":"Dodecahedron"}],"event_choices":[{"damage_healed":0.0,"max_hp_gain":0.0,"max_hp_loss":0.0,"gold_gain":75.0,"event_name":"World of Goop","player_choice":"Gather Gold","floor":2.0,"gold_loss":0.0,"damage_taken":11.0},{"damage_healed":0.0,"max_hp_gain":0.0,"max_hp_loss":0.0,"gold_gain":0.0,"event_name":"Shining Light","player_choice":"Entered Light","floor":5.0,"gold_loss":0.0,"damage_taken":14.0,"cards_upgraded":["Strike_G","Defend_G"]},{"cards_removed":["Adrenaline"],"damage_healed":0.0,"max_hp_gain":0.0,"max_hp_loss":0.0,"gold_gain":0.0,"event_name":"NoteForYourself","player_choice":"Took Card","floor":8.0,"gold_loss":0.0,"damage_taken":0.0,"cards_obtained":["Iron Wave"]}],"is_beta":true,"boss_relics":[],"items_purged_floors":[12],"is_endless":false,"potions_floor_spawned":[7],"killed_by":"Slime Boss","ascension_level":0}