{"gold_per_floor":[115,165,177,102,2,2,29,29,29,29,29,39,39,39,39,39],"floor_reached":16,"playtime":909,"items_purged":["Strike_R","Strike_R"],"score":173,"play_id":"235b35da-9cbf-404e-b1b2-95a482029646","local_time":"20190211181635","is_ascension_mode":true,"campfire_choices":[{"data":"Armaments","floor":6,"key":"SMITH"},{"data":"Shrug It Off","floor":11,"key":"SMITH"},{"data":"Metallicize","floor":15,"key":"SMITH"}],"neow_cost":"NONE","seed_source_timestamp":192579579607021,"circlet_count":0,"master_deck":["AscendersBane","Strike_R","Strike_R","Defend_R+1","Defend_R","Defend_R+1","Defend_R","Bash","Armaments+1","Heavy Blade","Shrug It Off+1","Metallicize+1"],"relics":["Burning Blood","War Paint","Self Forming Clay","Mercury Hourglass"],"potions_floor_usage":[],"damage_taken":[{"damage":9,"enemies":"Jaw Worm","floor":1,"turns":4},{"damage":6,"enemies":"Cultist","floor":3,"turns":4},{"damage":59,"enemies":"3 Sentries","floor":7,"turns":16},{"damage":0,"enemies":"Small Slimes","floor":12,"turns":5},{"damage":52,"enemies":"Hexaghost","floor":16,"turns":16}],"seed_played":"823694821895860008","potions_obtained":[],"is_trial":false,"path_per_floor":["M","?","M","$","$","R","E","?","T","?","R","M","$","T","R","B"],"character_chosen":"IRONCLAD","items_purchased":[],"campfire_rested":0,"item_purchase_floors":[],"current_hp_per_floor":[72,72,72,72,72,72,19,46,46,46,46,52,52,52,52,0],"gold":39,"neow_bonus":"TEN_PERCENT_HP_BONUS","is_prod":false,"is_daily":false,"chose_seed":false,"campfire_upgraded":3,"win_rate":0,"timestamp":1549905395,"path_taken":["M","?","?","?","$","R","E","?","T","?","R","?","$","?","R","BOSS"],"build_version":"2019-02-06","purchased_purges":2,"victory":false,"max_hp_per_floor":[82,82,82,82,82,82,82,82,82,82,82,82,82,82,82,82],"card_choices":[{"not_picked":["Body Slam","Pommel Strike"],"picked":"Armaments","floor":1},{"not_picked":["Thunderclap","Cleave"],"picked":"Heavy Blade","floor":3},{"not_picked":["Second Wind","Sword Boomerang"],"picked":"Shrug It Off","floor":7},{"not_picked":["Twin Strike","Sentinel"],"picked":"Metallicize","floor":12}],"player_experience":441164,"relics_obtained":[{"floor":7,"key":"War Paint"},{"floor":9,"key":"Self Forming Clay"},{"floor":14,"key":"Mercury Hourglass"}],"event_choices":[{"damage_healed":0,"gold_gain":50,"player_choice":"Pray","damage_taken":0,"max_hp_gain":0,"max_hp_loss":0,"event_name":"Golden Shrine","floor":2,"gold_loss":0},{"damage_healed":27,"gold_gain":0,"player_choice":"Banana","damage_taken":0,"max_hp_gain":0,"max_hp_loss":0,"event_name":"Big Fish","floor":8,"gold_loss":0},{"cards_removed":["Strike_R"],"damage_healed":0,"gold_gain":0,"player_choice":"Forget","damage_taken":0,"max_hp_gain":0,"max_hp_loss":0,"event_name":"Living Wall","floor":10,"gold_loss":0}],"is_beta":true,"boss_relics":[],"items_purged_floors":[4,5],"is_endless":false,"potions_floor_spawned":[],"killed_by":"Hexaghost","ascension_level":16}