{"gold_per_floor":[13,25,25,41,54,71,26,26,49,15,15,32,48,63,63,164,164,177,18,37,37,54,54,69,69,69,69,69],"floor_reached":28,"playtime":1307,"items_purged":[],"score":289,"play_id":"5a496883-8660-4bb5-a36e-0933bbd32cda","local_time":"20180716172942","is_ascension_mode":true,"campfire_choices":[{"floor":11,"key":"REST"},{"floor":15,"key":"REST"},{"floor":23,"key":"REST"},{"floor":25,"key":"REST"}],"neow_cost":"NO_GOLD","seed_source_timestamp":239760179393414,"circlet_count":0,"master_deck":["Bash","Inflame","Shockwave","Entrench","Heavy Blade","Shrug It Off","Flex","Metallicize","Flame Barrier","Limit Break+1","Shrug It Off","Impervious+1","Perfected Strike","Perfected Strike","Whirlwind","Blood for Blood","Seeing Red","Iron Wave","Pommel Strike","Thunderclap+1","Ghostly Armor","Metallicize","Metallicize","Whirlwind"],"relics":["Burning Blood","Ancient Tea Set","Art of War","Bag of Preparation","Pandora\u0027s Box","Vajra"],"potions_floor_usage":[14,16,16,16,28],"damage_taken":[{"damage":4,"enemies":"Small Slimes","floor":1,"turns":4},{"damage":6,"enemies":"Cultist","floor":2,"turns":4},{"damage":9,"enemies":"Jaw Worm","floor":4,"turns":6},{"damage":42,"enemies":"Exordium Thugs","floor":5,"turns":7},{"damage":18,"enemies":"Exordium Wildlife","floor":6,"turns":3},{"damage":17,"enemies":"Lots of Slimes","floor":12,"turns":4},{"damage":8,"enemies":"2 Fungi Beasts","floor":13,"turns":4},{"damage":31,"enemies":"Exordium Thugs","floor":14,"turns":6},{"damage":15,"enemies":"Hexaghost","floor":16,"turns":6},{"damage":6,"enemies":"3 Byrds","floor":18,"turns":4},{"damage":6,"enemies":"Chosen","floor":20,"turns":8},{"damage":33,"enemies":"Sentry and Sphere","floor":22,"turns":7},{"damage":46,"enemies":"3 Cultists","floor":24,"turns":5},{"damage":50,"enemies":"Gremlin Leader","floor":28,"turns":5}],"seed_played":"630501340423786272","potions_obtained":[{"floor":4,"key":"PowerPotion"},{"floor":5,"key":"SteroidPotion"},{"floor":6,"key":"Strength Potion"},{"floor":14,"key":"SteroidPotion"},{"floor":18,"key":"FearPotion"},{"floor":20,"key":"FearPotion"}],"is_trial":false,"path_per_floor":["M","M","?","M","M","M","$","T","T","$","R","M","M","M","R","B",null,"M","$","M","?","M","R","M","R","T","?"],"character_chosen":"IRONCLAD","items_purchased":["Flex","Metallicize","Ghostly Armor","Metallicize"],"campfire_rested":4,"item_purchase_floors":[7,10,19,19],"current_hp_per_floor":[74,74,74,71,35,23,23,23,23,23,47,36,34,9,33,24,66,66,66,66,66,39,63,23,47,47,47,0],"gold":69,"neow_bonus":"REMOVE_TWO","is_prod":false,"is_daily":false,"chose_seed":false,"campfire_upgraded":0,"win_rate":0,"timestamp":1531776582,"path_taken":["M","M","?","M","M","?","?","?","T","$","R","M","M","?","R","BOSS","M","$","M","?","M","R","M","R","T","?","E"],"build_version":"2018-07-12","purchased_purges":0,"victory":false,"max_hp_per_floor":[80,80,80,80,80,80,80,80,80,80,80,80,80,80,80,80,80,80,80,80,80,80,80,80,80,80,80,80],"card_choices":[{"not_picked":["Anger","Sword Boomerang"],"picked":"Inflame","floor":1},{"not_picked":["Iron Wave","Havoc"],"picked":"Shockwave","floor":2},{"not_picked":["Iron Wave","Inflame"],"picked":"Entrench","floor":4},{"not_picked":["Hemokinesis","Headbutt"],"picked":"Heavy Blade","floor":5},{"not_picked":["Thunderclap","Sentinel"],"picked":"Shrug It Off","floor":6},{"not_picked":["Twin Strike","Carnage"],"picked":"Flame Barrier","floor":12},{"not_picked":["Feel No Pain","Pummel"],"picked":"Limit Break","floor":13},{"not_picked":["Havoc","Clash"],"picked":"Shrug It Off","floor":14},{"not_picked":["Reaper","Immolate"],"picked":"Impervious","floor":16},{"not_picked":["Twin Strike","Body Slam+1"],"picked":"Thunderclap+1","floor":18},{"not_picked":["Sword Boomerang+1","Headbutt","Iron Wave+1"],"picked":"SKIP","floor":20},{"not_picked":["Wild Strike","Clash"],"picked":"Metallicize","floor":22},{"not_picked":["Perfected Strike","Second Wind"],"picked":"Whirlwind","floor":24}],"player_experience":1153685,"relics_obtained":[{"floor":8,"key":"Art of War"},{"floor":9,"key":"Bag of Preparation"},{"floor":26,"key":"Vajra"}],"event_choices":[{"event_name":"Wheel of Change","player_choice":"Relic","floor":3,"damage_taken":0},{"event_name":"Upgrade Shrine","player_choice":"Upgraded","floor":21,"damage_taken":0},{"event_name":"Accursed Blacksmith","player_choice":"Forge","floor":27,"damage_taken":0}],"boss_relics":[{"not_picked":["Calling Bell","Runic Dome"],"picked":"Pandora\u0027s Box"}],"items_purged_floors":[],"is_endless":false,"potions_floor_spawned":[4,5,6,13,14,18,20],"killed_by":"Gremlin Leader","ascension_level":7}