{"gold_per_floor":[118,130,146,159,171,171,171,187,187,212,225,225,190,13,13,13],"floor_reached":16,"playtime":928,"items_purged":[],"score":103,"play_id":"d9bfbaf1-af52-4b06-8e2e-9df7617b4566","local_time":"20190206200106","is_ascension_mode":true,"campfire_choices":[{"floor":6,"key":"REST"},{"floor":15,"key":"REST"}],"neow_cost":"NONE","seed_source_timestamp":2185447495136234,"circlet_count":0,"master_deck":["Defend_G","Defend_G","Defend_G","Defend_G","Defend_G","Strike_G","Strike_G","Strike_G","Strike_G","Survivor","Neutralize","Deadly Poison","Quick Slash","Prepared","Crippling Poison","Tactician","Acrobatics","Dash","Riddle With Holes","Panache"],"relics":["Ring of the Snake","Golden Idol","Bottled Flame","Odd Mushroom"],"potions_floor_usage":[16,16,16],"damage_taken":[{"damage":6,"enemies":"Cultist","floor":1,"turns":5},{"damage":1,"enemies":"Jaw Worm","floor":2,"turns":5},{"damage":5,"enemies":"2 Louse","floor":3,"turns":4},{"damage":6,"enemies":"Blue Slaver","floor":4,"turns":4},{"damage":7,"enemies":"Looter","floor":5,"turns":4},{"damage":6,"enemies":"2 Fungi Beasts","floor":8,"turns":3},{"damage":29,"enemies":"The Mushroom Lair","floor":10,"turns":6},{"damage":9,"enemies":"3 Louse","floor":11,"turns":3},{"damage":58,"enemies":"Slime Boss","floor":16,"turns":11}],"seed_played":"5438578687004913591","potions_obtained":[{"floor":1,"key":"SkillPotion"},{"floor":2,"key":"SkillPotion"},{"floor":8,"key":"LiquidBronze"}],"is_trial":false,"path_per_floor":["M","M","M","M","M","R","?","M","T","?","M","?","?","$","R","B"],"character_chosen":"THE_SILENT","items_purchased":["Panache"],"campfire_rested":2,"item_purchase_floors":[14],"current_hp_per_floor":[71,70,65,59,52,75,56,50,50,21,12,12,31,31,54,0],"gold":13,"neow_bonus":"TEN_PERCENT_HP_BONUS","is_prod":false,"is_daily":false,"chose_seed":false,"campfire_upgraded":0,"win_rate":0,"timestamp":1549454466,"path_taken":["M","M","?","M","M","R","?","M","T","?","M","?","?","$","R","BOSS"],"build_version":"2019-01-23","purchased_purges":0,"victory":false,"max_hp_per_floor":[77,77,77,77,77,77,77,77,77,77,77,77,77,77,77,77],"card_choices":[{"not_picked":["Catalyst","Tactician"],"picked":"Deadly Poison","floor":1},{"not_picked":["Outmaneuver","Slice"],"picked":"Quick Slash","floor":2},{"not_picked":["Catalyst","Tactician","Masterful Stab"],"picked":"SKIP","floor":3},{"not_picked":["Outmaneuver","Distraction"],"picked":"Prepared","floor":4},{"not_picked":["Poisoned Stab","Flechettes"],"picked":"Crippling Poison","floor":5},{"not_picked":["Finisher","Outmaneuver"],"picked":"Tactician","floor":8},{"not_picked":["Sucker Punch","Wraith Form v2"],"picked":"Acrobatics","floor":10},{"not_picked":["All Out Attack","Bane"],"picked":"Dash","floor":11}],"player_experience":43144,"relics_obtained":[{"floor":9,"key":"Bottled Flame"},{"floor":10,"key":"Odd Mushroom"}],"event_choices":[{"damage_healed":0,"gold_gain":0,"player_choice":"Take Damage","damage_taken":19,"relics_obtained":["Golden Idol"],"max_hp_gain":0,"max_hp_loss":0,"event_name":"Golden Idol","floor":7,"gold_loss":0},{"damage_healed":0,"gold_gain":0,"player_choice":"Fought Mushrooms","damage_taken":0,"max_hp_gain":0,"max_hp_loss":0,"event_name":"Mushrooms","floor":10,"gold_loss":0},{"damage_healed":0,"gold_gain":0,"cards_transformed":["Strike_G"],"player_choice":"Change","damage_taken":0,"max_hp_gain":0,"max_hp_loss":0,"event_name":"Living Wall","floor":12,"gold_loss":0,"cards_obtained":["Riddle With Holes"]},{"damage_healed":19,"gold_gain":0,"player_choice":"Healed","damage_taken":0,"max_hp_gain":0,"max_hp_loss":0,"event_name":"The Cleric","floor":13,"gold_loss":35}],"is_beta":false,"boss_relics":[],"items_purged_floors":[],"is_endless":false,"potions_floor_spawned":[1,2,8],"killed_by":"Slime Boss","ascension_level":2}