{"gold_per_floor":[113,128,142,142,153,153,153,153,153,153,184,184,204,34,34,110,110,125,40,56,56,87,87,119,174,174,209,209,220,232,22,22,93,93,105,115,132,32,32,32,64,64,140,140,159,173,222,247,247,247],"floor_reached":51,"playtime":3446,"items_purged":["Strike_R","Strike_R","Strike_R"],"score":1322,"play_id":"dbff6872-fec2-4c2f-a5a3-57cf5c2cfa9b","local_time":"20190214165844","is_ascension_mode":true,"campfire_choices":[{"data":"Body Slam","floor":6.0,"key":"SMITH"},{"data":"Shrug It Off","floor":10.0,"key":"SMITH"},{"data":"Shrug It Off","floor":12.0,"key":"SMITH"},{"data":"Juggernaut","floor":15.0,"key":"SMITH"},{"data":"True Grit","floor":23.0,"key":"SMITH"},{"data":"Shrug It Off","floor":28.0,"key":"SMITH"},{"floor":32.0,"key":"REST"},{"floor":40.0,"key":"RECALL"},{"floor":42.0,"key":"REST"},{"floor":44.0,"key":"REST"},{"floor":49.0,"key":"REST"}],"neow_cost":"NONE","seed_source_timestamp":105753673984825,"circlet_count":0,"master_deck":["AscendersBane","Strike_R","Strike_R","Defend_R","Defend_R","Defend_R","Defend_R","Body Slam+1","Shrug It Off+1","Shrug It Off+1","Shrug It Off+1","Juggernaut+1","Panacea","Offering","True Grit+1","Impervious"],"special_seed":0,"relics":["Burning Blood","Art of War","Darkstone Periapt","Letter Opener","Busted Crown","The Courier","Red Mask","Lantern","Strawberry","Pen Nib","Omamori","Regal Pillow","Fusion Hammer","Prayer Wheel","Pear","Mango","Bottled Lightning"],"potions_floor_usage":[50],"damage_taken":[{"damage":1.0,"enemies":"Cultist","floor":1.0,"turns":3.0},{"damage":4.0,"enemies":"Small Slimes","floor":2.0,"turns":5.0},{"damage":7.0,"enemies":"Jaw Worm","floor":3.0,"turns":5.0},{"damage":3.0,"enemies":"2 Fungi Beasts","floor":5.0,"turns":4.0},{"damage":34.0,"enemies":"Gremlin Nob","floor":11.0,"turns":5.0},{"damage":3.0,"enemies":"Looter","floor":13.0,"turns":3.0},{"damage":20.0,"enemies":"Slime Boss","floor":16.0,"turns":7.0},{"damage":8.0,"enemies":"3 Byrds","floor":18.0,"turns":4.0},{"damage":0.0,"enemies":"Chosen","floor":20.0,"turns":4.0},{"damage":6.0,"enemies":"Masked Bandits","floor":22.0,"turns":3.0},{"damage":5.0,"enemies":"Gremlin Leader","floor":24.0,"turns":6.0},{"damage":13.0,"enemies":"Book of Stabbing","floor":27.0,"turns":5.0},{"damage":6.0,"enemies":"Centurion and Healer","floor":29.0,"turns":5.0},{"damage":14.0,"enemies":"Snake Plant","floor":30.0,"turns":3.0},{"damage":22.0,"enemies":"Champ","floor":33.0,"turns":11.0},{"damage":6.0,"enemies":"3 Darklings","floor":35.0,"turns":4.0},{"damage":11.0,"enemies":"Orb Walker","floor":36.0,"turns":3.0},{"damage":6.0,"enemies":"Jaw Worm Horde","floor":37.0,"turns":4.0},{"damage":9.0,"enemies":"Reptomancer","floor":41.0,"turns":4.0},{"damage":13.0,"enemies":"Maw","floor":45.0,"turns":5.0},{"damage":35.0,"enemies":"4 Shapes","floor":46.0,"turns":4.0},{"damage":15.0,"enemies":"2 Orb Walkers","floor":47.0,"turns":4.0},{"damage":14.0,"enemies":"Nemesis","floor":48.0,"turns":5.0},{"damage":61,"enemies":"Donu and Deca","floor":50,"turns":11}],"seed_played":"4043091392127140246","potions_obtained":[{"floor":3.0,"key":"Energy Potion"},{"floor":11.0,"key":"Weak Potion"},{"floor":13.0,"key":"LiquidBronze"},{"floor":18.0,"key":"Explosive Potion"},{"floor":20.0,"key":"Fire Potion"},{"floor":27.0,"key":"AttackPotion"},{"floor":33.0,"key":"Weak Potion"},{"floor":35.0,"key":"Block Potion"},{"floor":37.0,"key":"Energy Potion"},{"floor":48.0,"key":"Dexterity Potion"}],"is_trial":false,"path_per_floor":["M","M","M","?","M","R","?","?","T","R","E","R","M","$","R","B",null,"M","?","M","?","?","R","E","T","T","E","R","M","M","$","R","B",null,"M","M","M","$","?","R","E","R","T","R","M","M","?","E","R","B",null],"character_chosen":"IRONCLAD","items_purchased":["Panacea","Regal Pillow"],"campfire_rested":4,"item_purchase_floors":[14,31],"current_hp_per_floor":[73,75,74,74,75,75,75,68,68,68,40,40,43,43,43,29,64,62,62,68,47,47,47,48,55,55,48,48,48,40,40,81,65,82,82,77,77,77,77,77,74,87,97,97,90,61,66,58,106,51],"gold":247,"neow_bonus":"RANDOM_COMMON_RELIC","is_prod":false,"is_daily":false,"chose_seed":false,"campfire_upgraded":6,"win_rate":0,"timestamp":1550159924,"path_taken":["M","M","?","?","?","R","?","?","T","R","E","R","M","$","R","BOSS","M","?","M","?","?","R","E","?","T","E","R","M","?","$","R","BOSS","M","M","M","$","?","R","E","R","T","R","M","M","?","E","R","BOSS"],"build_version":"2019-02-06","purchased_purges":3,"victory":true,"max_hp_per_floor":[75,75,75,75,75,75,75,75,75,75,75,75,75,75,75,75,75,75,75,75,80,80,80,80,87,87,87,87,87,87,87,87,87,87,87,87,87,87,87,87,87,87,97,97,97,97,111,111,111,111],"card_choices":[{"not_picked":["Cleave","Armaments","Havoc"],"picked":"SKIP","floor":1.0},{"not_picked":["Sever Soul","Perfected Strike"],"picked":"Body Slam","floor":2.0},{"not_picked":["Clothesline","Havoc"],"picked":"Shrug It Off","floor":3.0},{"not_picked":["Wild Strike","Armaments"],"picked":"Shrug It Off","floor":5.0},{"not_picked":["Bloodletting","Hemokinesis"],"picked":"Shrug It Off","floor":11.0},{"not_picked":["Seeing Red","Rupture"],"picked":"Juggernaut","floor":13.0},{"not_picked":["Dark Embrace","Bludgeon"],"picked":"Offering","floor":16.0},{"not_picked":["Armaments"],"picked":"SKIP","floor":18.0},{"not_picked":["Flex"],"picked":"SKIP","floor":20.0},{"not_picked":[],"picked":"True Grit","floor":22.0},{"not_picked":["Brutality"],"picked":"SKIP","floor":24.0},{"not_picked":["Power Through"],"picked":"SKIP","floor":27.0},{"not_picked":["Twin Strike"],"picked":"SKIP","floor":29.0},{"not_picked":["Corruption"],"picked":"SKIP","floor":30.0},{"not_picked":[],"picked":"Impervious","floor":33.0},{"not_picked":["Wild Strike+1"],"picked":"SKIP","floor":35.0},{"not_picked":["Second Wind"],"picked":"SKIP","floor":36.0},{"not_picked":["Havoc"],"picked":"SKIP","floor":37.0},{"not_picked":["Demon Form"],"picked":"SKIP","floor":41.0},{"not_picked":["True Grit"],"picked":"SKIP","floor":45.0},{"not_picked":["Thunderclap"],"picked":"SKIP","floor":45.0},{"not_picked":["Headbutt"],"picked":"SKIP","floor":46.0},{"not_picked":["Searing Blow+1"],"picked":"SKIP","floor":46.0},{"not_picked":["Burning Pact"],"picked":"SKIP","floor":48.0}],"player_experience":453250,"relics_obtained":[{"floor":9.0,"key":"Darkstone Periapt"},{"floor":11.0,"key":"Letter Opener"},{"floor":22.0,"key":"Red Mask"},{"floor":24.0,"key":"Lantern"},{"floor":25.0,"key":"Strawberry"},{"floor":26.0,"key":"Pen Nib"},{"floor":27.0,"key":"Omamori"},{"floor":41.0,"key":"Prayer Wheel"},{"floor":43.0,"key":"Pear"},{"floor":47.0,"key":"Mango"},{"floor":48.0,"key":"Bottled Lightning"}],"event_choices":[{"damage_healed":0.0,"max_hp_gain":0.0,"max_hp_loss":0.0,"gold_gain":0.0,"event_name":"Wheel of Change","player_choice":"Cursed","floor":4.0,"gold_loss":0.0,"damage_taken":0.0,"cards_obtained":["Decay"]},{"damage_healed":0.0,"max_hp_gain":0.0,"max_hp_loss":0.0,"gold_gain":0.0,"event_name":"Liars Game","player_choice":"Ignored","floor":7.0,"gold_loss":0.0,"damage_taken":0.0},{"cards_removed":["Decay"],"damage_healed":0.0,"max_hp_gain":0.0,"max_hp_loss":0.0,"gold_gain":0.0,"event_name":"Golden Wing","player_choice":"Card Removal","floor":8.0,"gold_loss":0.0,"damage_taken":7.0},{"damage_healed":0.0,"max_hp_gain":0.0,"max_hp_loss":0.0,"gold_gain":0.0,"event_name":"Addict","player_choice":"Obtained Relic","floor":19.0,"gold_loss":85.0,"damage_taken":0.0,"relics_obtained":["The Courier"]},{"damage_healed":0.0,"max_hp_gain":5.0,"max_hp_loss":0.0,"gold_gain":0.0,"event_name":"Forgotten Altar","player_choice":"Shed Blood","floor":21.0,"gold_loss":0.0,"damage_taken":26.0},{"damage_healed":0.0,"max_hp_gain":0.0,"max_hp_loss":0.0,"gold_gain":0.0,"event_name":"Masked Bandits","player_choice":"Fought Bandits","floor":22.0,"gold_loss":0.0,"damage_taken":0.0},{"cards_removed":["Bash"],"damage_healed":0.0,"max_hp_gain":0.0,"max_hp_loss":0.0,"gold_gain":0.0,"event_name":"Falling","player_choice":"Removed Attack","floor":39.0,"gold_loss":0.0,"damage_taken":0.0},{"damage_healed":0.0,"max_hp_gain":0.0,"max_hp_loss":0.0,"gold_gain":0.0,"event_name":"Mysterious Sphere","player_choice":"Fight","floor":47.0,"gold_loss":0.0,"damage_taken":0.0}],"is_beta":true,"boss_relics":[{"not_picked":["Cursed Key","Orrery"],"picked":"Busted Crown"},{"not_picked":["Black Blood","Coffee Dripper"],"picked":"Fusion Hammer"}],"items_purged_floors":[14,31,38],"is_endless":false,"potions_floor_spawned":[3,11,13,18,20,27,30,33,35,37,41,47,48],"ascension_level":16}