{"path_per_floor":["M","M","?","M","M","R","E","R","T","$","M","M","E","M","R","B",null,"M","?","$","?","M","E","M","M","T","M","R","M","M","M","R","B",null,"M","?","?","$","?","R","E","M","T","M","M","M","M","T","R"],"character_chosen":"IRONCLAD","items_purchased":["Boot","Flex","Shrug It Off","Singing Bowl","Bottled Tornado","Flex","Flash of Steel","Rampage"],"gold_per_floor":[115,125,125,144,157,157,484,484,556,85,103,115,145,165,165,264,264,274,274,0,0,14,46,63,76,76,86,86,104,114,134,134,236,236,249,249,249,23,23,23,49,65,137,155,168,181,192,219,219,219],"floor_reached":50,"campfire_rested":2,"playtime":4434,"item_purchase_floors":[10,10,10,10,20,20,38,38],"current_hp_per_floor":[76,80,80,80,78,78,70,70,70,70,74,80,66,72,72,46,80,71,71,71,55,58,45,52,50,50,44,44,29,45,48,75,67,92,92,92,92,92,80,80,85,65,65,34,25,24,25,25,55,0],"items_purged":["Defend_R","Strike_R+1"],"gold":219,"score":588,"play_id":"de09147c-2719-4873-a5d0-18524aaa25a4","local_time":"20180608125312","is_prod":false,"is_daily":false,"chose_seed":false,"is_ascension_mode":true,"campfire_upgraded":3,"win_rate":0,"timestamp":1528476792,"campfire_choices":[{"data":"Armaments","floor":6,"key":"SMITH"},{"data":"Uppercut","floor":8,"key":"SMITH"},{"data":"Flex","floor":15,"key":"SMITH"},{"floor":28,"key":"DIG"},{"floor":32,"key":"REST"},{"floor":40,"key":"DIG"},{"floor":49,"key":"REST"}],"path_taken":["M","M","?","?","M","R","E","R","T","$","M","M","E","M","R","BOSS","M","?","$","?","M","E","M","M","T","M","R","M","M","?","R","BOSS","M","?","?","$","?","R","E","M","T","M","?","?","M","?","R","BOSS"],"build_version":"2018-06-07","seed_source_timestamp":146725491473474,"purchased_purges":2,"victory":false,"master_deck":["Strike_R+1","Strike_R+1","Strike_R+1","Strike_R+1","Defend_R+1","Defend_R+1","Bash","Cleave","Shrug It Off+1","Uppercut+1","Armaments+1","Carnage","Flex+1","Shrug It Off","Cleave","Thunderclap","Spot Weakness","Flex","Brutality","Disarm+1","Pommel Strike","Armaments","Infernal Blade+1","Heavy Blade","Flash of Steel","Rampage","Madness","Madness","Perfected Strike+1","Power Through+1"],"max_hp_per_floor":[80,80,80,80,80,80,80,80,80,80,80,80,80,80,80,80,80,80,80,80,80,80,82,84,84,84,86,86,88,88,90,90,92,92,92,92,92,92,92,92,94,94,94,94,96,98,100,100,100,100],"relics":["Black Blood","Lantern","Old Coin","Mummified Hand","Boot","Singing Bowl","Pen Nib","Busted Crown","Bottled Tornado","Nilry\u0027s Codex","Happy Flower","Shovel","Smiling Mask","Du-Vu Doll","Toxic Egg 2","Ornamental Fan","Ancient Tea Set"],"card_choices":[{"not_picked":["Twin Strike","Headbutt"],"picked":"Cleave","floor":1},{"not_picked":["Iron Wave","Havoc"],"picked":"Shrug It Off","floor":2},{"not_picked":["Headbutt","Sword Boomerang"],"picked":"Uppercut","floor":4},{"not_picked":["Fire Breathing","Havoc"],"picked":"Armaments","floor":5},{"not_picked":["Sword Boomerang","Headbutt"],"picked":"Carnage","floor":7},{"not_picked":["Combust","Juggernaut"],"picked":"Cleave","floor":11},{"not_picked":["True Grit","Cleave"],"picked":"Thunderclap","floor":12},{"not_picked":["Clothesline","Bludgeon"],"picked":"Spot Weakness","floor":13},{"not_picked":["Shrug It Off","Perfected Strike"],"picked":"Flex","floor":14},{"not_picked":["Berserk","Bludgeon"],"picked":"Brutality","floor":16},{"not_picked":[],"picked":"Disarm+1","floor":18},{"not_picked":[],"picked":"Pommel Strike","floor":22},{"not_picked":["Anger"],"picked":"Singing Bowl","floor":23},{"not_picked":["Clothesline"],"picked":"Singing Bowl","floor":24},{"not_picked":[],"picked":"Armaments","floor":25},{"not_picked":["Clash"],"picked":"Singing Bowl","floor":27},{"not_picked":["Iron Wave"],"picked":"Singing Bowl","floor":29},{"not_picked":[],"picked":"Infernal Blade+1","floor":30},{"not_picked":["Wild Strike"],"picked":"Singing Bowl","floor":31},{"not_picked":["Berserk"],"picked":"Singing Bowl","floor":33},{"not_picked":[],"picked":"Heavy Blade","floor":35},{"not_picked":["Havoc"],"picked":"Singing Bowl","floor":41},{"not_picked":[],"picked":"Perfected Strike+1","floor":42},{"not_picked":[],"picked":"Power Through+1","floor":44},{"not_picked":["Havoc+1"],"picked":"Singing Bowl","floor":45},{"not_picked":["Sword Boomerang+1"],"picked":"Singing Bowl","floor":46},{"not_picked":["Sword Boomerang+1"],"picked":"Singing Bowl","floor":47}],"player_experience":416341,"potions_floor_usage":[13,16,16,22,33,33,41,46],"damage_taken":[{"damage":10,"enemies":"Cultist","floor":1,"turns":4},{"damage":0,"enemies":"2 Louse","floor":2,"turns":3},{"damage":3,"enemies":"Small Slimes","floor":4,"turns":3},{"damage":8,"enemies":"Exordium Wildlife","floor":5,"turns":3},{"damage":14,"enemies":"3 Sentries","floor":7,"turns":9},{"damage":2,"enemies":"Looter","floor":11,"turns":2},{"damage":0,"enemies":"Blue Slaver","floor":12,"turns":2},{"damage":20,"enemies":"Gremlin Nob","floor":13,"turns":4},{"damage":0,"enemies":"Gremlin Gang","floor":14,"turns":2},{"damage":40,"enemies":"Hexaghost","floor":16,"turns":8},{"damage":15,"enemies":"2 Thieves","floor":18,"turns":2},{"damage":3,"enemies":"Chosen","floor":22,"turns":4},{"damage":21,"enemies":"Book of Stabbing","floor":23,"turns":4},{"damage":1,"enemies":"Snake Plant","floor":24,"turns":2},{"damage":8,"enemies":"Snecko","floor":25,"turns":4},{"damage":14,"enemies":"Cultist and Chosen","floor":27,"turns":6},{"damage":23,"enemies":"Snake Plant","floor":29,"turns":3},{"damage":8,"enemies":"3 Cultists","floor":30,"turns":4},{"damage":5,"enemies":"Cultist and Chosen","floor":31,"turns":3},{"damage":22,"enemies":"Collector","floor":33,"turns":6},{"damage":2,"enemies":"Orb Walker","floor":35,"turns":3},{"damage":13,"enemies":"Nemesis","floor":41,"turns":5},{"damage":30,"enemies":"3 Darklings","floor":42,"turns":5},{"damage":41,"enemies":"4 Shapes","floor":44,"turns":7},{"damage":21,"enemies":"Sphere and 2 Shapes","floor":45,"turns":6},{"damage":13,"enemies":"Maw","floor":46,"turns":7},{"damage":11,"enemies":"4 Shapes","floor":47,"turns":4},{"damage":65,"enemies":"Donu and Deca","floor":50,"turns":4}],"relics_obtained":[{"floor":7,"key":"Old Coin"},{"floor":9,"key":"Mummified Hand"},{"floor":13,"key":"Pen Nib"},{"floor":21,"key":"Nilry\u0027s Codex"},{"floor":23,"key":"Happy Flower"},{"floor":26,"key":"Shovel"},{"floor":28,"key":"Smiling Mask"},{"floor":40,"key":"Du-Vu Doll"},{"floor":41,"key":"Toxic Egg 2"},{"floor":43,"key":"Ornamental Fan"},{"floor":48,"key":"Ancient Tea Set"}],"event_choices":[{"event_name":"Accursed Blacksmith","player_choice":"Forge","floor":3,"damage_taken":0},{"event_name":"Back to Basics","player_choice":"Simplicity","floor":19,"damage_taken":0},{"event_name":"Cursed Tome","player_choice":"Obtained Book","floor":21,"damage_taken":0},{"event_name":"Purifier","player_choice":"One Purge","floor":36,"damage_taken":0},{"event_name":"Falling","player_choice":"Removed Skill","floor":37,"damage_taken":0},{"event_name":"Winding Halls","player_choice":"Embrace Madness","floor":39,"damage_taken":0}],"boss_relics":[{"not_picked":["Astrolabe","Velvet Choker"],"picked":"Busted Crown"},{"not_picked":["Calling Bell","Pandora\u0027s Box"],"picked":"Black Blood"}],"items_purged_floors":[10,38],"potions_floor_spawned":[1,7,13,16,18,22,30,31,33,42,45],"seed_played":"7111064769104274226","killed_by":"Donu and Deca","ascension_level":1,"potions_obtained":[{"floor":1,"key":"Strength Potion"},{"floor":7,"key":"AttackPotion"},{"floor":13,"key":"BloodPotion"},{"floor":16,"key":"FearPotion"},{"floor":18,"key":"Weak Potion"},{"floor":22,"key":"SpeedPotion"},{"floor":30,"key":"Strength Potion"},{"floor":31,"key":"Dexterity Potion"},{"floor":33,"key":"EssenceOfSteel"},{"floor":45,"key":"EssenceOfSteel"}],"is_trial":false}