{"gold_per_floor":[114,114,129,144,159,159,9,39,39,39,69,69,99,114,114,214,214,229,229,629,644,146,146,176,101,101,101,116,131,131,161,161,261,261,276,276,26,26,41,41,56,86,86,86,101,126,126,24,24,24],"floor_reached":51,"playtime":2109,"items_purged":[],"score":956,"play_id":"56140480-10bb-4689-a0d1-90716af3e8fd","local_time":"20180828172011","daily_mods":["Diverse","Time Dilation","Terminal"],"is_ascension_mode":false,"campfire_choices":[{"data":"Armaments","floor":6.0,"key":"SMITH"},{"data":"True Grit","floor":15.0,"key":"SMITH"},{"data":"Immolate","floor":23.0,"key":"SMITH"},{"data":"Sunder","floor":27,"key":"SMITH"},{"data":"Footwork","floor":32,"key":"SMITH"},{"data":"Glass Knife","floor":40,"key":"SMITH"},{"data":"Panacea","floor":47,"key":"SMITH"},{"data":"Go for the Eyes","floor":49,"key":"SMITH"}],"neow_cost":"","seed_source_timestamp":0,"circlet_count":0,"master_deck":["Defend_B","Defend_B+1","Defend_B","Defend_B","Dualcast","Sunder+1","Armaments+1","Footwork+1","Metallicize","Beam Cell","Glass Knife+1","Backstab","True Grit+1","Immolate+1","Ball Lightning","Go for the Eyes+1","Streamline+1","Barrage+1","Dagger Spray+1","Glass Knife","Headbutt","Clothesline+1","Coolheaded+1","Undo","Dash+1","Panacea+1","BootSequence+1","Hello World+1","Dramatic Entrance"],"special_seed":17771,"relics":["Cracked Core","Question Card","Strawberry","Bag of Preparation","Peace Pipe","Blood Vial","Boot","Velvet Choker","Old Coin","Cables","Bottled Flame","Pen Nib","Vajra","War Paint","Centennial Puzzle","Empty Cage","Incense Burner","Omamori","Dead Branch","Mercury Hourglass","Unceasing Top"],"potions_floor_usage":[24,33,33,33,36,42,50,50],"damage_taken":[{"damage":0.0,"enemies":"Jaw Worm","floor":1.0,"turns":3.0},{"damage":0.0,"enemies":"Small Slimes","floor":3.0,"turns":3.0},{"damage":0.0,"enemies":"Cultist","floor":4.0,"turns":3.0},{"damage":0.0,"enemies":"3 Louse","floor":5.0,"turns":2.0},{"damage":0.0,"enemies":"Lagavulin","floor":8.0,"turns":8.0},{"damage":0.0,"enemies":"Gremlin Nob","floor":11.0,"turns":2.0},{"damage":0.0,"enemies":"Lagavulin","floor":13.0,"turns":6.0},{"damage":0.0,"enemies":"2 Fungi Beasts","floor":14.0,"turns":1.0},{"damage":0.0,"enemies":"The Guardian","floor":16.0,"turns":10.0},{"damage":0.0,"enemies":"3 Byrds","floor":18.0,"turns":2.0},{"damage":2.0,"enemies":"Colosseum Slavers","floor":20.0,"turns":3.0},{"damage":7.0,"enemies":"Colosseum Nobs","floor":20.0,"turns":4.0},{"damage":0.0,"enemies":"Shell Parasite","floor":21.0,"turns":3.0},{"damage":0,"enemies":"Slavers","floor":24,"turns":2},{"damage":0,"enemies":"Centurion and Healer","floor":28,"turns":2},{"damage":0,"enemies":"Snecko","floor":29,"turns":3},{"damage":0,"enemies":"Book of Stabbing","floor":31,"turns":3},{"damage":23,"enemies":"Automaton","floor":33,"turns":8},{"damage":0,"enemies":"Orb Walker","floor":35,"turns":1},{"damage":5,"enemies":"Mind Bloom Boss Battle","floor":36,"turns":4},{"damage":0,"enemies":"3 Darklings","floor":39,"turns":1},{"damage":0,"enemies":"4 Shapes","floor":41,"turns":1},{"damage":13,"enemies":"2 Orb Walkers","floor":42,"turns":2},{"damage":0,"enemies":"Maw","floor":45,"turns":5},{"damage":0,"enemies":"Mysterious Sphere","floor":46,"turns":1},{"damage":13,"enemies":"Time Eater","floor":50,"turns":9}],"seed_played":"-1305355615776414321","potions_obtained":[{"floor":4.0,"key":"Fire Potion"},{"floor":8.0,"key":"Poison Potion"},{"floor":16.0,"key":"SteroidPotion"},{"floor":20.0,"key":"Weak Potion"},{"floor":31,"key":"Regen Potion"},{"floor":33,"key":"SkillPotion"},{"floor":42,"key":"Weak Potion"}],"is_trial":false,"path_per_floor":["M","?","M","M","M","R","$","E","T","?","E","?","E","M","R","B",null,"M","$","?","M","$","R","E","?","T","R","M","M","?","E","R","B",null,"M","?","$","?","M","R","M","E","T","?","M","?","R","$","R","B"],"character_chosen":"DEFECT","items_purchased":["Strawberry","Bottled Flame","Fruit Juice","Go for the Eyes","EntropicBrew","Omamori","Fruit Juice","Dramatic Entrance"],"campfire_rested":0,"item_purchase_floors":[7,22,22,22,22,37,37,48],"current_hp_per_floor":[73,61,61,61,61,61,68,68,68,68,68,73,73,72,71,70,69,68,67,60,62,62,62,67,66,65,64,63,62,61,60,59,36,57,56,51,51,51,52,51,50,42,42,42,44,46,46,46,46,34],"gold":24,"neow_bonus":"","is_prod":false,"is_daily":true,"chose_seed":false,"campfire_upgraded":8,"win_rate":0,"timestamp":1535469611,"path_taken":["M","?","M","M","M","R","$","E","T","?","E","?","E","M","R","BOSS","M","$","?","M","$","R","E","?","T","R","?","M","?","E","R","BOSS","M","?","$","?","M","R","M","E","T","?","M","?","R","$","R","BOSS"],"build_version":"2018-08-23v2","purchased_purges":0,"victory":true,"max_hp_per_floor":[73,72,71,70,69,68,74,73,72,71,70,74,73,72,71,70,69,68,67,66,65,64,63,67,66,65,64,63,62,61,60,59,58,57,56,55,54,53,52,51,50,54,53,52,51,50,49,48,47,46],"card_choices":[{"not_picked":["Anger","Sword Boomerang"],"picked":"Sunder","floor":1.0},{"not_picked":["Darkness","Rampage","Acrobatics"],"picked":"Armaments","floor":3.0},{"not_picked":["Chaos","Outmaneuver","Dagger Throw"],"picked":"Footwork","floor":4.0},{"not_picked":["Capacitor","Storm","Infinite Blades"],"picked":"Metallicize","floor":5.0},{"not_picked":["Clash","Sword Boomerang","Loop"],"picked":"Beam Cell","floor":8.0},{"not_picked":["Infernal Blade","Prepared","Dropkick"],"picked":"Glass Knife","floor":11.0},{"not_picked":["Thunderclap","Calculated Gamble","Double Energy"],"picked":"Backstab","floor":13.0},{"not_picked":["Entrench","Cleave","Thunderclap"],"picked":"True Grit","floor":14.0},{"not_picked":["Grand Finale","Night Terror","Machine Learning"],"picked":"Immolate","floor":16.0},{"not_picked":["Anger","True Grit","Blade Dance","Sword Boomerang"],"picked":"SKIP","floor":18.0},{"not_picked":["Leap","Masterful Stab","Hello World"],"picked":"Ball Lightning","floor":20.0},{"not_picked":["Second Wind","Blizzard","Beam Cell","Thunderclap"],"picked":"SKIP","floor":21.0},{"not_picked":["Accuracy+1","Bludgeon","Cloak And Dagger"],"picked":"Streamline+1","floor":24},{"not_picked":["Carnage","Havoc","Inflame"],"picked":"Barrage+1","floor":28},{"not_picked":["Headbutt+1","Sweeping Beam+1","Pommel Strike"],"picked":"Dagger Spray+1","floor":29},{"not_picked":["Hemokinesis","Hyperbeam","Barrage","Pommel Strike+1"],"picked":"SKIP","floor":31},{"not_picked":["Doppelganger","Die Die Die","Tools of the Trade"],"picked":"Glass Knife","floor":33},{"not_picked":["Deadly Poison+1","Quick Slash+1","Rebound+1"],"picked":"Headbutt","floor":35},{"not_picked":["Sucker Punch","Heavy Blade","Fusion"],"picked":"Clothesline+1","floor":36},{"not_picked":["Clothesline+1","Stack","Rip and Tear+1"],"picked":"Coolheaded+1","floor":39},{"not_picked":["Warcry","Dropkick+1","Slice"],"picked":"Undo","floor":41},{"not_picked":["Heavy Blade+1","Gash","Bloodletting+1"],"picked":"Dash+1","floor":42},{"not_picked":["Finesse","Blind","Flash of Steel"],"picked":"Panacea","floor":44},{"not_picked":["Unload","Riddle With Holes+1","Rage+1"],"picked":"BootSequence+1","floor":45},{"not_picked":["Rage","Poisoned Stab","Catalyst"],"picked":"Hello World+1","floor":46}],"player_experience":1349933,"relics_obtained":[{"floor":8.0,"key":"Bag of Preparation"},{"floor":9.0,"key":"Peace Pipe"},{"floor":11.0,"key":"Blood Vial"},{"floor":13.0,"key":"Boot"},{"floor":20.0,"key":"Old Coin"},{"floor":20.0,"key":"Cables"},{"floor":24,"key":"Pen Nib"},{"floor":26,"key":"Vajra"},{"floor":31,"key":"Centennial Puzzle"},{"floor":36,"key":"Incense Burner"},{"floor":42,"key":"Dead Branch"},{"floor":43,"key":"Mercury Hourglass"},{"floor":46,"key":"Unceasing Top"}],"event_choices":[{"event_name":"Scrap Ooze","player_choice":"success","floor":2.0,"damage_taken":12.0},{"event_name":"Wheel of Change","player_choice":"Card Removal","floor":10.0,"damage_taken":0.0},{"event_name":"Big Fish","player_choice":"Donut","floor":12.0,"damage_taken":0.0},{"event_name":"Colosseum","player_choice":"Fight","floor":20.0,"damage_taken":0.0},{"event_name":"Colosseum","player_choice":"Fought Nobs","floor":20.0,"damage_taken":0.0},{"event_name":"Beggar","player_choice":"Gave Gold","floor":25,"damage_taken":0},{"event_name":"The Mausoleum","player_choice":"Yes","floor":30,"damage_taken":0},{"event_name":"MindBloom","player_choice":"Fight","floor":36,"damage_taken":0},{"event_name":"Falling","player_choice":"Removed Skill","floor":38,"damage_taken":0},{"event_name":"SensoryStone","player_choice":"Memory 1","floor":44,"damage_taken":0},{"event_name":"Mysterious Sphere","player_choice":"Fight","floor":46,"damage_taken":0}],"is_beta":false,"boss_relics":[{"not_picked":["White Beast Statue","Sozu"],"picked":"Velvet Choker"},{"not_picked":["Calling Bell","Cursed Key"],"picked":"Empty Cage"}],"items_purged_floors":[],"is_endless":false,"potions_floor_spawned":[4,8,16,20,20,31,33,42,46],"ascension_level":0}