{"gold_per_floor":[114,114,32,42,52,52,29,29,29,41,56,74,74,24,24,123,123,139,152,77,111,111,111,128,128,152,165,264,264,275,275,275,275],"floor_reached":33,"playtime":1244,"items_purged":["Strike_R"],"score":321,"play_id":"ce81fa8e-c889-485e-80d2-888a5a495b70","local_time":"20181226135609","is_ascension_mode":true,"campfire_choices":[{"data":"Intimidate","floor":6,"key":"SMITH"},{"data":"Armaments","floor":8,"key":"SMITH"},{"data":"Shockwave","floor":13,"key":"SMITH"},{"data":"Seeing Red","floor":15,"key":"SMITH"},{"data":"Immolate","floor":23,"key":"SMITH"},{"data":"Body Slam","floor":25,"key":"SMITH"},{"data":"Searing Blow+1","floor":29,"key":"SMITH"},{"data":"Bash","floor":32,"key":"SMITH"}],"neow_cost":"NONE","seed_source_timestamp":46911585650372,"circlet_count":0,"master_deck":["Defend_R","Defend_R","Defend_R","Defend_R","Bash+1","Seeing Red+1","Thunderclap","Intimidate+1","Armaments+1","Body Slam+1","Shockwave+1","Immolate+1","Searing Blow+2","Seeing Red+1","Evolve","Seeing Red+1","Bite","Bite","Bite","Bite","Bite"],"relics":["Burning Blood","Juzu Bracelet","Orichalcum","Runic Dome","Red Mask","Bag of Preparation"],"potions_floor_usage":[33,33,33],"damage_taken":[{"damage":13,"enemies":"Jaw Worm","floor":1,"turns":4},{"damage":1,"enemies":"Cultist","floor":4,"turns":3},{"damage":2,"enemies":"Small Slimes","floor":5,"turns":4},{"damage":2,"enemies":"Blue Slaver","floor":10,"turns":3},{"damage":1,"enemies":"Exordium Wildlife","floor":11,"turns":4},{"damage":6,"enemies":"Looter","floor":12,"turns":3},{"damage":20,"enemies":"The Guardian","floor":16,"turns":12},{"damage":9,"enemies":"Chosen","floor":18,"turns":5},{"damage":8,"enemies":"2 Thieves","floor":19,"turns":3},{"damage":11,"enemies":"Masked Bandits","floor":21,"turns":3},{"damage":26,"enemies":"Snake Plant","floor":24,"turns":4},{"damage":17,"enemies":"Shelled Parasite and Fungi","floor":27,"turns":5},{"damage":0,"enemies":"Cultist and Chosen","floor":30,"turns":5},{"damage":82,"enemies":"Champ","floor":33,"turns":9}],"seed_played":"5254721004446359868","potions_obtained":[{"floor":1,"key":"GamblersBrew"},{"floor":10,"key":"Strength Potion"},{"floor":12,"key":"SpeedPotion"},{"floor":18,"key":"Strength Potion"},{"floor":27,"key":"Swift Potion"}],"is_trial":false,"path_per_floor":["M","?","?","M","M","R","$","R","T","M","M","M","R","?","R","B",null,"M","M","$","?","?","R","M","R","T","M","?","R","M","?","R","B"],"character_chosen":"IRONCLAD","items_purchased":["Armaments"],"campfire_rested":0,"item_purchase_floors":[7],"current_hp_per_floor":[73,66,66,73,79,79,79,79,79,80,80,80,80,80,80,66,77,76,76,76,73,73,73,55,55,55,46,46,46,54,54,54,0],"gold":275,"neow_bonus":"RANDOM_COMMON_RELIC","is_prod":false,"is_daily":false,"chose_seed":false,"campfire_upgraded":8,"win_rate":0,"timestamp":1545800169,"path_taken":["M","?","?","M","M","R","$","R","T","M","M","M","R","?","R","BOSS","M","M","$","?","?","R","M","R","T","M","?","R","M","?","R","BOSS"],"build_version":"2018-12-20","purchased_purges":1,"victory":false,"max_hp_per_floor":[80,80,80,80,80,80,80,80,80,80,80,80,80,80,80,80,80,80,80,80,80,80,80,80,80,80,80,80,80,80,80,80,80],"card_choices":[{"not_picked":["Perfected Strike","Shrug It Off"],"picked":"Seeing Red","floor":1},{"not_picked":["Pommel Strike","Heavy Blade"],"picked":"Thunderclap","floor":4},{"not_picked":["Twin Strike","Corruption"],"picked":"Intimidate","floor":5},{"not_picked":["Wild Strike","Headbutt"],"picked":"Body Slam","floor":10},{"not_picked":["Perfected Strike","Power Through","Intimidate"],"picked":"SKIP","floor":11},{"not_picked":["Corruption","Metallicize"],"picked":"Shockwave","floor":12},{"not_picked":["Fiend Fire","Exhume"],"picked":"Immolate","floor":16},{"not_picked":["Intimidate","Corruption"],"picked":"Searing Blow+1","floor":18},{"not_picked":["Havoc+1","Feel No Pain","Headbutt+1"],"picked":"SKIP","floor":19},{"not_picked":["Pummel","Rage"],"picked":"Seeing Red+1","floor":21},{"not_picked":["Anger","Clash+1","Sever Soul"],"picked":"SKIP","floor":24},{"not_picked":["Body Slam","Disarm","Pommel Strike+1"],"picked":"SKIP","floor":27},{"not_picked":["Thunderclap","Cleave+1"],"picked":"Seeing Red+1","floor":30}],"player_experience":246063,"relics_obtained":[{"floor":9,"key":"Orichalcum"},{"floor":21,"key":"Red Mask"},{"floor":26,"key":"Bag of Preparation"}],"event_choices":[{"cards_removed":["Strike_R"],"damage_healed":0,"gold_gain":0,"player_choice":"Card Removal","damage_taken":7,"max_hp_gain":0,"max_hp_loss":0,"event_name":"Golden Wing","floor":2,"gold_loss":0},{"damage_healed":0,"gold_gain":0,"player_choice":"Paid Gold","damage_taken":0,"relics_obtained":["Blood Vial"],"max_hp_gain":0,"max_hp_loss":0,"event_name":"WeMeetAgain","floor":3,"gold_loss":82},{"cards_removed":["Strike_R"],"damage_healed":0,"gold_gain":0,"player_choice":"Card Removal","damage_taken":0,"max_hp_gain":0,"max_hp_loss":0,"event_name":"The Cleric","floor":14,"gold_loss":50},{"damage_healed":0,"gold_gain":0,"player_choice":"Fought Bandits","damage_taken":0,"max_hp_gain":0,"max_hp_loss":0,"event_name":"Masked Bandits","floor":21,"gold_loss":0},{"damage_healed":0,"gold_gain":0,"player_choice":"Read","damage_taken":0,"max_hp_gain":0,"max_hp_loss":0,"event_name":"The Library","floor":22,"gold_loss":0,"cards_obtained":["Evolve"]},{"damage_healed":0,"gold_gain":99,"player_choice":"Stole From Cult","damage_taken":0,"max_hp_gain":0,"max_hp_loss":0,"event_name":"Nest","floor":28,"gold_loss":0},{"damage_healed":0,"gold_gain":0,"player_choice":"Became a vampire (Vial)","damage_taken":0,"max_hp_gain":0,"max_hp_loss":0,"event_name":"Vampires","floor":31,"relics_lost":["Blood Vial"],"gold_loss":0,"cards_obtained":["Bite","Bite","Bite","Bite","Bite"]}],"is_beta":false,"boss_relics":[{"not_picked":["Cursed Key","Black Blood"],"picked":"Runic Dome"}],"items_purged_floors":[20],"is_endless":false,"potions_floor_spawned":[1,10,12,18,27],"killed_by":"Champ","ascension_level":5}