{"gold_per_floor":[115,130,143,143,157,182,182,207,207,251,276,276],"floor_reached":12,"playtime":825,"items_purged":[],"score":109,"play_id":"b928e498-f715-41d8-bbca-f717a838bbbf","local_time":"20180630073316","is_ascension_mode":true,"campfire_choices":[{"floor":7,"key":"REST"}],"neow_cost":"FIFTY_PERCENT_DAMAGE","seed_source_timestamp":296164974541831,"circlet_count":0,"master_deck":["Defend_G","Defend_G","Defend_G","Defend_G","Defend_G","Strike_G","Strike_G","Strike_G","Strike_G","Strike_G","Survivor","Neutralize","Glass Knife","Dash","Noxious Fumes","Well Laid Plans"],"relics":["Ring of the Snake","Golden Idol","Peace Pipe","Mummified Hand"],"potions_floor_usage":[6,10,10],"damage_taken":[{"damage":0,"enemies":"Cultist","floor":1,"turns":3},{"damage":0,"enemies":"Jaw Worm","floor":2,"turns":4},{"damage":0,"enemies":"2 Louse","floor":3,"turns":2},{"damage":25,"enemies":"Large Slime","floor":5,"turns":13},{"damage":1,"enemies":"3 Louse","floor":6,"turns":2},{"damage":1,"enemies":"Red Slaver","floor":8,"turns":3},{"damage":13,"enemies":"Lagavulin","floor":10,"turns":8},{"damage":0,"enemies":"Exordium Wildlife","floor":11,"turns":3},{"damage":13,"enemies":"Gremlin Nob","floor":12,"turns":2}],"seed_played":"-1410554545424829292","potions_obtained":[{"floor":5,"key":"Explosive Potion"},{"floor":6,"key":"GhostInAJar"},{"floor":8,"key":"EssenceOfSteel"}],"is_trial":false,"path_per_floor":["M","M","M","?","M","M","R","M","T","E","M"],"character_chosen":"THE_SILENT","items_purchased":[],"campfire_rested":1,"item_purchase_floors":[],"current_hp_per_floor":[32,32,32,32,7,6,25,24,24,11,11,0],"gold":276,"neow_bonus":"THREE_RARE_CARDS","is_prod":false,"is_daily":false,"chose_seed":false,"campfire_upgraded":0,"win_rate":0,"timestamp":1530361996,"path_taken":["M","M","?","?","M","M","R","M","T","E","M","E"],"build_version":"2018-06-29","purchased_purges":0,"victory":false,"max_hp_per_floor":[70,70,70,65,65,65,65,65,65,65,65,65],"card_choices":[{"not_picked":["Phantasmal Killer","Doppelganger"],"picked":"Glass Knife","floor":0},{"not_picked":["Deadly Poison","PiercingWail","Poisoned Stab"],"picked":"SKIP","floor":1},{"not_picked":["Flying Knee","Sucker Punch","Underhanded Strike"],"picked":"SKIP","floor":2},{"not_picked":["Outmaneuver","Dagger Throw","Prepared"],"picked":"SKIP","floor":3},{"not_picked":["Footwork","Acrobatics"],"picked":"Dash","floor":5},{"not_picked":["Underhanded Strike","Prepared","Concentrate"],"picked":"SKIP","floor":6},{"not_picked":["Deflect","Setup"],"picked":"Noxious Fumes","floor":8},{"not_picked":["Dagger Spray","Heel Hook"],"picked":"Well Laid Plans","floor":10},{"not_picked":["Burst","Acrobatics","Outmaneuver"],"picked":"SKIP","floor":11}],"player_experience":194787,"relics_obtained":[{"floor":9,"key":"Peace Pipe"},{"floor":10,"key":"Mummified Hand"}],"event_choices":[{"event_name":"Golden Idol","player_choice":"Lose Max HP","floor":4,"damage_taken":0}],"boss_relics":[],"items_purged_floors":[],"is_endless":false,"potions_floor_spawned":[5,6,8],"killed_by":"Gremlin Nob","ascension_level":6}