{"gold_per_floor":[118,192,44,55,55,88,88,152,152,152,38,49,49,63,63,167,167,187,19,19,19,19,19,47,47,97,17,30,48,65,96,96,196,196,208,225,225,225,11,11,36,49,128,139,139,19,37,47,47,47,47,47,17,44,44],"floor_reached":55,"playtime":3014,"items_purged":["Strike_G","Writhe","Parasite","Writhe"],"score":798,"play_id":"eea220c6-a0a0-4607-9712-7db54c471046","local_time":"20181210231451","is_ascension_mode":false,"campfire_choices":[{"data":"Blade Dance","floor":7.0,"key":"SMITH"},{"data":"Accuracy","floor":10.0,"key":"SMITH"},{"data":"Neutralize","floor":13.0,"key":"SMITH"},{"floor":15.0,"key":"REST"},{"data":"After Image","floor":23.0,"key":"SMITH"},{"floor":25.0,"key":"RECALL"},{"floor":32.0,"key":"REST"},{"floor":40.0,"key":"REST"},{"floor":45.0,"key":"REST"},{"floor":49.0,"key":"REST"},{"data":"Infinite Blades","floor":52.0,"key":"SMITH"}],"neow_cost":"NONE","seed_source_timestamp":193839027843127,"circlet_count":0,"master_deck":["Defend_G","Defend_G","Defend_G","Defend_G","Defend_G","Strike_G","Survivor","Neutralize+1","Backstab","Blade Dance+1","Quick Slash","Accuracy+1","Escape Plan","Caltrops","Slice","Dagger Throw","Malaise","Blur+1","After Image+1","Accuracy","Backflip","Injury","Crippling Poison","Dagger Spray","Accuracy","Blade Dance","Endless Agony","Burst","Accuracy+1","Infinite Blades+1","Madness","Madness","Accuracy","Infinite Blades","Blur+1","Backflip","Cloak And Dagger+1","Escape Plan+1","PiercingWail","Blade Dance+1","Dash+1","Infinite Blades","Footwork"],"special_seed":0,"relics":["Ring of the Snake","NeowsBlessing","Anchor","Shuriken","Tiny Chest","The Courier","Cursed Key","Dream Catcher","Potion Belt","PreservedInsect","Bag of Preparation","Empty Cage","Blood Vial","Paper Crane","Strawberry"],"potions_floor_usage":[],"damage_taken":[{"damage":0.0,"enemies":"2 Louse","floor":1.0,"turns":1.0},{"damage":0.0,"enemies":"Jaw Worm","floor":4.0,"turns":1.0},{"damage":0.0,"enemies":"3 Sentries","floor":6.0,"turns":1.0},{"damage":21.0,"enemies":"Lagavulin","floor":8.0,"turns":5.0},{"damage":0.0,"enemies":"Cultist","floor":12.0,"turns":2.0},{"damage":1.0,"enemies":"Gremlin Gang","floor":14.0,"turns":3.0},{"damage":10.0,"enemies":"Hexaghost","floor":16.0,"turns":7.0},{"damage":0.0,"enemies":"Chosen","floor":18.0,"turns":3.0},{"damage":0.0,"enemies":"Colosseum Slavers","floor":21.0,"turns":5.0},{"damage":1.0,"enemies":"Gremlin Leader","floor":24.0,"turns":6.0},{"damage":4.0,"enemies":"Spheric Guardian","floor":28.0,"turns":5.0},{"damage":18.0,"enemies":"Snake Plant","floor":29.0,"turns":5.0},{"damage":10.0,"enemies":"Cultist and Chosen","floor":30.0,"turns":7.0},{"damage":3.0,"enemies":"Book of Stabbing","floor":31.0,"turns":6.0},{"damage":62.0,"enemies":"Champ","floor":33.0,"turns":11.0},{"damage":25.0,"enemies":"3 Darklings","floor":35.0,"turns":5.0},{"damage":0.0,"enemies":"Orb Walker","floor":36.0,"turns":3.0},{"damage":35.0,"enemies":"Reptomancer","floor":41.0,"turns":7.0},{"damage":7.0,"enemies":"Spire Growth","floor":42.0,"turns":5.0},{"damage":8.0,"enemies":"4 Shapes","floor":44.0,"turns":5.0},{"damage":0.0,"enemies":"Maw","floor":47.0,"turns":7.0},{"damage":0.0,"enemies":"Spire Growth","floor":48.0,"turns":4.0},{"damage":30.0,"enemies":"Donu and Deca","floor":50.0,"turns":8.0},{"damage":58,"enemies":"Shield and Spear","floor":54,"turns":4},{"damage":20,"enemies":"The Heart","floor":55,"turns":2}],"seed_played":"5203184377577120088","potions_obtained":[{"floor":1.0,"key":"SteroidPotion"},{"floor":6.0,"key":"Swift Potion"},{"floor":12.0,"key":"Block Potion"},{"floor":16.0,"key":"Fire Potion"},{"floor":18.0,"key":"Explosive Potion"},{"floor":28.0,"key":"Regen Potion"},{"floor":29.0,"key":"Strength Potion"},{"floor":31.0,"key":"Dexterity Potion"},{"floor":33.0,"key":"EssenceOfSteel"},{"floor":36.0,"key":"SpeedPotion"},{"floor":42.0,"key":"Explosive Potion"},{"floor":44.0,"key":"EssenceOfSteel"},{"floor":47.0,"key":"Weak Potion"}],"is_trial":false,"path_per_floor":["M","?","$","M","?","E","R","E","T","R","$","M","R","M","R","B",null,"M","$","?","?","$","R","E","R","T","$","M","M","M","E","R","B",null,"M","M","?","T","$","R","E","M","T","M","R","$","M","M","R","B",null,"R","$","E","B"],"character_chosen":"THE_SILENT","items_purchased":["Anchor","Caltrops","After Image","Accuracy","Accuracy","Infinite Blades","Infinite Blades"],"campfire_rested":5,"item_purchase_floors":[3,11,19,19,39,39,53],"current_hp_per_floor":[70,70,70,70,70,70,70,49,49,49,49,49,49,48,69,59,70,70,70,70,70,70,70,69,69,69,69,65,47,52,49,70,8,70,45,45,36,36,36,56,23,18,18,12,32,32,34,36,56,28,67,67,67,16,0],"gold":44,"neow_bonus":"THREE_ENEMY_KILL","is_prod":false,"is_daily":false,"chose_seed":false,"campfire_upgraded":5,"win_rate":0,"timestamp":1544501691,"path_taken":["M","?","$","M","?","E","R","E","T","R","?","M","R","M","R","BOSS","M","$","?","?","?","R","E","R","T","$","M","?","M","E","R","BOSS","M","?","?","?","$","R","E","M","T","?","R","$","M","M","R","BOSS","R","$","E","BOSS"],"build_version":"2018-12-06","purchased_purges":4,"victory":false,"max_hp_per_floor":[70,70,70,70,70,70,70,70,70,70,70,70,70,70,70,70,70,70,70,70,70,70,70,70,70,70,70,70,70,70,70,70,70,70,70,70,70,70,67,67,67,67,67,67,67,67,67,67,67,67,67,67,67,74,74],"card_choices":[{"not_picked":["Reflex","Outmaneuver"],"picked":"Backstab","floor":1.0},{"not_picked":["Deadly Poison","Acrobatics"],"picked":"Blade Dance","floor":4.0},{"not_picked":["Catalyst","Bouncing Flask"],"picked":"Accuracy","floor":6.0},{"not_picked":["Eviscerate","Quick Slash"],"picked":"Escape Plan","floor":8.0},{"not_picked":["Prepared","Underhanded Strike"],"picked":"Slice","floor":12.0},{"not_picked":["Deadly Poison","Eviscerate"],"picked":"Dagger Throw","floor":14.0},{"not_picked":["Doppelganger","Burst"],"picked":"Malaise","floor":16.0},{"not_picked":["Deflect","Dagger Throw"],"picked":"Blur+1","floor":18.0},{"not_picked":["Tools of the Trade","Sucker Punch+1"],"picked":"Backflip","floor":24.0},{"not_picked":["Sucker Punch","Prepared"],"picked":"Crippling Poison","floor":28.0},{"not_picked":["Sucker Punch","Acrobatics"],"picked":"Dagger Spray","floor":29.0},{"not_picked":["Dagger Throw","Well Laid Plans"],"picked":"Accuracy","floor":30.0},{"not_picked":["Predator","Deadly Poison+1"],"picked":"Blade Dance","floor":31.0},{"not_picked":["Outmaneuver","Deflect"],"picked":"Endless Agony","floor":32.0},{"not_picked":["Wraith Form v2","Doppelganger"],"picked":"Burst","floor":33.0},{"not_picked":["Well Laid Plans","Flechettes+1"],"picked":"Accuracy+1","floor":35.0},{"not_picked":["PiercingWail+1","Well Laid Plans+1"],"picked":"Infinite Blades","floor":36.0},{"not_picked":["Dagger Spray+1","Prepared+1"],"picked":"Blur+1","floor":40.0},{"not_picked":["Choke+1","Bane"],"picked":"Backflip","floor":41.0},{"not_picked":["Dagger Spray","Accuracy+1"],"picked":"Cloak And Dagger+1","floor":42.0},{"not_picked":["Slice","Bane"],"picked":"Escape Plan+1","floor":44.0},{"not_picked":["Venomology","Predator"],"picked":"PiercingWail","floor":45.0},{"not_picked":["Flechettes","Dodge and Roll+1"],"picked":"Blade Dance+1","floor":47.0},{"not_picked":["Distraction","Masterful Stab"],"picked":"Dash+1","floor":48.0},{"not_picked":["Heel Hook","Backstab"],"picked":"Footwork","floor":54}],"player_experience":1853265,"relics_obtained":[{"floor":6.0,"key":"Shuriken"},{"floor":8.0,"key":"Tiny Chest"},{"floor":9.0,"key":"The Courier"},{"floor":24.0,"key":"Potion Belt"},{"floor":26.0,"key":"PreservedInsect"},{"floor":31.0,"key":"Bag of Preparation"},{"floor":38.0,"key":"Blood Vial"},{"floor":41.0,"key":"Paper Crane"},{"floor":54,"key":"Strawberry"}],"event_choices":[{"damage_healed":0.0,"max_hp_gain":0.0,"max_hp_loss":0.0,"gold_gain":74.0,"event_name":"Golden Wing","player_choice":"Gained Gold","floor":2.0,"gold_loss":0.0,"damage_taken":0.0},{"damage_healed":0.0,"max_hp_gain":0.0,"max_hp_loss":0.0,"gold_gain":0.0,"cards_transformed":["Strike_G"],"event_name":"Living Wall","player_choice":"Change","floor":5.0,"gold_loss":0.0,"damage_taken":0.0,"cards_obtained":["Quick Slash"]},{"damage_healed":0.0,"max_hp_gain":0.0,"max_hp_loss":0.0,"gold_gain":0.0,"event_name":"The Mausoleum","player_choice":"Opened","floor":20.0,"gold_loss":0.0,"damage_taken":0.0,"relics_obtained":["Dream Catcher"],"cards_obtained":["Writhe"]},{"damage_healed":0.0,"max_hp_gain":0.0,"max_hp_loss":0.0,"gold_gain":0.0,"event_name":"Colosseum","player_choice":"Fight","floor":21.0,"gold_loss":0.0,"damage_taken":0.0},{"damage_healed":0.0,"max_hp_gain":0.0,"max_hp_loss":0.0,"gold_gain":0.0,"event_name":"Colosseum","player_choice":"Fled From Nobs","floor":21.0,"gold_loss":0.0,"damage_taken":0.0},{"damage_healed":0.0,"max_hp_gain":0.0,"max_hp_loss":0.0,"gold_gain":0.0,"event_name":"Winding Halls","player_choice":"Embrace Madness","floor":37.0,"gold_loss":0.0,"damage_taken":9.0,"cards_obtained":["Madness","Madness"]}],"is_beta":false,"boss_relics":[{"not_picked":["White Beast Statue","Astrolabe"],"picked":"Cursed Key"},{"not_picked":["Black Star","Fusion Hammer"],"picked":"Empty Cage"}],"items_purged_floors":[11,27,39,46],"is_endless":false,"potions_floor_spawned":[1,6,12,16,18,28,29,31,33,36,42,44,47],"killed_by":"The Heart","ascension_level":0}