{"gold_per_floor":[115,115,65,65,75,108,165,165,189,213,239,251,19,44,44,119,119,135,151,151,76,1,1,1,1,1,17,17,17,34,49,49,49],"floor_reached":33,"playtime":1064,"items_purged":["Strike_R"],"score":459,"play_id":"a9b9bd23-f934-4b10-8003-3aff150fc55d","local_time":"20190114125440","is_ascension_mode":true,"campfire_choices":[{"data":"Bash","floor":8,"key":"SMITH"},{"floor":12,"key":"REST"},{"floor":15,"key":"REST"},{"data":"Juggernaut","floor":23,"key":"SMITH"},{"floor":25,"key":"REST"},{"data":"Shrug It Off","floor":28,"key":"SMITH"},{"floor":32,"key":"REST"}],"neow_cost":"NONE","seed_source_timestamp":465422392840539,"circlet_count":0,"master_deck":["AscendersBane","Strike_R","Strike_R","Defend_R","Defend_R","Defend_R","Defend_R","Bash+1","Cleave","Shrug It Off+1","Shockwave","Flame Barrier","Pommel Strike","Cleave","Headbutt","Metallicize","Juggernaut+1","Spot Weakness","Body Slam+1","Writhe","Writhe","Flame Barrier+1","Regret","Juggernaut","Headbutt"],"relics":["Burning Blood","NeowsBlessing","StoneCalendar","Meat on the Bone","Bag of Preparation","MawBank","Chemical X","Letter Opener","Cursed Key","Art of War","Toxic Egg 2","Red Skull"],"potions_floor_usage":[16,16,31,33],"damage_taken":[{"damage":0,"enemies":"2 Louse","floor":1,"turns":1},{"damage":0,"enemies":"Small Slimes","floor":5,"turns":1},{"damage":0,"enemies":"3 Sentries","floor":6,"turns":1},{"damage":45,"enemies":"Lagavulin Event","floor":7,"turns":7},{"damage":15,"enemies":"Jaw Worm","floor":10,"turns":5},{"damage":15,"enemies":"Blue Slaver","floor":11,"turns":4},{"damage":26,"enemies":"Gremlin Nob","floor":14,"turns":4},{"damage":10,"enemies":"Hexaghost","floor":16,"turns":9},{"damage":34,"enemies":"2 Thieves","floor":18,"turns":4},{"damage":29,"enemies":"Spheric Guardian","floor":19,"turns":5},{"damage":18,"enemies":"Snake Plant","floor":27,"turns":4},{"damage":29,"enemies":"Centurion and Healer","floor":30,"turns":7},{"damage":12,"enemies":"Chosen and Byrds","floor":31,"turns":4},{"damage":91,"enemies":"Collector","floor":33,"turns":7}],"seed_played":"1041419842722313425","potions_obtained":[{"floor":6,"key":"FearPotion"},{"floor":11,"key":"PowerPotion"},{"floor":14,"key":"Fire Potion"},{"floor":27,"key":"Ancient Potion"},{"floor":30,"key":"Dexterity Potion"}],"is_trial":false,"path_per_floor":["M","?","?","?","M","E","?","R","T","M","M","R","$","E","R","B",null,"M","M","$","?","$","R","T","R","T","M","R","T","M","M","R","B"],"character_chosen":"IRONCLAD","items_purchased":["Chemical X","Headbutt"],"campfire_rested":4,"item_purchase_floors":[13,13],"current_hp_per_floor":[78,66,66,71,77,83,56,56,56,59,50,75,75,55,80,76,83,55,44,44,44,44,44,44,69,69,57,57,57,46,52,77,0],"gold":49,"neow_bonus":"THREE_ENEMY_KILL","is_prod":false,"is_daily":false,"chose_seed":false,"campfire_upgraded":3,"win_rate":0,"timestamp":1547488480,"path_taken":["M","?","?","?","M","E","?","R","T","M","M","R","$","E","R","BOSS","M","M","$","?","$","R","?","R","T","M","R","?","M","M","R","BOSS"],"build_version":"2019-01-10","purchased_purges":1,"victory":false,"max_hp_per_floor":[80,80,80,85,85,85,85,85,85,85,85,85,85,85,85,85,85,85,85,85,85,85,85,85,85,85,85,85,85,85,85,85,85],"card_choices":[{"not_picked":["Shockwave","Wild Strike"],"picked":"Cleave","floor":1},{"not_picked":["Reckless Charge","Flex"],"picked":"Shrug It Off","floor":5},{"not_picked":["Body Slam","Dark Embrace"],"picked":"Shockwave","floor":6},{"not_picked":["Sword Boomerang","Pommel Strike"],"picked":"Flame Barrier","floor":7},{"not_picked":["Sentinel","Heavy Blade"],"picked":"Pommel Strike","floor":10},{"not_picked":["Bloodletting","Perfected Strike"],"picked":"Cleave","floor":11},{"not_picked":["Entrench","Clash"],"picked":"Metallicize","floor":14},{"not_picked":["Brutality","Offering"],"picked":"Juggernaut","floor":16},{"not_picked":["Havoc","Perfected Strike"],"picked":"Spot Weakness","floor":18},{"not_picked":["Flex","Fire Breathing"],"picked":"Body Slam+1","floor":19},{"not_picked":["Body Slam","Cleave"],"picked":"Flame Barrier+1","floor":27},{"not_picked":["Headbutt","Corruption"],"picked":"Juggernaut","floor":30},{"not_picked":["Perfected Strike+1","Pommel Strike"],"picked":"Headbutt","floor":31}],"player_experience":2116633,"relics_obtained":[{"floor":6,"key":"Meat on the Bone"},{"floor":7,"key":"Bag of Preparation"},{"floor":9,"key":"MawBank"},{"floor":14,"key":"Letter Opener"},{"floor":24,"key":"Art of War"},{"floor":26,"key":"Toxic Egg 2"},{"floor":29,"key":"Red Skull"}],"event_choices":[{"damage_healed":0,"gold_gain":0,"player_choice":"Success","damage_taken":12,"relics_obtained":["StoneCalendar"],"max_hp_gain":0,"max_hp_loss":0,"event_name":"Scrap Ooze","floor":2,"gold_loss":0},{"cards_removed":["Strike_R"],"damage_healed":0,"gold_gain":0,"player_choice":"Card Removal","damage_taken":0,"max_hp_gain":0,"max_hp_loss":0,"event_name":"The Cleric","floor":3,"gold_loss":50},{"damage_healed":0,"gold_gain":0,"player_choice":"Donut","damage_taken":0,"max_hp_gain":5,"max_hp_loss":0,"event_name":"Big Fish","floor":4,"gold_loss":0},{"damage_healed":0,"gold_gain":0,"player_choice":"Searched \u00272\u0027 times","damage_taken":0,"max_hp_gain":0,"max_hp_loss":0,"event_name":"Dead Adventurer","floor":7,"gold_loss":0},{"cards_removed":["Strike_R"],"damage_healed":0,"gold_gain":0,"player_choice":"Gave Gold","damage_taken":0,"max_hp_gain":0,"max_hp_loss":0,"event_name":"Beggar","floor":21,"gold_loss":75}],"is_beta":false,"boss_relics":[{"not_picked":["Snecko Eye","White Beast Statue"],"picked":"Cursed Key"}],"items_purged_floors":[22],"is_endless":false,"potions_floor_spawned":[6,11,14,27,30],"killed_by":"Collector","ascension_level":13}