{"gold_per_floor":[164,164,114,124,137,163,178,192,192,192,207,207,219,236,236,331,331,350,350,368,31,47,47,13,30,30,30,47,60,71,88,88,88],"floor_reached":33,"playtime":830,"items_purged":["Writhe"],"score":307,"play_id":"7ec47b70-039a-45d6-809a-f9084f03a9d1","local_time":"20180728004957","is_ascension_mode":false,"campfire_choices":[{"data":"Catalyst","floor":10,"key":"SMITH"},{"data":"Noxious Fumes","floor":12,"key":"SMITH"},{"floor":15,"key":"REST"},{"floor":23,"key":"REST"},{"floor":32,"key":"REST"}],"neow_cost":"NONE","seed_source_timestamp":44102883293230,"circlet_count":0,"master_deck":["Defend_G","Defend_G","Defend_G","Defend_G","Defend_G","Strike_G","Strike_G","Strike_G","Strike_G+1","Survivor","Neutralize","Leg Sweep","Deadly Poison","Crippling Poison","Bane","Catalyst+1","Noxious Fumes+1","Deadly Poison","Poisoned Stab","Adrenaline","Infinite Blades","Envenom","Blade Dance+1","Noxious Fumes","Accuracy+1","Bane"],"relics":["Tiny House","Snake Skull","Dodecahedron","Paper Crane","Busted Crown","Shuriken","Bottled Flame","Kunai"],"potions_floor_usage":[6,8,16,16,18,22,33],"damage_taken":[{"damage":0,"enemies":"2 Louse","floor":1,"turns":2},{"damage":0,"enemies":"Cultist","floor":4,"turns":4},{"damage":7,"enemies":"Small Slimes","floor":5,"turns":4},{"damage":11,"enemies":"Lagavulin","floor":6,"turns":6},{"damage":6,"enemies":"3 Louse","floor":7,"turns":2},{"damage":16,"enemies":"Exordium Thugs","floor":8,"turns":5},{"damage":9,"enemies":"Large Slime","floor":11,"turns":4},{"damage":12,"enemies":"2 Fungi Beasts","floor":13,"turns":2},{"damage":1,"enemies":"Red Slaver","floor":14,"turns":2},{"damage":0,"enemies":"Slime Boss","floor":16,"turns":5},{"damage":10,"enemies":"3 Byrds","floor":18,"turns":3},{"damage":11,"enemies":"Shell Parasite","floor":20,"turns":5},{"damage":32,"enemies":"Centurion and Healer","floor":22,"turns":5},{"damage":3,"enemies":"Snake Plant","floor":25,"turns":3},{"damage":27,"enemies":"Slaver and Parasite","floor":28,"turns":4},{"damage":4,"enemies":"Cultist and Chosen","floor":29,"turns":4},{"damage":0,"enemies":"Snecko","floor":30,"turns":5},{"damage":4,"enemies":"Snake Plant","floor":31,"turns":3},{"damage":28,"enemies":"Collector","floor":33,"turns":5}],"seed_played":"-7987783227908407946","potions_obtained":[{"floor":0,"key":"Regen Potion"},{"floor":1,"key":"Explosive Potion"},{"floor":4,"key":"LiquidBronze"},{"floor":7,"key":"SneckoOil"},{"floor":11,"key":"Poison Potion"},{"floor":20,"key":"EssenceOfSteel"},{"floor":29,"key":"Explosive Potion"},{"floor":31,"key":"SpeedPotion"}],"is_trial":false,"path_per_floor":["M","?","?","M","M","E","M","M","T","R","M","R","M","M","R","B",null,"M","?","M","$","M","R","$","M","T","?","M","M","M","M","R"],"character_chosen":"THE_SILENT","items_purchased":["Bottled Flame","Noxious Fumes"],"campfire_rested":3,"item_purchase_floors":[21,24],"current_hp_per_floor":[75,75,75,75,68,71,65,49,49,49,40,40,28,27,49,49,75,65,65,54,54,22,44,44,41,41,41,14,10,10,6,28,0],"gold":88,"neow_bonus":"BOSS_RELIC","is_prod":false,"is_daily":false,"chose_seed":false,"campfire_upgraded":2,"win_rate":0,"timestamp":1532704797,"path_taken":["M","?","?","?","M","E","M","M","T","R","M","R","M","M","R","BOSS","M","?","M","$","M","R","$","M","T","?","?","M","M","M","R","BOSS"],"build_version":"2018-07-26","purchased_purges":1,"victory":false,"max_hp_per_floor":[75,75,75,75,75,75,75,75,75,75,75,75,75,75,75,75,75,75,75,75,75,75,75,75,75,75,75,75,75,75,75,75,75],"card_choices":[{"not_picked":["Concentrate","Reflex"],"picked":"Leg Sweep","floor":0},{"not_picked":["Prepared","Leg Sweep"],"picked":"Deadly Poison","floor":1},{"not_picked":["Footwork","Blade Dance"],"picked":"Crippling Poison","floor":4},{"not_picked":["Masterful Stab","Underhanded Strike"],"picked":"Bane","floor":5},{"not_picked":["Dagger Throw","Burst"],"picked":"Catalyst","floor":6},{"not_picked":["Deadly Poison","Bane"],"picked":"Noxious Fumes","floor":7},{"not_picked":["Sucker Punch","Acrobatics"],"picked":"Deadly Poison","floor":8},{"not_picked":["Quick Slash","Backflip"],"picked":"Poisoned Stab","floor":11},{"not_picked":["Dodge and Roll","Quick Slash"],"picked":"Adrenaline","floor":13},{"not_picked":["Cloak And Dagger","Masterful Stab"],"picked":"Infinite Blades","floor":14},{"not_picked":["A Thousand Cuts","Night Terror"],"picked":"Envenom","floor":16},{"not_picked":["Endless Agony+1"],"picked":"SKIP","floor":18},{"not_picked":[],"picked":"Blade Dance+1","floor":20},{"not_picked":["Backflip"],"picked":"SKIP","floor":22},{"not_picked":["Dagger Throw"],"picked":"SKIP","floor":25},{"not_picked":["Flying Knee"],"picked":"SKIP","floor":28},{"not_picked":[],"picked":"Accuracy+1","floor":29},{"not_picked":[],"picked":"Bane","floor":30},{"not_picked":["Flying Knee"],"picked":"SKIP","floor":31}],"player_experience":276336,"relics_obtained":[{"floor":6,"key":"Dodecahedron"},{"floor":9,"key":"Paper Crane"},{"floor":26,"key":"Kunai"}],"event_choices":[{"event_name":"Accursed Blacksmith","player_choice":"Rummage","floor":2,"damage_taken":0},{"event_name":"The Cleric","player_choice":"Card Removal","floor":3,"damage_taken":0},{"event_name":"The Mausoleum","player_choice":"Yes","floor":19,"damage_taken":0},{"event_name":"Ghosts","player_choice":"Ignored","floor":27,"damage_taken":0}],"is_beta":false,"boss_relics":[{"not_picked":["Eternal Feather","WristBlade"],"picked":"Busted Crown"}],"items_purged_floors":[21],"is_endless":false,"potions_floor_spawned":[1,4,7,11,13,20,29,31],"killed_by":"Collector","ascension_level":0}