{"gold_per_floor":[115,115,65,76,90,90,165,198,246,258,268,300,312,324,336,450,462,484,496,518,544,310,310,341,146,146,163,163,188,188,138,138,239,239,258,115,125,125,142,142,173,189,236,36,56,6,21,35,35,35],"floor_reached":51,"playtime":2417,"items_purged":["Strike_R","Strike_R","Strike_R","Strike_R","Parasite","Evolve"],"score":787,"play_id":"9fedec27-814e-42a4-9a4c-41a1010ba202","local_time":"20181030011750","is_ascension_mode":true,"campfire_choices":[{"data":"Armaments","floor":6,"key":"SMITH"},{"data":"Battle Trance","floor":13,"key":"SMITH"},{"data":"Bash","floor":15,"key":"SMITH"},{"data":"Master of Strategy","floor":23,"key":"SMITH"},{"data":"Demon Form","floor":28,"key":"SMITH"},{"data":"Shrug It Off","floor":32,"key":"SMITH"},{"data":"Shockwave","floor":40,"key":"SMITH"},{"data":"Bash+1","floor":49,"key":"PURGE"}],"neow_cost":"NONE","seed_source_timestamp":248928770109403,"circlet_count":0,"master_deck":["Defend_R","Defend_R+1","Shrug It Off+1","Armaments+1","Reaper","Shrug It Off+1","Battle Trance+1","Demon Form+1","Heavy Blade","Sword Boomerang","Warcry","Pummel","Shockwave+1","Flex","Master of Strategy+1","Shrug It Off","Limit Break+1","Thunderclap","Finesse","True Grit+1","Headbutt"],"relics":["Burning Blood","NeowsBlessing","War Paint","Blood Vial","MawBank","Orrery","Unceasing Top","Smiling Mask","Pen Nib","Magic Flower","Lantern","MutagenicStrength","Cursed Key","Peace Pipe","Vajra","Bag of Preparation"],"potions_floor_usage":[10,11,12,16,16,21],"damage_taken":[{"damage":0,"enemies":"Cultist","floor":1,"turns":1},{"damage":0,"enemies":"Small Slimes","floor":4,"turns":1},{"damage":0,"enemies":"2 Louse","floor":5,"turns":1},{"damage":29,"enemies":"Gremlin Nob","floor":8,"turns":5},{"damage":5,"enemies":"Lots of Slimes","floor":10,"turns":3},{"damage":1,"enemies":"Exordium Thugs","floor":11,"turns":5},{"damage":15,"enemies":"Lagavulin","floor":12,"turns":8},{"damage":52,"enemies":"The Guardian","floor":16,"turns":15},{"damage":36,"enemies":"Shell Parasite","floor":18,"turns":8},{"damage":15,"enemies":"3 Byrds","floor":20,"turns":6},{"damage":31,"enemies":"Snecko","floor":21,"turns":7},{"damage":63,"enemies":"Gremlin Leader","floor":24,"turns":7},{"damage":8,"enemies":"Centurion and Healer","floor":27,"turns":5},{"damage":52,"enemies":"Book of Stabbing","floor":29,"turns":8},{"damage":34,"enemies":"Automaton","floor":33,"turns":8},{"damage":9,"enemies":"3 Shapes","floor":35,"turns":6},{"damage":1,"enemies":"Orb Walker","floor":37,"turns":3},{"damage":16,"enemies":"Maw","floor":39,"turns":5},{"damage":31,"enemies":"Nemesis","floor":41,"turns":5},{"damage":28,"enemies":"Writhing Mass","floor":42,"turns":4},{"damage":0,"enemies":"Sphere and 2 Shapes","floor":45,"turns":4},{"damage":22,"enemies":"Transient","floor":47,"turns":5},{"damage":9,"enemies":"Jaw Worm Horde","floor":48,"turns":3},{"damage":41,"enemies":"Awakened One","floor":50,"turns":5}],"seed_played":"-5837666004090750446","potions_obtained":[{"floor":5,"key":"Explosive Potion"},{"floor":8,"key":"Energy Potion"},{"floor":10,"key":"Weak Potion"},{"floor":11,"key":"Fire Potion"},{"floor":12,"key":"Regen Potion"},{"floor":18,"key":"FairyPotion"},{"floor":21,"key":"Fruit Juice"},{"floor":29,"key":"Swift Potion"},{"floor":33,"key":"Block Potion"}],"is_trial":false,"path_per_floor":["M","?","?","M","M","R","?","E","T","M","M","E","R","?","R","B",null,"M","?","M","M","$","R","E","$","T","M","R","E","?","$","R","B",null,"M","$","M","?","M","R","E","M","T","$","M","$","M","M","R","B"],"character_chosen":"IRONCLAD","items_purchased":["Master of Strategy","Pen Nib","Finesse","Bag of Preparation"],"campfire_rested":0,"item_purchase_floors":[22,25,36,44],"current_hp_per_floor":[80,80,80,80,80,80,69,46,46,58,65,58,58,51,51,27,80,50,50,64,46,46,46,24,24,24,73,73,65,65,65,65,76,85,85,85,85,85,78,78,71,55,55,55,67,67,76,79,79,70],"gold":35,"neow_bonus":"THREE_ENEMY_KILL","is_prod":false,"is_daily":false,"chose_seed":false,"campfire_upgraded":7,"win_rate":0,"timestamp":1540880270,"path_taken":["M","?","?","?","?","R","?","E","T","?","M","E","R","?","R","BOSS","M","?","?","M","$","R","E","$","T","M","R","E","?","?","R","BOSS","M","$","M","?","M","R","E","M","T","?","M","$","?","M","R","BOSS"],"build_version":"2018-10-29v2","purchased_purges":6,"victory":true,"max_hp_per_floor":[80,80,80,80,80,80,80,80,80,80,80,80,80,80,80,80,80,80,80,80,85,85,85,85,85,85,85,85,85,85,85,85,85,85,85,85,85,85,85,85,85,85,85,82,82,82,82,82,82,82],"card_choices":[{"not_picked":["Clash","Cleave"],"picked":"Shrug It Off","floor":1},{"not_picked":["Infernal Blade","Burning Pact"],"picked":"Evolve","floor":4},{"not_picked":["Havoc","Cleave"],"picked":"Armaments","floor":5},{"not_picked":["Twin Strike","Rage"],"picked":"Reaper","floor":8},{"not_picked":["True Grit","Flame Barrier"],"picked":"Shrug It Off","floor":10},{"not_picked":["Power Through","Reckless Charge"],"picked":"Battle Trance","floor":11},{"not_picked":["Reckless Charge","Wild Strike","Pommel Strike"],"picked":"SKIP","floor":12},{"not_picked":["Offering","Reaper"],"picked":"Demon Form","floor":16},{"not_picked":["Inflame","Anger"],"picked":"Heavy Blade","floor":17},{"not_picked":["Spot Weakness","Second Wind"],"picked":"Sword Boomerang","floor":17},{"not_picked":["Anger","Perfected Strike"],"picked":"Warcry","floor":17},{"not_picked":["Wild Strike","Shockwave"],"picked":"Pummel","floor":17},{"not_picked":["Reckless Charge","Iron Wave"],"picked":"Shockwave","floor":17},{"not_picked":["Pommel Strike","Second Wind","Battle Trance+1"],"picked":"SKIP","floor":18},{"not_picked":["Sentinel+1","Intimidate","Feel No Pain"],"picked":"SKIP","floor":20},{"not_picked":["Demon Form","Iron Wave"],"picked":"Flex","floor":21},{"not_picked":["Seeing Red","Wild Strike+1","Twin Strike+1"],"picked":"SKIP","floor":24},{"not_picked":["Armaments","True Grit"],"picked":"Shrug It Off","floor":27},{"not_picked":["Anger","Blood for Blood","Impervious"],"picked":"SKIP","floor":29},{"not_picked":["Brutality","Demon Form"],"picked":"Limit Break","floor":33},{"not_picked":["Perfected Strike","Ghostly Armor+1"],"picked":"Thunderclap","floor":35},{"not_picked":["Combust","Shockwave","Flex+1"],"picked":"SKIP","floor":37},{"not_picked":["Clothesline+1","Thunderclap"],"picked":"True Grit+1","floor":39},{"not_picked":["Headbutt","Flex+1","Body Slam"],"picked":"SKIP","floor":41},{"not_picked":["Flex+1","Body Slam"],"picked":"Headbutt","floor":41},{"not_picked":["Burning Pact+1","Shrug It Off+1","Perfected Strike"],"picked":"SKIP","floor":42},{"not_picked":["Rupture+1","Shrug It Off+1","True Grit+1"],"picked":"SKIP","floor":45},{"not_picked":["Perfected Strike","Clash","True Grit"],"picked":"SKIP","floor":47},{"not_picked":["Metallicize+1","Uppercut+1","Entrench"],"picked":"SKIP","floor":48}],"player_experience":729083,"relics_obtained":[{"floor":8,"key":"War Paint"},{"floor":9,"key":"Blood Vial"},{"floor":12,"key":"MawBank"},{"floor":24,"key":"Smiling Mask"},{"floor":26,"key":"Magic Flower"},{"floor":29,"key":"Lantern"},{"floor":41,"key":"Peace Pipe"},{"floor":43,"key":"Vajra"}],"event_choices":[{"cards_removed":["Defend_R"],"damage_healed":0,"gold_gain":0,"player_choice":"Forget","damage_taken":0,"max_hp_gain":0,"max_hp_loss":0,"event_name":"Living Wall","floor":2,"gold_loss":0},{"cards_removed":["Defend_R"],"damage_healed":0,"gold_gain":0,"player_choice":"Card Removal","damage_taken":0,"max_hp_gain":0,"max_hp_loss":0,"event_name":"The Cleric","floor":3,"gold_loss":50},{"damage_healed":0,"gold_gain":75,"player_choice":"Gather Gold","damage_taken":11,"max_hp_gain":0,"max_hp_loss":0,"event_name":"World of Goop","floor":7,"gold_loss":0},{"cards_removed":["Strike_R"],"damage_healed":0,"gold_gain":0,"player_choice":"Card Removal","damage_taken":7,"max_hp_gain":0,"max_hp_loss":0,"event_name":"Golden Wing","floor":14,"gold_loss":0},{"damage_healed":0,"gold_gain":0,"player_choice":"Opened","damage_taken":0,"relics_obtained":["Unceasing Top"],"max_hp_gain":0,"max_hp_loss":0,"event_name":"The Mausoleum","floor":19,"gold_loss":0},{"damage_healed":0,"gold_gain":0,"player_choice":"Inject Mutagens","damage_taken":0,"relics_obtained":["MutagenicStrength"],"max_hp_gain":0,"max_hp_loss":0,"event_name":"Drug Dealer","floor":30,"gold_loss":0},{"damage_healed":0,"gold_gain":0,"player_choice":"Forge","damage_taken":0,"max_hp_gain":0,"max_hp_loss":0,"event_name":"Accursed Blacksmith","floor":38,"gold_loss":0,"cards_upgraded":["Limit Break"]}],"is_beta":true,"boss_relics":[{"not_picked":["Black Star","Pandora\u0027s Box"],"picked":"Orrery"},{"not_picked":["Mark of Pain","Empty Cage"],"picked":"Cursed Key"}],"items_purged_floors":[22,25,31,36,44,46],"is_endless":false,"potions_floor_spawned":[5,8,10,11,12,18,21,29,33,35,37,47],"ascension_level":1}