{"gold_per_floor":[119,119,119,142,158,158,171,171,198,198,198,232,253,266,266,397,397,422,422,422,122,138,138,159,182,182,182,205,205],"floor_reached":29,"playtime":1557,"items_purged":["Strike_R"],"score":263,"play_id":"ed013a23-2c9c-4755-a34d-97218a470281","local_time":"20180629133059","is_ascension_mode":true,"campfire_choices":[{"data":"Flame Barrier","floor":6,"key":"SMITH"},{"data":"Cleave","floor":8,"key":"SMITH"},{"data":"Clothesline","floor":11,"key":"SMITH"},{"data":"Whirlwind","floor":15,"key":"SMITH"},{"floor":23,"key":"REST"}],"neow_cost":"NONE","seed_source_timestamp":408960544762369,"circlet_count":0,"master_deck":["Strike_R","Strike_R+1","Strike_R","Defend_R","Defend_R","Defend_R","Defend_R+1","Bash","Flame Barrier+1","Clash","Cleave+1","Clothesline+1","Spot Weakness","Whirlwind+1","Immolate","Juggernaut","Whirlwind","Armaments+1","Carnage"],"relics":["Black Blood","Golden Idol","Singing Bowl","Odd Mushroom","Regal Pillow","Toolbox"],"potions_floor_usage":[14,16,16,16,19,25],"damage_taken":[{"damage":8,"enemies":"2 Louse","floor":1,"turns":3},{"damage":3,"enemies":"Jaw Worm","floor":4,"turns":5},{"damage":10,"enemies":"Small Slimes","floor":5,"turns":3},{"damage":11,"enemies":"Looter","floor":7,"turns":3},{"damage":12,"floor":12,"turns":4},{"damage":11,"enemies":"Exordium Wildlife","floor":13,"turns":5},{"damage":0,"enemies":"2 Fungi Beasts","floor":14,"turns":4},{"damage":52,"enemies":"The Guardian","floor":16,"turns":14},{"damage":46,"enemies":"Spheric Guardian","floor":18,"turns":6},{"damage":0,"enemies":"Shell Parasite","floor":19,"turns":2},{"damage":56,"enemies":"3 Cultists","floor":22,"turns":5},{"damage":9,"enemies":"Centurion and Healer","floor":24,"turns":11},{"damage":27,"enemies":"Cultist and Chosen","floor":25,"turns":4},{"damage":18,"enemies":"3 Cultists","floor":28,"turns":4},{"damage":35,"enemies":"Sentry and Sphere","floor":29,"turns":4}],"seed_played":"-3636073923833523272","potions_obtained":[{"floor":1,"key":"Weak Potion"},{"floor":4,"key":"Strength Potion"},{"floor":13,"key":"Regen Potion"},{"floor":14,"key":"Regen Potion"},{"floor":16,"key":"SmokeBomb"},{"floor":18,"key":"FearPotion"},{"floor":22,"key":"Energy Potion"},{"floor":25,"key":"GamblersBrew"}],"is_trial":false,"path_per_floor":["M","?","?","M","M","R","M","R","T","?","R","?","M","M","R","B",null,"M","M","?","$","M","R","M","M","T","?","M"],"character_chosen":"IRONCLAD","items_purchased":["Whirlwind","Regal Pillow"],"campfire_rested":1,"item_purchase_floors":[21,21],"current_hp_per_floor":[86,68,68,71,67,67,62,62,62,62,62,56,51,69,69,38,81,47,57,57,57,13,53,56,39,39,39,33,0],"gold":205,"neow_bonus":"TEN_PERCENT_HP_BONUS","is_prod":false,"is_daily":false,"chose_seed":false,"campfire_upgraded":4,"win_rate":0,"timestamp":1530293459,"path_taken":["M","?","?","M","M","R","M","R","T","?","R","?","?","M","R","BOSS","M","M","?","$","M","R","M","M","T","?","M","?"],"build_version":"2018-06-28","purchased_purges":1,"victory":false,"max_hp_per_floor":[88,88,81,81,81,81,81,81,81,81,81,81,81,81,81,81,81,83,83,83,83,85,85,87,87,87,87,89,89],"card_choices":[{"not_picked":["Rage","Warcry"],"picked":"Flame Barrier","floor":1},{"not_picked":["Rupture","Warcry"],"picked":"Clash","floor":4},{"not_picked":["Sword Boomerang","Pommel Strike"],"picked":"Cleave","floor":5},{"not_picked":["Evolve","Wild Strike"],"picked":"Clothesline","floor":7},{"not_picked":["Havoc","Uppercut"],"picked":"Spot Weakness","floor":12},{"not_picked":["Wild Strike","Heavy Blade"],"picked":"Whirlwind","floor":13},{"not_picked":["Shrug It Off","Pommel Strike"],"picked":"Immolate","floor":14},{"not_picked":["Feed","Exhume"],"picked":"Juggernaut","floor":16},{"not_picked":["Heavy Blade","Warcry","True Grit"],"picked":"Singing Bowl","floor":18},{"not_picked":["Clothesline","Shockwave+1","Pommel Strike"],"picked":"Singing Bowl","floor":22},{"not_picked":["Sword Boomerang","Heavy Blade","Armaments"],"picked":"Singing Bowl","floor":24},{"not_picked":["Heavy Blade","Fiend Fire"],"picked":"Armaments+1","floor":25},{"not_picked":["Blood for Blood+1","Pommel Strike","Intimidate"],"picked":"Singing Bowl","floor":28}],"player_experience":857142,"relics_obtained":[{"floor":9,"key":"Singing Bowl"},{"floor":12,"key":"Odd Mushroom"},{"floor":26,"key":"Toolbox"}],"event_choices":[{"event_name":"Shining Light","player_choice":"Entered Light","floor":2,"damage_taken":0},{"event_name":"Golden Idol","player_choice":"Lose Max HP","floor":3,"damage_taken":0},{"event_name":"Liars Game","player_choice":"disagreed","floor":10,"damage_taken":0},{"event_name":"Mushrooms","player_choice":"Fought Mushrooms","floor":12,"damage_taken":0},{"event_name":"N\u0027loth","player_choice":"Ignored","floor":20,"damage_taken":0},{"event_name":"Transmorgrifier","player_choice":"Transform","floor":27,"damage_taken":0}],"boss_relics":[{"not_picked":["White Beast Statue","Black Star"],"picked":"Black Blood"}],"items_purged_floors":[21],"is_endless":false,"potions_floor_spawned":[1,4,13,14,16,18,19,22,25],"killed_by":"Sentry and Sphere","ascension_level":4}