{"gold_per_floor":[113,113,130,148,148,148,177,189,213,213,213,231,263,277,277,354,354,366,376,376],"floor_reached":20,"playtime":603,"items_purged":[],"score":472,"play_id":"90a9e287-1027-4f09-bbf7-a48d1380b326","local_time":"20190117183426","is_ascension_mode":true,"campfire_choices":[{"data":"Neutralize","floor":6,"key":"SMITH"},{"floor":11,"key":"REST"},{"data":"Noxious Fumes","floor":15,"key":"SMITH"}],"neow_cost":"NONE","seed_source_timestamp":101662191860148,"circlet_count":0,"master_deck":["AscendersBane","Defend_G","Defend_G+1","Defend_G+1","Defend_G","Defend_G","Strike_G","Strike_G","Strike_G","Strike_G","Survivor","Neutralize+1","Noxious Fumes+1","Deadly Poison","Slice","Predator","Tactician","Cloak And Dagger","Bouncing Flask","After Image"],"relics":["Ring of the Snake","NeowsBlessing","War Paint","Snake Skull","Strawberry","Fusion Hammer"],"potions_floor_usage":[7,16,19,20],"damage_taken":[{"damage":0,"enemies":"Jaw Worm","floor":1,"turns":1},{"damage":0,"enemies":"Small Slimes","floor":3,"turns":1},{"damage":0,"enemies":"Cultist","floor":4,"turns":1},{"damage":30,"enemies":"Gremlin Nob","floor":7,"turns":4},{"damage":1,"enemies":"Blue Slaver","floor":8,"turns":4},{"damage":6,"enemies":"Large Slime","floor":12,"turns":5},{"damage":11,"enemies":"Lagavulin","floor":13,"turns":6},{"damage":3,"enemies":"Looter","floor":14,"turns":3},{"damage":0,"enemies":"Hexaghost","floor":16,"turns":7},{"damage":27,"enemies":"Shell Parasite","floor":18,"turns":4},{"damage":10,"enemies":"2 Thieves","floor":19,"turns":5},{"damage":28,"enemies":"Masked Bandits","floor":20,"turns":2}],"seed_played":"-2591632090318815508","potions_obtained":[{"floor":1,"key":"EssenceOfSteel"},{"floor":3,"key":"Poison Potion"},{"floor":12,"key":"EssenceOfSteel"},{"floor":19,"key":"PowerPotion"}],"is_trial":false,"path_per_floor":["M","?","M","M","?","R","E","M","T","?","R","M","E","M","R","B",null,"M","M","?"],"character_chosen":"THE_SILENT","items_purchased":[],"campfire_rested":1,"item_purchase_floors":[],"current_hp_per_floor":[59,59,59,59,59,59,29,28,28,28,47,41,37,34,34,34,63,36,26,0],"gold":376,"neow_bonus":"THREE_ENEMY_KILL","is_prod":false,"is_daily":false,"chose_seed":false,"campfire_upgraded":2,"win_rate":0,"timestamp":1547746466,"path_taken":["M","?","M","M","?","R","E","M","T","?","R","M","E","M","R","BOSS","M","?","?"],"build_version":"2019-01-10","purchased_purges":0,"victory":false,"max_hp_per_floor":[66,66,66,66,66,66,66,66,66,66,66,66,73,73,73,73,73,73,73,73],"card_choices":[{"not_picked":["Well Laid Plans","Blur"],"picked":"Noxious Fumes","floor":1},{"not_picked":["Outmaneuver","Slice"],"picked":"Deadly Poison","floor":3},{"not_picked":["Backflip","Deflect"],"picked":"Slice","floor":4},{"not_picked":["Reflex","Slice"],"picked":"Predator","floor":7},{"not_picked":["Skewer","Outmaneuver","Bane"],"picked":"SKIP","floor":8},{"not_picked":["Quick Slash","Distraction","Poisoned Stab"],"picked":"SKIP","floor":12},{"not_picked":["A Thousand Cuts","Dagger Spray"],"picked":"Cloak And Dagger","floor":13},{"not_picked":["Finisher","PiercingWail"],"picked":"Bouncing Flask","floor":14},{"not_picked":["Bullet Time","Adrenaline"],"picked":"After Image","floor":16},{"not_picked":["Blade Dance","Flying Knee","Riddle With Holes"],"picked":"SKIP","floor":18},{"not_picked":["Slice","Distraction","Quick Slash"],"picked":"SKIP","floor":19}],"player_experience":1905977,"relics_obtained":[{"floor":7,"key":"War Paint"},{"floor":9,"key":"Snake Skull"},{"floor":13,"key":"Strawberry"}],"event_choices":[{"damage_healed":0,"gold_gain":0,"player_choice":"Leave","damage_taken":0,"max_hp_gain":0,"max_hp_loss":0,"event_name":"The Cleric","floor":2,"gold_loss":0},{"damage_healed":0,"gold_gain":0,"player_choice":"Ignored","damage_taken":0,"max_hp_gain":0,"max_hp_loss":0,"event_name":"Golden Wing","floor":5,"gold_loss":0},{"damage_healed":0,"gold_gain":0,"cards_transformed":["Strike_G"],"player_choice":"Transformed","damage_taken":0,"max_hp_gain":0,"max_hp_loss":0,"event_name":"Transmorgrifier","floor":10,"gold_loss":0,"cards_obtained":["Tactician"]},{"damage_healed":0,"gold_gain":0,"player_choice":"Fought Bandits","damage_taken":0,"max_hp_gain":0,"max_hp_loss":0,"event_name":"Masked Bandits","floor":20,"gold_loss":0}],"is_beta":false,"boss_relics":[{"not_picked":["Calling Bell","Pandora\u0027s Box"],"picked":"Fusion Hammer"}],"items_purged_floors":[],"is_endless":false,"potions_floor_spawned":[1,3,12,14,19],"killed_by":"Masked Bandits","ascension_level":20}