{"gold_per_floor":[113,126,45,58,75,75,75,95,95,115,127,127,127,144,144,243,243,213,312,164,183,196,196,196],"floor_reached":24,"playtime":1222,"items_purged":["Decay"],"score":192,"play_id":"dbeb257e-0205-4af8-89e3-76554e6a47a3","local_time":"20190116230818","is_ascension_mode":false,"campfire_choices":[{"data":"Shockwave","floor":6,"key":"SMITH"},{"data":"Rampage","floor":13,"key":"SMITH"},{"data":"Intimidate","floor":15,"key":"SMITH"},{"floor":23,"key":"REST"}],"neow_cost":"PERCENT_DAMAGE","seed_source_timestamp":20434210431354,"circlet_count":0,"master_deck":["Strike_R","Strike_R","Strike_R","Strike_R","Strike_R+1","Defend_R","Defend_R","Defend_R","Defend_R","Bash","Impatience","Dark Shackles","Shrug It Off+1","Shockwave+1","Feel No Pain","Shrug It Off","Intimidate+1","Iron Wave","Evolve","Rampage+1","Demon Form","Clumsy","Writhe","Thunderclap+1","Seeing Red","Intimidate+1"],"relics":["Burning Blood","CultistMask","Calling Bell","Omamori","Pantograph","Pocketwatch"],"potions_floor_usage":[],"damage_taken":[{"damage":1,"enemies":"2 Louse","floor":1,"turns":4},{"damage":5,"enemies":"Cultist","floor":2,"turns":4},{"damage":0,"enemies":"Small Slimes","floor":4,"turns":4},{"damage":2,"enemies":"Exordium Thugs","floor":5,"turns":6},{"damage":4,"enemies":"Exordium Wildlife","floor":8,"turns":6},{"damage":6,"enemies":"Blue Slaver","floor":10,"turns":5},{"damage":0,"enemies":"3 Louse","floor":11,"turns":6},{"damage":11,"enemies":"Exordium Wildlife","floor":14,"turns":6},{"damage":38,"enemies":"Hexaghost","floor":16,"turns":13},{"damage":26,"enemies":"2 Thieves","floor":18,"turns":5},{"damage":6,"enemies":"Shell Parasite","floor":21,"turns":7},{"damage":49,"enemies":"Cultist and Chosen","floor":22,"turns":9},{"damage":0,"enemies":"Snake Plant","floor":24,"turns":1}],"seed_played":"8348497884084545655","potions_obtained":[{"floor":1,"key":"SkillPotion"},{"floor":5,"key":"SpeedPotion"},{"floor":8,"key":"EssenceOfSteel"},{"floor":10,"key":"EssenceOfSteel"},{"floor":16,"key":"EssenceOfSteel"},{"floor":18,"key":"FairyPotion"}],"is_trial":false,"path_per_floor":["M","M","$","M","M","R","?","M","T","M","M","?","R","M","R","B",null,"M","?","$","M","M","R","M"],"character_chosen":"IRONCLAD","items_purchased":["Feel No Pain","Seeing Red"],"campfire_rested":1,"item_purchase_floors":[3,20],"current_hp_per_floor":[61,62,62,68,72,72,72,74,74,74,80,64,64,59,59,27,80,60,60,60,60,17,41,41],"gold":196,"neow_bonus":"RANDOM_COLORLESS_2","is_prod":false,"is_daily":false,"chose_seed":false,"campfire_upgraded":3,"win_rate":0,"timestamp":1547642298,"path_taken":["M","M","$","M","M","R","?","?","T","M","M","?","R","M","R","BOSS","M","?","$","M","M","R","M"],"build_version":"2019-01-10","purchased_purges":1,"victory":false,"max_hp_per_floor":[80,80,80,80,80,80,80,80,80,80,80,80,80,80,80,80,80,80,80,80,80,80,80,80],"card_choices":[{"not_picked":["Pommel Strike","Clash"],"picked":"Shrug It Off","floor":1},{"not_picked":["Power Through","Pommel Strike"],"picked":"Shockwave","floor":2},{"not_picked":["Cleave","Armaments"],"picked":"Shrug It Off","floor":4},{"not_picked":["Sever Soul","Iron Wave"],"picked":"Intimidate","floor":5},{"not_picked":["Armaments","Fiend Fire"],"picked":"Iron Wave","floor":8},{"not_picked":["Intimidate","Perfected Strike"],"picked":"Evolve","floor":10},{"not_picked":["Anger","Flex"],"picked":"Rampage","floor":11},{"not_picked":["Havoc","Twin Strike","Rupture"],"picked":"SKIP","floor":14},{"not_picked":["Exhume","Berserk"],"picked":"Demon Form","floor":16},{"not_picked":["Flex","Evolve"],"picked":"Thunderclap+1","floor":18},{"not_picked":["Warcry","Body Slam","Iron Wave"],"picked":"SKIP","floor":21},{"not_picked":["Warcry","Dropkick"],"picked":"Intimidate+1","floor":22}],"player_experience":454128,"relics_obtained":[{"floor":17,"key":"Omamori"},{"floor":17,"key":"Pantograph"},{"floor":17,"key":"Pocketwatch"}],"event_choices":[{"damage_healed":0,"gold_gain":0,"player_choice":"Trade","damage_taken":0,"relics_obtained":["CultistMask"],"max_hp_gain":0,"max_hp_loss":0,"event_name":"FaceTrader","floor":7,"gold_loss":0},{"damage_healed":0,"gold_gain":0,"player_choice":"Entered Light","damage_taken":16,"max_hp_gain":0,"max_hp_loss":0,"event_name":"Shining Light","floor":12,"gold_loss":0,"cards_upgraded":["Strike_R","Shrug It Off"]},{"damage_healed":0,"gold_gain":99,"player_choice":"Stole From Cult","damage_taken":0,"max_hp_gain":0,"max_hp_loss":0,"event_name":"Nest","floor":19,"gold_loss":0}],"is_beta":false,"boss_relics":[{"not_picked":["White Beast Statue","Black Star"],"picked":"Calling Bell"}],"items_purged_floors":[20],"is_endless":false,"potions_floor_spawned":[1,5,8,10,16,18,21],"killed_by":"Snake Plant","ascension_level":0}