{"gold_per_floor":[115,115,14,14,27,27,55,67,138,51,61,61,81,35,35,133,133,152,152,164,175,275,275,289,289,312,332,351,351,351,351],"floor_reached":31,"playtime":1889,"items_purged":["Defend_R"],"score":354,"play_id":"27ecf3c5-8708-4867-acec-cdd096904b65","local_time":"20180716211700","is_ascension_mode":true,"campfire_choices":[{"data":"Bash","floor":6,"key":"SMITH"},{"data":"Clothesline","floor":15,"key":"SMITH"},{"floor":23,"key":"REST"},{"floor":25,"key":"REST"}],"neow_cost":"NONE","seed_source_timestamp":252814808733288,"circlet_count":0,"master_deck":["Strike_R","Strike_R","Defend_R","Defend_R","Defend_R","Bash+1","Clash","Clothesline+1","Flame Barrier","Shrug It Off+1","Inflame","Immolate","Flex+1","Shrug It Off+1","Bludgeon","Evolve","Inflame","Clash+1","Inflame+1","Writhe","Decay"],"relics":["Burning Blood","NeowsBlessing","Lantern","Toxic Egg 2","Empty Cage","Pen Nib","Anchor"],"potions_floor_usage":[16,16,16,24,28,31,31],"damage_taken":[{"damage":0,"enemies":"Small Slimes","floor":1,"turns":1},{"damage":0,"enemies":"Cultist","floor":5,"turns":1},{"damage":0,"enemies":"Lagavulin","floor":7,"turns":1},{"damage":4,"enemies":"Jaw Worm","floor":8,"turns":3},{"damage":20,"enemies":"Exordium Thugs","floor":11,"turns":5},{"damage":0,"enemies":"Large Slime","floor":13,"turns":3},{"damage":55,"enemies":"Hexaghost","floor":16,"turns":13},{"damage":13,"enemies":"Spheric Guardian","floor":18,"turns":5},{"damage":28,"enemies":"3 Byrds","floor":20,"turns":7},{"damage":27,"enemies":"Centurion and Healer","floor":21,"turns":8},{"damage":17,"enemies":"Cultist and Chosen","floor":24,"turns":5},{"damage":33,"enemies":"Sentry and Sphere","floor":27,"turns":5},{"damage":15,"enemies":"Snake Plant","floor":28,"turns":3},{"damage":49,"enemies":"Chosen and Byrds","floor":31,"turns":5}],"seed_played":"-6296079448933899823","potions_obtained":[{"floor":5,"key":"Weak Potion"},{"floor":11,"key":"Dexterity Potion"},{"floor":12,"key":"Regen Potion"},{"floor":12,"key":"LiquidBronze"},{"floor":16,"key":"PowerPotion"},{"floor":20,"key":"Ancient Potion"},{"floor":21,"key":"SkillPotion"},{"floor":28,"key":"Regen Potion"}],"is_trial":false,"path_per_floor":["M","?","$","?","M","R","E","M","T","$","M","?","M","$","R","B",null,"M","?","M","M","?","R","M","R","T","M","M","?","?"],"character_chosen":"IRONCLAD","items_purchased":["Clothesline","Shrug It Off+1","Inflame","Shrug It Off+1"],"campfire_rested":2,"item_purchase_floors":[3,10,10,14],"current_hp_per_floor":[78,78,78,78,80,80,80,80,80,80,66,66,72,72,72,37,69,62,62,40,19,19,43,32,56,56,29,20,20,20,0],"gold":351,"neow_bonus":"THREE_ENEMY_KILL","is_prod":false,"is_daily":false,"chose_seed":false,"campfire_upgraded":2,"win_rate":0,"timestamp":1531790220,"path_taken":["M","?","$","?","?","R","E","M","T","$","M","?","M","?","R","BOSS","M","?","M","M","?","R","M","R","T","?","M","?","?","M"],"build_version":"2018-07-12","purchased_purges":1,"victory":false,"max_hp_per_floor":[80,80,80,80,80,80,80,80,80,80,80,80,80,80,80,80,80,80,80,80,80,80,80,80,80,80,80,80,80,80,80],"card_choices":[{"not_picked":["Wild Strike","Sword Boomerang"],"picked":"Clash","floor":1},{"not_picked":["Seeing Red","Rupture","Havoc"],"picked":"SKIP","floor":5},{"not_picked":["Anger","Whirlwind"],"picked":"Flame Barrier","floor":7},{"not_picked":["Armaments","Heavy Blade","Warcry"],"picked":"SKIP","floor":8},{"not_picked":["Warcry+1","Havoc+1"],"picked":"Immolate","floor":11},{"not_picked":["Clothesline","True Grit+1"],"picked":"Flex+1","floor":13},{"not_picked":["Exhume+1","Dark Embrace"],"picked":"Bludgeon","floor":16},{"not_picked":["Burning Pact+1","Armaments+1"],"picked":"Evolve","floor":18},{"not_picked":["Anger","Combust+1"],"picked":"Inflame","floor":20},{"not_picked":["Infernal Blade+1","Whirlwind"],"picked":"Clash+1","floor":21},{"not_picked":["Fire Breathing","Wild Strike+1"],"picked":"Inflame+1","floor":24},{"not_picked":["True Grit+1","Headbutt","Body Slam+1"],"picked":"SKIP","floor":27},{"not_picked":["Havoc+1","Twin Strike","Iron Wave+1"],"picked":"SKIP","floor":28}],"player_experience":1158690,"relics_obtained":[{"floor":7,"key":"Lantern"},{"floor":9,"key":"Toxic Egg 2"},{"floor":26,"key":"Pen Nib"}],"event_choices":[{"event_name":"Living Wall","player_choice":"Forget","floor":2,"damage_taken":0},{"event_name":"Shining Light","player_choice":"Ignored","floor":4,"damage_taken":0},{"event_name":"The Lab","player_choice":"Got Potions","floor":12,"damage_taken":0},{"event_name":"Drug Dealer","player_choice":"Ignored","floor":19,"damage_taken":0},{"event_name":"Golden Shrine","player_choice":"Pray","floor":22,"damage_taken":0},{"event_name":"The Mausoleum","player_choice":"Yes","floor":29,"damage_taken":0},{"event_name":"Forgotten Altar","player_choice":"Smashed Altar","floor":30,"damage_taken":0}],"boss_relics":[{"not_picked":["Eternal Feather","Orrery"],"picked":"Empty Cage"}],"items_purged_floors":[3],"is_endless":false,"potions_floor_spawned":[5,11,13,16,20,21,28],"killed_by":"Chosen and Byrds","ascension_level":7}