{"path_per_floor":["M","?","?","M","M","E","R","$","T","R","?","M","M","M","R","B",null,"M","?","M","?","M","R","$","M","T","E","?","R","?","M","R"],"character_chosen":"IRONCLAD","items_purchased":["Bottled Flame","Madness"],"gold_per_floor":[116,116,116,130,148,183,183,108,162,162,192,207,227,243,243,342,342,362,287,307,457,476,476,136,152,152,181,181,181,181,195,195,195],"floor_reached":33,"campfire_rested":4,"playtime":2086,"item_purchase_floors":[24,24],"current_hp_per_floor":[80,85,85,80,85,73,73,73,73,73,59,61,60,58,83,66,85,71,71,57,57,56,81,81,69,69,26,10,35,35,26,51,0],"items_purged":["Strike_R"],"gold":195,"score":267,"play_id":"9e641db9-5d24-4eba-bb12-9b4f4e622428","local_time":"20180612183926","is_prod":false,"is_daily":false,"chose_seed":false,"is_ascension_mode":false,"campfire_upgraded":2,"win_rate":0,"timestamp":1528843166,"campfire_choices":[{"data":"Body Slam","floor":7.0,"key":"SMITH"},{"data":"Rage","floor":10.0,"key":"SMITH"},{"floor":15.0,"key":"REST"},{"floor":23.0,"key":"REST"},{"floor":29,"key":"REST"},{"floor":32,"key":"REST"}],"path_taken":["M","?","?","M","?","E","R","$","T","R","?","M","M","?","R","BOSS","M","?","?","?","M","R","$","M","T","E","?","R","?","?","R","BOSS"],"build_version":"2018-06-07v3","seed_source_timestamp":0,"purchased_purges":1,"victory":false,"master_deck":["Strike_R","Strike_R","Strike_R","Defend_R","Defend_R","Defend_R","Defend_R","Bash","Ghostly Armor","Carnage","Bash","Shrug It Off","Rage+1","Body Slam+1","Thunderclap","Offering","Shrug It Off","Immolate","Ghostly Armor","Flame Barrier","Cleave","Madness","Body Slam","Double Tap+1","Shrug It Off+1","Whirlwind+1"],"max_hp_per_floor":[80,85,85,85,85,85,85,85,85,85,85,85,85,85,85,85,85,85,85,85,85,85,85,85,85,85,85,85,85,85,85,85,85],"relics":["Burning Blood","Oddly Smooth Stone","Tiny Chest","Odd Mushroom","Mark of Pain","Bottled Flame","Toxic Egg 2","Prayer Wheel","Nilry\u0027s Codex"],"card_choices":[{"not_picked":["Twin Strike","Wild Strike"],"picked":"Ghostly Armor","floor":0.0},{"not_picked":["Clash","Pommel Strike"],"picked":"Carnage","floor":1.0},{"not_picked":["Heavy Blade","Flex"],"picked":"Shrug It Off","floor":4.0},{"not_picked":["Spot Weakness","Corruption"],"picked":"Rage","floor":5.0},{"not_picked":["Havoc","Searing Blow"],"picked":"Body Slam","floor":6.0},{"not_picked":["Power Through","Dropkick"],"picked":"Thunderclap","floor":12.0},{"not_picked":["Battle Trance","Twin Strike"],"picked":"Offering","floor":13.0},{"not_picked":["Headbutt","Perfected Strike"],"picked":"Shrug It Off","floor":14.0},{"not_picked":["Brutality","Limit Break"],"picked":"Immolate","floor":16.0},{"not_picked":["Flex","Clothesline"],"picked":"Ghostly Armor","floor":18.0},{"not_picked":["Anger","Twin Strike"],"picked":"Flame Barrier","floor":20.0},{"not_picked":["Sword Boomerang","Uppercut"],"picked":"Cleave","floor":22.0},{"not_picked":["Clothesline","Corruption+1"],"picked":"Body Slam","floor":25},{"not_picked":["Perfected Strike+1","Pommel Strike"],"picked":"Double Tap+1","floor":27},{"not_picked":["Hemokinesis+1","Anger+1"],"picked":"Shrug It Off+1","floor":31},{"not_picked":["Armaments+1","Clash"],"picked":"Whirlwind+1","floor":31}],"player_experience":503701,"potions_floor_usage":[25,33,33],"damage_taken":[{"damage":0.0,"enemies":"Cultist","floor":1.0,"turns":3.0},{"damage":11.0,"enemies":"Jaw Worm","floor":4.0,"turns":2.0},{"damage":1.0,"enemies":"Small Slimes","floor":5.0,"turns":3.0},{"damage":18.0,"enemies":"3 Sentries","floor":6.0,"turns":8.0},{"damage":20.0,"floor":11.0,"turns":6.0},{"damage":4.0,"enemies":"Red Slaver","floor":12.0,"turns":4.0},{"damage":7.0,"enemies":"Exordium Wildlife","floor":13.0,"turns":3.0},{"damage":8.0,"enemies":"Exordium Thugs","floor":14.0,"turns":4.0},{"damage":23.0,"enemies":"Hexaghost","floor":16.0,"turns":8.0},{"damage":20.0,"enemies":"3 Byrds","floor":18.0,"turns":4.0},{"damage":20.0,"enemies":"2 Thieves","floor":20.0,"turns":3.0},{"damage":15.0,"enemies":"Chosen and Byrds","floor":22.0,"turns":6.0},{"damage":18,"enemies":"Sentry and Sphere","floor":25,"turns":6},{"damage":49,"enemies":"Gremlin Leader","floor":27,"turns":7},{"damage":15,"enemies":"Snake Plant","floor":31,"turns":4},{"damage":53,"enemies":"Collector","floor":33,"turns":9}],"relics_obtained":[{"floor":6.0,"key":"Oddly Smooth Stone"},{"floor":9.0,"key":"Tiny Chest"},{"floor":11.0,"key":"Odd Mushroom"},{"floor":26,"key":"Toxic Egg 2"},{"floor":27,"key":"Prayer Wheel"},{"floor":28,"key":"Nilry\u0027s Codex"}],"event_choices":[{"event_name":"Big Fish","player_choice":"Donut","floor":2.0,"damage_taken":0.0},{"event_name":"Match and Keep!","player_choice":"1 cards matched","floor":3.0,"damage_taken":0.0},{"event_name":"Mushrooms","player_choice":"Fought Mushrooms","floor":11.0,"damage_taken":0.0},{"event_name":"Beggar","player_choice":"Gave Gold","floor":19.0,"damage_taken":0.0},{"event_name":"Nest","player_choice":"Stole From Cult","floor":21.0,"damage_taken":0.0},{"event_name":"Cursed Tome","player_choice":"Obtained Book","floor":28,"damage_taken":0},{"event_name":"The Mausoleum","player_choice":"No","floor":30,"damage_taken":0}],"boss_relics":[{"not_picked":["Busted Crown","Velvet Choker"],"picked":"Mark of Pain"}],"items_purged_floors":[],"potions_floor_spawned":[4,5,13,14,18,20,22,31],"seed_played":"2200218335724658811","killed_by":"Collector","ascension_level":0,"potions_obtained":[{"floor":4.0,"key":"FearPotion"},{"floor":5.0,"key":"EssenceOfSteel"},{"floor":13.0,"key":"EntropicBrew"},{"floor":14.0,"key":"LiquidBronze"},{"floor":18.0,"key":"Block Potion"},{"floor":20.0,"key":"BloodPotion"},{"floor":22.0,"key":"Poison Potion"},{"floor":31,"key":"AttackPotion"}],"is_trial":false}