{"gold_per_floor":[109,129,144,160,160,171,171,184,207,233,233,253,253,268,268,368,368,381,381,392,392,392,392,410,438,465,465,482,493,493,217,217,313,313,325,338,354,401,99,99,58,68,68,88,88,123,141,156,156,156,156,156,31,61,61],"floor_reached":55,"playtime":4282,"items_purged":["Armaments+1","Strike_R+1","Strike_R+1"],"score":776,"play_id":"c4db49f4-16ff-41ee-b423-cc0d84728f63","local_time":"20190212205242","is_ascension_mode":true,"campfire_choices":[{"data":"Bash","floor":7,"key":"SMITH"},{"data":"Clothesline","floor":11,"key":"SMITH"},{"data":"Twin Strike","floor":13,"key":"SMITH"},{"data":"Body Slam","floor":15,"key":"SMITH"},{"floor":23,"key":"REST"},{"floor":30,"key":"REST"},{"floor":32,"key":"RECALL"},{"floor":40,"key":"REST"},{"data":"Demon Form","floor":45,"key":"SMITH"},{"floor":49,"key":"REST"},{"floor":52,"key":"REST"}],"neow_cost":"TEN_PERCENT_HP_LOSS","seed_source_timestamp":7905874043348,"circlet_count":0,"master_deck":["Strike_R+1","Strike_R+1","Strike_R+1","Defend_R+1","Defend_R+1","Defend_R+1","Defend_R+1","Bash+1","Clothesline+1","Twin Strike+1","Shrug It Off+1","Shrug It Off+1","Body Slam+1","Impervious+1","Ghostly Armor+1","Demon Form+1","Whirlwind+1","Flame Barrier+1","Metallicize+1","Battle Trance+1","Flame Barrier+1","True Grit+1"],"relics":["Burning Blood","Incense Burner","Toxic Egg 2","Centennial Puzzle","Philosopher\u0027s Stone","Enchiridion","Boot","Bronze Scales","MutagenicStrength","Medical Kit","Velvet Choker","Gambling Chip","ClockworkSouvenir","Paper Frog","Question Card","Sundial"],"potions_floor_usage":[4,8,24,33,37,38,55,55,55],"damage_taken":[{"damage":6,"enemies":"Cultist","floor":1,"turns":4},{"damage":5,"enemies":"Jaw Worm","floor":2,"turns":4},{"damage":4,"enemies":"Small Slimes","floor":3,"turns":5},{"damage":6,"enemies":"2 Fungi Beasts","floor":4,"turns":3},{"damage":5,"enemies":"3 Louse","floor":6,"turns":4},{"damage":0,"enemies":"Large Slime","floor":8,"turns":3},{"damage":34,"enemies":"Lagavulin","floor":10,"turns":7},{"damage":9,"enemies":"Exordium Thugs","floor":12,"turns":6},{"damage":10,"enemies":"Red Slaver","floor":14,"turns":5},{"damage":15,"enemies":"The Guardian","floor":16,"turns":13},{"damage":1,"enemies":"Spheric Guardian","floor":18,"turns":3},{"damage":0,"enemies":"Shell Parasite","floor":20,"turns":3},{"damage":0,"enemies":"Snake Plant","floor":24,"turns":4},{"damage":52,"enemies":"Slavers","floor":25,"turns":7},{"damage":0,"enemies":"Centurion and Healer","floor":28,"turns":4},{"damage":0,"enemies":"Sentry and Sphere","floor":29,"turns":4},{"damage":35,"enemies":"Champ","floor":33,"turns":15},{"damage":9,"enemies":"3 Shapes","floor":35,"turns":4},{"damage":0,"enemies":"Orb Walker","floor":36,"turns":2},{"damage":13,"enemies":"Jaw Worm Horde","floor":37,"turns":4},{"damage":40,"enemies":"2 Orb Walkers","floor":38,"turns":4},{"damage":1,"enemies":"4 Shapes","floor":42,"turns":6},{"damage":0,"enemies":"Sphere and 2 Shapes","floor":44,"turns":2},{"damage":11,"enemies":"Giant Head","floor":46,"turns":7},{"damage":0,"enemies":"Jaw Worm Horde","floor":47,"turns":3},{"damage":5,"enemies":"Maw","floor":48,"turns":6},{"damage":39,"enemies":"Time Eater","floor":50,"turns":9},{"damage":17,"enemies":"Shield and Spear","floor":54,"turns":6},{"damage":62,"enemies":"The Heart","floor":55,"turns":6}],"seed_played":"-7213923749999272061","potions_obtained":[{"floor":1,"key":"Fire Potion"},{"floor":4,"key":"AttackPotion"},{"floor":10,"key":"BloodPotion"},{"floor":12,"key":"Block Potion"},{"floor":25,"key":"SkillPotion"},{"floor":28,"key":"Ancient Potion"},{"floor":33,"key":"AttackPotion"},{"floor":38,"key":"Explosive Potion"},{"floor":48,"key":"LiquidBronze"},{"floor":54,"key":"Dexterity Potion"}],"is_trial":false,"path_per_floor":["M","M","M","M","?","M","R","M","T","E","R","M","R","M","R","B",null,"M","?","M","?","?","R","M","E","T","?","M","M","R","$","R","B",null,"M","M","M","?","$","R","$","M","T","M","R","E","M","M","R","B",null,"R","$","E","B"],"character_chosen":"IRONCLAD","items_purchased":["Medical Kit","ClockworkSouvenir","Battle Trance+1"],"campfire_rested":5,"item_purchase_floors":[31,39,41],"current_hp_per_floor":[72,72,72,72,54,55,55,61,61,33,33,30,30,26,26,17,72,72,56,62,62,62,72,72,26,26,26,32,38,59,59,59,30,72,69,72,65,38,38,59,59,64,64,70,70,65,71,72,72,39,72,72,72,61,0],"gold":61,"neow_bonus":"ONE_RARE_RELIC","is_prod":false,"is_daily":false,"chose_seed":false,"campfire_upgraded":5,"win_rate":0,"timestamp":1550026362,"path_taken":["M","M","M","?","?","M","R","M","T","E","R","M","R","M","R","BOSS","M","?","M","?","?","R","M","E","T","?","M","M","R","$","R","BOSS","M","M","M","?","$","R","?","?","T","M","R","E","M","M","R","BOSS","R","$","E","BOSS"],"build_version":"2019-02-06","purchased_purges":3,"victory":false,"max_hp_per_floor":[72,72,72,72,72,72,72,72,72,72,72,72,72,72,72,72,72,72,72,72,72,72,72,72,72,72,72,72,72,72,72,72,72,72,72,72,72,72,72,72,72,72,72,72,72,72,72,72,72,72,72,72,72,72,72],"card_choices":[{"not_picked":["Shockwave","Heavy Blade","Armaments"],"picked":"SKIP","floor":1},{"not_picked":["Pommel Strike","Sever Soul","Headbutt"],"picked":"SKIP","floor":2},{"not_picked":["Hemokinesis","Thunderclap"],"picked":"Clothesline","floor":3},{"not_picked":["Pommel Strike","Limit Break"],"picked":"Twin Strike","floor":4},{"not_picked":["Wild Strike","Perfected Strike","Cleave"],"picked":"SKIP","floor":6},{"not_picked":["Infernal Blade+1","Corruption"],"picked":"Shrug It Off+1","floor":8},{"not_picked":["Blood for Blood","Headbutt"],"picked":"Shrug It Off+1","floor":10},{"not_picked":["Sentinel+1","Pummel","Iron Wave"],"picked":"SKIP","floor":12},{"not_picked":["Iron Wave","Sword Boomerang"],"picked":"Body Slam","floor":14},{"not_picked":["Bludgeon","Dark Embrace"],"picked":"Impervious+1","floor":16},{"not_picked":["Pommel Strike","Heavy Blade"],"picked":"Armaments+1","floor":18},{"not_picked":["Carnage","Anger","Sword Boomerang"],"picked":"SKIP","floor":20},{"not_picked":["Inflame","Armaments+1","Pommel Strike"],"picked":"SKIP","floor":24},{"not_picked":["Sentinel+1","Seeing Red+1","Reckless Charge"],"picked":"SKIP","floor":25},{"not_picked":["Thunderclap","Headbutt","Iron Wave"],"picked":"SKIP","floor":28},{"not_picked":["Searing Blow","Rage+1"],"picked":"Ghostly Armor+1","floor":29},{"not_picked":["Double Tap+1","Reaper"],"picked":"Demon Form","floor":33},{"not_picked":["Intimidate+1","Armaments+1"],"picked":"Whirlwind+1","floor":35},{"not_picked":["Armaments+1","Body Slam","Clothesline+1"],"picked":"SKIP","floor":36},{"not_picked":["Inflame+1","Whirlwind"],"picked":"Flame Barrier+1","floor":37},{"not_picked":["Warcry+1","Headbutt"],"picked":"Metallicize+1","floor":38},{"not_picked":["Second Wind+1","Armaments+1"],"picked":"Flame Barrier+1","floor":42},{"not_picked":["Cleave","Anger+1","Intimidate+1"],"picked":"SKIP","floor":44},{"not_picked":["Demon Form","Rage+1","Armaments+1"],"picked":"SKIP","floor":46},{"not_picked":["Reckless Charge","Intimidate+1","Combust","Pommel Strike"],"picked":"SKIP","floor":47},{"not_picked":["Second Wind+1","Shrug It Off+1","Clothesline"],"picked":"True Grit+1","floor":48},{"not_picked":["Double Tap+1","Wild Strike","Thunderclap","Demon Form"],"picked":"SKIP","floor":54}],"player_experience":123319,"relics_obtained":[{"floor":10,"key":"Centennial Puzzle"},{"floor":19,"key":"Enchiridion"},{"floor":25,"key":"Boot"},{"floor":26,"key":"Bronze Scales"},{"floor":38,"key":"Gambling Chip"},{"floor":43,"key":"Paper Frog"},{"floor":46,"key":"Question Card"},{"floor":54,"key":"Sundial"}],"event_choices":[{"damage_healed":0,"gold_gain":0,"player_choice":"Success","damage_taken":18,"relics_obtained":["Toxic Egg 2"],"max_hp_gain":0,"max_hp_loss":0,"event_name":"Scrap Ooze","floor":5,"gold_loss":0},{"damage_healed":0,"gold_gain":0,"player_choice":"Obtained Book","damage_taken":16,"max_hp_gain":0,"max_hp_loss":0,"event_name":"Cursed Tome","floor":19,"gold_loss":0},{"damage_healed":0,"gold_gain":0,"player_choice":"Simplicity","damage_taken":0,"max_hp_gain":0,"max_hp_loss":0,"event_name":"Back to Basics","floor":21,"gold_loss":0,"cards_upgraded":["Strike_R","Strike_R","Strike_R","Strike_R","Strike_R","Defend_R","Defend_R","Defend_R","Defend_R"]},{"damage_healed":0,"gold_gain":0,"player_choice":"Ignored","damage_taken":0,"max_hp_gain":0,"max_hp_loss":0,"event_name":"The Mausoleum","floor":22,"gold_loss":0},{"damage_healed":0,"gold_gain":0,"player_choice":"Inject Mutagens","damage_taken":0,"relics_obtained":["MutagenicStrength"],"max_hp_gain":0,"max_hp_loss":0,"event_name":"Drug Dealer","floor":27,"gold_loss":0},{"damage_healed":0,"gold_gain":0,"player_choice":"Fight","damage_taken":0,"max_hp_gain":0,"max_hp_loss":0,"event_name":"Mysterious Sphere","floor":38,"gold_loss":0}],"is_beta":true,"boss_relics":[{"not_picked":["Sozu","Mark of Pain"],"picked":"Philosopher\u0027s Stone"},{"not_picked":["Lizard Tail","Empty Cage"],"picked":"Velvet Choker"}],"items_purged_floors":[31,39,53],"is_endless":false,"potions_floor_spawned":[1,4,10,12,25,28,33,36,38,48,54],"killed_by":"The Heart","ascension_level":3}