{"gold_per_floor":[113,125,49,49,49,377,395,395,395,395,32,32,46,64,64,142,142,158,173,16,16,16,16,33,33,102,102,102,121,54,73,73,150,150,161,0,0,54,68,68,68,68,93,112,112,126,138,151,151,151],"floor_reached":50,"playtime":1892,"items_purged":["Strike_B"],"score":799,"play_id":"c9ee585a-4310-4c24-a328-dc8f5c9da02a","local_time":"20190203133523","is_ascension_mode":true,"campfire_choices":[{"floor":8,"key":"REST"},{"data":"Zap","floor":10,"key":"SMITH"},{"data":"Fission","floor":15,"key":"SMITH"},{"data":"Go for the Eyes","floor":23,"key":"SMITH"},{"data":"Glacier","floor":25,"key":"SMITH"},{"data":"Conserve Battery","floor":27,"key":"SMITH"},{"floor":32,"key":"REST"},{"data":"Dualcast","floor":40,"key":"SMITH"},{"data":"Auto Shields","floor":42,"key":"SMITH"},{"data":"All For One","floor":45,"key":"SMITH"},{"floor":49,"key":"REST"}],"neow_cost":"NONE","seed_source_timestamp":962999104172355,"circlet_count":0,"master_deck":["AscendersBane","Strike_B+1","Strike_B+1","Defend_B","Defend_B","Defend_B","Defend_B","Zap+1","Dualcast+1","Go for the Eyes+1","FTL","Rip and Tear","Ball Lightning","All For One+1","Conserve Battery+1","Fission+1","Electrodynamics","Glacier+1","Ball Lightning+1","Auto Shields+1","Hologram","Master of Strategy","White Noise","Thunder Strike"],"special_seed":0,"relics":["Cracked Core","Strawberry","Old Coin","Singing Bowl","Ancient Tea Set","Eternal Feather","DataDisk","Mercury Hourglass","Sozu","Red Mask","Dead Branch","Happy Flower"],"potions_floor_usage":[18,19,33,33,38],"damage_taken":[{"damage":7.0,"enemies":"Small Slimes","floor":1.0,"turns":3.0},{"damage":1.0,"enemies":"2 Louse","floor":2.0,"turns":3.0},{"damage":30,"enemies":"3 Sentries","floor":6,"turns":8},{"damage":0,"enemies":"Cultist","floor":7,"turns":3},{"damage":2,"enemies":"Looter","floor":13,"turns":3},{"damage":3,"enemies":"Exordium Thugs","floor":14,"turns":3},{"damage":25,"enemies":"The Guardian","floor":16,"turns":12},{"damage":7,"enemies":"2 Thieves","floor":18,"turns":3},{"damage":8,"enemies":"3 Byrds","floor":19,"turns":3},{"damage":8,"enemies":"3 Cultists","floor":24,"turns":3},{"damage":6,"enemies":"Centurion and Healer","floor":29,"turns":3},{"damage":23,"enemies":"Shelled Parasite and Fungi","floor":31,"turns":5},{"damage":5,"enemies":"Collector","floor":33,"turns":11},{"damage":15,"enemies":"3 Shapes","floor":35,"turns":2},{"damage":35,"enemies":"2 Orb Walkers","floor":38,"turns":5},{"damage":0,"enemies":"Orb Walker","floor":39,"turns":2},{"damage":0,"enemies":"Spire Growth","floor":44,"turns":5},{"damage":11,"enemies":"3 Darklings","floor":46,"turns":3},{"damage":15,"enemies":"4 Shapes","floor":47,"turns":4},{"damage":31,"enemies":"Sphere and 2 Shapes","floor":48,"turns":4},{"damage":61,"enemies":"Time Eater","floor":50,"turns":4}],"seed_played":"-4941229942340175383","potions_obtained":[{"floor":2.0,"key":"FairyPotion"},{"floor":6,"key":"SteroidPotion"},{"floor":14,"key":"Ancient Potion"},{"floor":16,"key":"Block Potion"},{"floor":18,"key":"AttackPotion"},{"floor":24,"key":"PowerPotion"},{"floor":33,"key":"Ancient Potion"}],"is_trial":false,"path_per_floor":["M","M","$","?","?","E","M","R","T","R","$","?","M","M","R","B",null,"M","M","$","?","$","R","M","R","T","R","?","M","$","M","R","B",null,"M","?","$","?","M","R","?","R","T","M","R","M","M","M","R","B"],"character_chosen":"DEFECT","items_purchased":["FTL","Ancient Tea Set","All For One","DataDisk","Auto Shields"],"campfire_rested":3,"item_purchase_floors":[3,11,11,20,30],"current_hp_per_floor":[64,63,63,40,40,10,10,33,33,33,33,33,31,28,28,3,59,54,48,48,48,48,57,49,58,58,67,67,61,61,40,77,74,83,70,70,70,35,37,49,49,61,61,63,75,64,51,20,60,0],"gold":151,"neow_bonus":"RANDOM_COMMON_RELIC","is_prod":false,"is_daily":false,"chose_seed":false,"campfire_upgraded":8,"win_rate":0,"timestamp":1549168523,"path_taken":["M","M","$","?","?","E","?","R","T","R","$","?","M","M","R","BOSS","M","M","$","?","?","R","M","R","T","R","?","M","$","M","R","BOSS","M","?","$","?","M","R","?","R","T","?","R","?","M","M","R","BOSS"],"build_version":"2019-01-23","purchased_purges":1,"victory":false,"max_hp_per_floor":[78,78,78,78,78,78,78,78,78,78,78,78,78,78,78,78,78,80,82,82,82,82,82,82,82,82,82,82,82,82,84,84,86,86,88,88,88,88,90,90,90,90,90,92,92,92,94,94,94,94],"card_choices":[{"not_picked":["Rebound","Darkness"],"picked":"Go for the Eyes","floor":1.0},{"not_picked":["Redo","Coolheaded","Stack"],"picked":"SKIP","floor":2.0},{"not_picked":["Sweeping Beam","Beam Cell"],"picked":"Rip and Tear","floor":6},{"not_picked":["Steam","Cold Snap"],"picked":"Ball Lightning","floor":7},{"not_picked":["Compile Driver","Redo"],"picked":"Conserve Battery","floor":13},{"not_picked":["Storm","Aggregate"],"picked":"Fission","floor":14},{"not_picked":["Machine Learning","Fission"],"picked":"Electrodynamics","floor":16},{"not_picked":["Recycle","Redo","Compile Driver"],"picked":"Singing Bowl","floor":18},{"not_picked":["Stack","Go for the Eyes","Streamline"],"picked":"Singing Bowl","floor":19},{"not_picked":["Conserve Battery","Steam"],"picked":"Glacier","floor":24},{"not_picked":["Hello World","Rebound"],"picked":"Ball Lightning+1","floor":29},{"not_picked":["Cold Snap","Turbo","Stack"],"picked":"Singing Bowl","floor":31},{"not_picked":["Amplify","Multi-Cast","All For One"],"picked":"Singing Bowl","floor":33},{"not_picked":["Beam Cell+1","Cold Snap","Go for the Eyes"],"picked":"Singing Bowl","floor":35},{"not_picked":["Ball Lightning","Skim"],"picked":"Hologram","floor":38},{"not_picked":["Steam","Ball Lightning","Sweeping Beam"],"picked":"Singing Bowl","floor":39},{"not_picked":["Discovery","Good Instincts"],"picked":"Master of Strategy","floor":41},{"not_picked":["Gash","Rebound+1","Beam Cell"],"picked":"Singing Bowl","floor":44},{"not_picked":["Steam+1","Barrage+1"],"picked":"White Noise","floor":46},{"not_picked":["Redo","Sweeping Beam+1","Gash"],"picked":"Singing Bowl","floor":47},{"not_picked":["Streamline+1","Conserve Battery+1"],"picked":"Thunder Strike","floor":48}],"player_experience":455036,"relics_obtained":[{"floor":6,"key":"Old Coin"},{"floor":9,"key":"Singing Bowl"},{"floor":26,"key":"Mercury Hourglass"},{"floor":38,"key":"Dead Branch"},{"floor":43,"key":"Happy Flower"}],"event_choices":[{"damage_healed":0.0,"max_hp_gain":0.0,"max_hp_loss":0.0,"gold_gain":0.0,"event_name":"Shining Light","player_choice":"Entered Light","floor":4.0,"gold_loss":0.0,"damage_taken":23.0,"cards_upgraded":["Strike_B","Strike_B"]},{"damage_healed":0,"gold_gain":0,"player_choice":"Leave","damage_taken":0,"max_hp_gain":0,"max_hp_loss":0,"event_name":"FaceTrader","floor":5,"gold_loss":0},{"damage_healed":0,"gold_gain":0,"player_choice":"Fled","damage_taken":0,"max_hp_gain":0,"max_hp_loss":0,"event_name":"Scrap Ooze","floor":12,"gold_loss":0},{"cards_removed":["Strike_B"],"damage_healed":0,"gold_gain":0,"player_choice":"Purged","damage_taken":0,"max_hp_gain":0,"max_hp_loss":0,"event_name":"Purifier","floor":21,"gold_loss":0},{"damage_healed":0,"gold_gain":0,"player_choice":"Ignored","damage_taken":0,"max_hp_gain":0,"max_hp_loss":0,"event_name":"The Mausoleum","floor":28,"gold_loss":0},{"damage_healed":0,"gold_gain":0,"player_choice":"Paid","damage_taken":0,"relics_obtained":["Red Mask"],"max_hp_gain":0,"max_hp_loss":0,"event_name":"Tomb of Lord Red Mask","floor":36,"gold_loss":161},{"damage_healed":0,"gold_gain":0,"player_choice":"Fight","damage_taken":0,"max_hp_gain":0,"max_hp_loss":0,"event_name":"Mysterious Sphere","floor":38,"gold_loss":0},{"damage_healed":0,"gold_gain":0,"player_choice":"Memory 1","damage_taken":0,"max_hp_gain":0,"max_hp_loss":0,"event_name":"SensoryStone","floor":41,"gold_loss":0}],"is_beta":false,"boss_relics":[{"not_picked":["Fusion Hammer","Philosopher\u0027s Stone"],"picked":"Eternal Feather"},{"not_picked":["FrozenCore","Coffee Dripper"],"picked":"Sozu"}],"items_purged_floors":[11],"is_endless":false,"potions_floor_spawned":[2,6,14,16,18,24,31,33,35,39,47],"killed_by":"Time Eater","ascension_level":15}