{"path_per_floor":["M","?","?","$","T","R","M","R","T","R","M","M","?","M","R"],"character_chosen":"IRONCLAD","items_purchased":["Corruption"],"gold_per_floor":[113,113,113,37,86,86,98,98,98,98,109,124,124,142,142,142],"floor_reached":16,"campfire_rested":1,"playtime":437,"item_purchase_floors":[4],"current_hp_per_floor":[75,59,59,59,59,80,80,80,80,80,80,74,74,74,74,0],"items_purged":[],"gold":142,"score":90,"play_id":"ef955a43-d77d-4ad3-8f8a-c920fe355beb","local_time":"20180523170421","is_prod":false,"is_daily":false,"chose_seed":false,"is_ascension_mode":false,"campfire_upgraded":3,"win_rate":0.0,"timestamp":1527113061,"campfire_choices":[{"floor":6,"key":"REST"},{"data":"Corruption","floor":8,"key":"SMITH"},{"data":"Intimidate","floor":10,"key":"SMITH"},{"data":"Defend_R","floor":15,"key":"SMITH"}],"path_taken":["M","?","?","?","?","R","M","R","T","R","M","?","?","M","R","BOSS"],"build_version":"2018-05-22","seed_source_timestamp":58177522692814,"purchased_purges":0,"victory":false,"master_deck":["Strike_R","Strike_R+1","Strike_R","Strike_R","Strike_R","Defend_R+1","Defend_R+1","Defend_R","Bash","Dark Embrace+1","Corruption+1","Intimidate+1","Injury"],"max_hp_per_floor":[80,80,80,80,80,80,80,80,80,80,80,80,80,80,80,80],"relics":["Burning Blood","Happy Flower","Champion Belt"],"card_choices":[{"not_picked":["Armaments","Fire Breathing","Perfected Strike"],"picked":"SKIP","floor":1},{"not_picked":["Heavy Blade","Warcry"],"picked":"Intimidate","floor":7},{"not_picked":["Flex","Twin Strike","Cleave"],"picked":"SKIP","floor":11},{"not_picked":["Clash","Dual Wield","Clothesline"],"picked":"SKIP","floor":12},{"not_picked":["Sword Boomerang","Battle Trance","Heavy Blade"],"picked":"SKIP","floor":14}],"player_experience":131832,"potions_floor_usage":[],"damage_taken":[{"damage":11,"enemies":"Jaw Worm","floor":1,"turns":4},{"damage":0,"enemies":"Small Slimes","floor":7,"turns":4},{"damage":0,"enemies":"2 Louse","floor":11,"turns":3},{"damage":12,"enemies":"Exordium Wildlife","floor":12,"turns":4},{"damage":6,"enemies":"Looter","floor":14,"turns":4},{"damage":79,"enemies":"The Guardian","floor":16,"turns":14}],"relics_obtained":[{"floor":5,"key":"Happy Flower"},{"floor":9,"key":"Champion Belt"}],"event_choices":[{"event_name":"Shining Light","player_choice":"Entered Light","floor":2,"damage_taken":0},{"event_name":"Golden Idol","player_choice":"Ignored","floor":3,"damage_taken":0},{"event_name":"Accursed Blacksmith","player_choice":"Forge","floor":13,"damage_taken":0}],"boss_relics":[],"items_purged_floors":[],"potions_floor_spawned":[12],"seed_played":"-1942168006675543598","killed_by":"The Guardian","ascension_level":0,"potions_obtained":[{"floor":12,"key":"Strength Potion"}],"is_trial":false}