{"gold_per_floor":[111,111,128,54,69,97,97,107,107,107,138,138,138,154,154,226,226,238,254,17,17,17,17,48,65,65,14,14,31,31,31,31,105,105,118,128,128,483,483,483,494,494,494,510,510],"floor_reached":45,"playtime":2034,"items_purged":[],"score":1078,"play_id":"ede26083-0783-4216-9a69-75739460abd4","local_time":"20180715194023","is_ascension_mode":true,"campfire_choices":[{"data":"Noxious Fumes","floor":7,"key":"SMITH"},{"data":"Neutralize","floor":10,"key":"SMITH"},{"floor":15,"key":"REST"},{"data":"Cloak And Dagger","floor":23,"key":"SMITH"},{"floor":32,"key":"REST"},{"floor":40,"key":"REST"}],"neow_cost":"NONE","seed_source_timestamp":415837960463012,"circlet_count":0,"master_deck":["Defend_G+1","Defend_G+1","Defend_G+1","Defend_G+1","Defend_G+1","Strike_G+1","Strike_G+1","Strike_G+1","Strike_G+1","Survivor","Neutralize+1","AscendersBane","Predator+1","Escape Plan","Dash","Leg Sweep","Dagger Throw","Noxious Fumes+1","Dodge and Roll","Flying Knee","Blur","Cloak And Dagger+1","Backstab","Neutralize","Endless Agony","A Thousand Cuts+1","After Image","Finisher","Unload","PiercingWail","Blur"],"relics":["Ring of the Snake","Shuriken","Tingsha","Du-Vu Doll","Runic Dome","Bag of Preparation","Unceasing Top","Juzu Bracelet","Snecko Eye","Torii","Old Coin","Pear"],"potions_floor_usage":[11,14,16,19,24,33,33,38,38,38],"damage_taken":[{"damage":3,"enemies":"Jaw Worm","floor":1,"turns":7},{"damage":1,"enemies":"Cultist","floor":3,"turns":4},{"damage":0,"enemies":"Small Slimes","floor":5,"turns":4},{"damage":29,"enemies":"Lagavulin","floor":6,"turns":12},{"damage":0,"enemies":"3 Louse","floor":8,"turns":3},{"damage":0,"enemies":"3 Sentries","floor":11,"turns":7},{"damage":1,"enemies":"Large Slime","floor":14,"turns":4},{"damage":37,"enemies":"Slime Boss","floor":16,"turns":11},{"damage":9,"enemies":"Spheric Guardian","floor":18,"turns":6},{"damage":11,"enemies":"3 Byrds","floor":19,"turns":6},{"damage":14,"enemies":"Slavers","floor":24,"turns":6},{"damage":1,"enemies":"Centurion and Healer","floor":25,"turns":5},{"damage":0,"enemies":"Snecko","floor":29,"turns":4},{"damage":24,"enemies":"Champ","floor":33,"turns":11},{"damage":0,"enemies":"3 Shapes","floor":35,"turns":5},{"damage":16,"enemies":"Flame Bruiser 1 Orb","floor":36,"turns":6},{"damage":7,"floor":37,"turns":7},{"damage":6,"floor":38,"turns":3},{"damage":6,"enemies":"3 Darklings","floor":41,"turns":6},{"damage":7,"enemies":"Maw","floor":44,"turns":8},{"damage":46,"enemies":"Nemesis","floor":45,"turns":6}],"seed_played":"-5543066851970768897","potions_obtained":[{"floor":5,"key":"Weak Potion"},{"floor":8,"key":"AttackPotion"},{"floor":11,"key":"Block Potion"},{"floor":14,"key":"Weak Potion"},{"floor":19,"key":"Swift Potion"},{"floor":24,"key":"PowerPotion"},{"floor":25,"key":"Swift Potion"},{"floor":35,"key":"EntropicBrew"},{"floor":36,"key":"AttackPotion"},{"floor":44,"key":"Weak Potion"}],"is_trial":false,"path_per_floor":["M","?","M","$","M","E","R","M","T","R","E","?","?","M","R","B",null,"M","M","$","?","?","R","E","M","T","$","?","M","?","?","R","B",null,"M","M","?","?","?","R","M","?","T","M"],"character_chosen":"THE_SILENT","items_purchased":["Leg Sweep","Bag of Preparation","Backstab","Energy Potion"],"campfire_rested":3,"item_purchase_floors":[4,20,20,27],"current_hp_per_floor":[56,66,65,65,65,36,36,36,36,36,36,41,20,19,40,3,54,45,34,34,34,34,34,20,19,19,19,19,19,19,19,40,16,57,57,41,34,28,28,49,43,43,53,46,0],"gold":510,"neow_bonus":"TRANSFORM_CARD","is_prod":false,"is_daily":false,"chose_seed":false,"campfire_upgraded":3,"win_rate":0,"timestamp":1531676423,"path_taken":["M","?","M","$","M","E","R","M","T","R","E","?","?","M","R","BOSS","M","M","$","?","?","R","E","M","T","$","?","M","?","?","R","BOSS","M","M","?","?","?","R","M","?","T","M","E"],"build_version":"2018-07-12","purchased_purges":0,"victory":false,"max_hp_per_floor":[66,66,66,66,66,66,66,66,66,66,66,71,71,71,71,71,71,71,71,71,71,71,71,71,71,71,71,71,71,71,71,71,71,71,71,71,71,71,71,71,71,71,81,81,81],"card_choices":[{"not_picked":["Dodge and Roll","Bane"],"picked":"Escape Plan","floor":1},{"not_picked":["Blur","Setup"],"picked":"Dash","floor":3},{"not_picked":["Reflex","Eviscerate"],"picked":"Dagger Throw","floor":5},{"not_picked":["Grand Finale","Wraith Form v2"],"picked":"Noxious Fumes","floor":6},{"not_picked":["Bouncing Flask","Masterful Stab"],"picked":"Dodge and Roll","floor":8},{"not_picked":["Corpse Explosion","Outmaneuver","Backflip"],"picked":"SKIP","floor":11},{"not_picked":["Deadly Poison","Terror"],"picked":"Flying Knee","floor":14},{"not_picked":["Choke","Dagger Throw+1"],"picked":"Blur","floor":18},{"not_picked":["Deadly Poison","Dodge and Roll"],"picked":"Cloak And Dagger","floor":19},{"not_picked":["Dodge and Roll","Reflex"],"picked":"Endless Agony","floor":24},{"not_picked":["All Out Attack","Flying Knee"],"picked":"A Thousand Cuts","floor":25},{"not_picked":["Leg Sweep","Dagger Throw","Backflip"],"picked":"SKIP","floor":29},{"not_picked":["Tools of the Trade","Venomology"],"picked":"After Image","floor":33},{"not_picked":["PiercingWail","Acrobatics"],"picked":"Finisher","floor":35},{"not_picked":["Backflip","Sucker Punch"],"picked":"Quick Slash+1","floor":36},{"not_picked":["All Out Attack","Deadly Poison+1"],"picked":"Unload","floor":37},{"not_picked":["Acrobatics","Reflex"],"picked":"PiercingWail","floor":38},{"not_picked":["PiercingWail","Dagger Throw"],"picked":"Blur","floor":41},{"not_picked":["Prepared+1","Slice+1","Dagger Throw"],"picked":"SKIP","floor":44}],"player_experience":1043945,"relics_obtained":[{"floor":6,"key":"Shuriken"},{"floor":9,"key":"Tingsha"},{"floor":11,"key":"Du-Vu Doll"},{"floor":24,"key":"Unceasing Top"},{"floor":26,"key":"Juzu Bracelet"},{"floor":37,"key":"Torii"},{"floor":38,"key":"Old Coin"},{"floor":43,"key":"Pear"}],"event_choices":[{"event_name":"Wheel of Change","player_choice":"Full Heal","floor":2,"damage_taken":0},{"event_name":"Big Fish","player_choice":"Donut","floor":12,"damage_taken":0},{"event_name":"Shining Light","player_choice":"Entered Light","floor":13,"damage_taken":0},{"event_name":"Addict","player_choice":"Ignored","floor":21,"damage_taken":0},{"event_name":"Match and Keep!","player_choice":"1 cards matched","floor":22,"damage_taken":0},{"event_name":"Back to Basics","player_choice":"Simplicity","floor":28,"damage_taken":0},{"event_name":"Vampires","player_choice":"Ignored","floor":30,"damage_taken":0},{"event_name":"Upgrade Shrine","player_choice":"Upgraded","floor":31,"damage_taken":0},{"event_name":"MindBloom","player_choice":"Fight","floor":37,"damage_taken":0},{"event_name":"Mysterious Sphere","player_choice":"Fight","floor":38,"damage_taken":0},{"event_name":"SensoryStone","player_choice":"Memory 1","floor":39,"damage_taken":0},{"event_name":"Falling","player_choice":"Removed Attack","floor":42,"damage_taken":0}],"boss_relics":[{"not_picked":["Philosopher\u0027s Stone","Ring of the Serpent"],"picked":"Runic Dome"},{"not_picked":["Runic Pyramid","Velvet Choker"],"picked":"Snecko Eye"}],"items_purged_floors":[],"is_endless":false,"potions_floor_spawned":[5,8,11,14,19,24,25,29,35,36,44],"killed_by":"Nemesis","ascension_level":15}