{"path_per_floor":["M","?","$","M","M","R","M","R","T","?","M","M","E","$","R","B",null,"M","M","M","?","$","E","R","M","T","M","R","M","E","M","R"],"character_chosen":"THE_SILENT","items_purchased":["Choke","Prepared","Dash","Boot","Caltrops","Endless Agony","Escape Plan"],"gold_per_floor":[215,215,54,64,84,84,104,104,176,276,286,298,328,46,46,144,144,159,169,186,186,44,77,77,91,137,155,155,172,201,214,214,214],"floor_reached":33,"campfire_rested":5,"playtime":2283,"item_purchase_floors":[3,3,14,14,14,22,22],"current_hp_per_floor":[70,63,63,63,57,57,22,43,43,43,43,37,34,34,55,55,70,70,63,51,51,51,41,62,53,53,53,70,55,48,43,64,0],"items_purged":["Strike_G"],"gold":214,"score":341,"play_id":"f3f09a24-d2a5-41f2-aa2e-ba997517461f","local_time":"20180604131924","is_prod":false,"is_daily":false,"chose_seed":false,"is_ascension_mode":false,"campfire_upgraded":1,"win_rate":0.0,"timestamp":1528132764,"campfire_choices":[{"data":"Choke","floor":6,"key":"SMITH"},{"floor":8,"key":"REST"},{"floor":15,"key":"REST"},{"floor":24,"key":"REST"},{"floor":28,"key":"REST"},{"floor":32,"key":"REST"}],"path_taken":["M","?","$","M","M","R","M","R","T","?","?","M","E","?","R","BOSS","M","M","M","?","$","E","R","M","T","M","R","?","E","M","R","BOSS"],"build_version":"2018-05-31","seed_source_timestamp":326580017020610,"purchased_purges":1,"victory":false,"master_deck":["Defend_G","Defend_G","Defend_G","Defend_G","Defend_G","Strike_G","Strike_G","Strike_G","Strike_G","Survivor","Neutralize","Underhanded Strike","Choke+1","Prepared","Choke","Dagger Throw","Underhanded Strike","Dagger Spray","Quick Slash","Infinite Blades","Dash","Caltrops","Tools of the Trade","Underhanded Strike","Bouncing Flask+1","Accuracy","Endless Agony","Escape Plan","Terror","Backstab","After Image","Acrobatics","Deflect","Cloak And Dagger"],"max_hp_per_floor":[70,70,70,70,70,70,70,70,70,70,70,70,70,70,70,70,70,70,70,70,70,70,70,70,70,70,70,70,70,70,70,70,70],"relics":["Ring of the Snake","Lantern","Ninja Scroll","Mummified Hand","Boot","Sozu","Mercury Hourglass","Bronze Scales","Pen Nib","Oddly Smooth Stone"],"card_choices":[{"not_picked":["Bane","Quick Slash"],"picked":"Underhanded Strike","floor":1},{"not_picked":["Poisoned Stab","Cloak And Dagger"],"picked":"Choke","floor":4},{"not_picked":["Backflip","Outmaneuver"],"picked":"Dagger Throw","floor":5},{"not_picked":["Cloak And Dagger","Dash"],"picked":"Underhanded Strike","floor":7},{"not_picked":["Deflect","Calculated Gamble"],"picked":"Dagger Spray","floor":11},{"not_picked":["Riddle With Holes","Dodge and Roll"],"picked":"Quick Slash","floor":12},{"not_picked":["Masterful Stab","Caltrops"],"picked":"Infinite Blades","floor":13},{"not_picked":["Burst","Die Die Die"],"picked":"Tools of the Trade","floor":16},{"not_picked":["Accuracy","Dagger Throw"],"picked":"Underhanded Strike","floor":18},{"not_picked":["Dodge and Roll","Dagger Spray"],"picked":"Bouncing Flask+1","floor":19},{"not_picked":["Dagger Spray","Quick Slash"],"picked":"Accuracy","floor":20},{"not_picked":["Crippling Poison","Poisoned Stab"],"picked":"Terror","floor":23},{"not_picked":["PiercingWail","Escape Plan"],"picked":"Backstab","floor":25},{"not_picked":["Crippling Poison","Prepared"],"picked":"After Image","floor":27},{"not_picked":["Deflect","Expertise"],"picked":"Acrobatics","floor":29},{"not_picked":["Slice","Bane"],"picked":"Deflect","floor":30},{"not_picked":["Flechettes","Quick Slash+1"],"picked":"Cloak And Dagger","floor":31}],"player_experience":332750,"potions_floor_usage":[16,16,23],"damage_taken":[{"damage":0,"enemies":"Cultist","floor":1,"turns":4},{"damage":0,"enemies":"Small Slimes","floor":4,"turns":2},{"damage":6,"enemies":"2 Louse","floor":5,"turns":2},{"damage":35,"enemies":"Gremlin Gang","floor":7,"turns":4},{"damage":0,"enemies":"2 Fungi Beasts","floor":11,"turns":2},{"damage":6,"enemies":"Exordium Wildlife","floor":12,"turns":2},{"damage":3,"enemies":"3 Sentries","floor":13,"turns":6},{"damage":0,"enemies":"Slime Boss","floor":16,"turns":6},{"damage":0,"enemies":"Spheric Guardian","floor":18,"turns":3},{"damage":7,"enemies":"3 Byrds","floor":19,"turns":3},{"damage":12,"enemies":"Snecko","floor":20,"turns":4},{"damage":15,"enemies":"Slavers","floor":23,"turns":3},{"damage":9,"enemies":"3 Cultists","floor":25,"turns":4},{"damage":0,"enemies":"Sentry and Sphere","floor":27,"turns":3},{"damage":15,"enemies":"Snake Plant","floor":29,"turns":2},{"damage":7,"enemies":"Book of Stabbing","floor":30,"turns":2},{"damage":5,"enemies":"Snecko","floor":31,"turns":3},{"damage":70,"enemies":"Champ","floor":33,"turns":7}],"relics_obtained":[{"floor":9,"key":"Ninja Scroll"},{"floor":13,"key":"Mummified Hand"},{"floor":23,"key":"Bronze Scales"},{"floor":26,"key":"Pen Nib"},{"floor":30,"key":"Oddly Smooth Stone"}],"event_choices":[{"event_name":"Scrap Ooze","player_choice":"success","floor":2,"damage_taken":7},{"event_name":"Golden Shrine","player_choice":"Pray","floor":10,"damage_taken":0},{"event_name":"The Mausoleum","player_choice":"Yes","floor":21,"damage_taken":0}],"boss_relics":[{"not_picked":["Philosopher\u0027s Stone","Cursed Key"],"picked":"Sozu"}],"items_purged_floors":[3],"potions_floor_spawned":[4,11,16,23,25,29],"seed_played":"4591816558500633324","killed_by":"Champ","ascension_level":0,"potions_obtained":[{"floor":4,"key":"Strength Potion"},{"floor":11,"key":"FearPotion"},{"floor":16,"key":"Regen Potion"}],"is_trial":false}