{"gold_per_floor":[119,133,148,73,89,103,103,135,159,125,125,141,141,159,159,256,256,273,273,188,252,56,56],"floor_reached":23,"playtime":1322,"items_purged":["Strike_G"],"score":220,"play_id":"3540606e-e9d3-4e33-97fb-86a7d1e0881b","local_time":"20181025184706","is_ascension_mode":true,"campfire_choices":[{"data":"Neutralize","floor":7,"key":"SMITH"},{"data":"Trip","floor":11,"key":"SMITH"},{"floor":13,"key":"REST"},{"data":"Leg Sweep","floor":15,"key":"SMITH"}],"neow_cost":"NONE","seed_source_timestamp":444171480409267,"circlet_count":0,"master_deck":["Defend_G","Defend_G","Defend_G","Defend_G","Defend_G","Strike_G","Strike_G","Strike_G","Strike_G","Survivor","Neutralize+1","Trip+1","Well Laid Plans","Dagger Throw","Flying Knee","Blur","Prepared","Deadly Poison","Backstab","Leg Sweep+1","Adrenaline","Backflip","Adrenaline"],"relics":["Ring of the Snake","Orichalcum","Pen Nib","Sozu","MawBank","PreservedInsect","DollysMirror"],"potions_floor_usage":[5,8,18,18],"damage_taken":[{"damage":2,"enemies":"Jaw Worm","floor":1,"turns":3},{"damage":1,"enemies":"2 Louse","floor":2,"turns":3},{"damage":0,"enemies":"Small Slimes","floor":3,"turns":3},{"damage":6,"enemies":"Gremlin Gang","floor":5,"turns":5},{"damage":0,"enemies":"Blue Slaver","floor":6,"turns":5},{"damage":12,"enemies":"3 Sentries","floor":8,"turns":10},{"damage":0,"enemies":"Large Slime","floor":12,"turns":6},{"damage":7,"enemies":"Exordium Thugs","floor":14,"turns":3},{"damage":25,"enemies":"The Guardian","floor":16,"turns":18},{"damage":8,"enemies":"3 Byrds","floor":18,"turns":5},{"damage":76,"enemies":"Gremlin Leader","floor":23,"turns":12}],"seed_played":"-8833772449844863015","potions_obtained":[{"floor":3,"key":"SneckoOil"},{"floor":5,"key":"Poison Potion"},{"floor":6,"key":"Fire Potion"},{"floor":14,"key":"AttackPotion"}],"is_trial":false,"path_per_floor":["M","M","M","$","M","M","R","E","T","?","R","M","R","M","R","B",null,"M","?","?","T","$"],"character_chosen":"THE_SILENT","items_purchased":["DollysMirror"],"campfire_rested":1,"item_purchase_floors":[22],"current_hp_per_floor":[68,67,67,67,61,61,61,49,49,49,49,49,70,63,63,38,70,62,62,62,62,62,0],"gold":56,"neow_bonus":"RANDOM_COLORLESS","is_prod":false,"is_daily":false,"chose_seed":false,"campfire_upgraded":3,"win_rate":0,"timestamp":1540511226,"path_taken":["M","M","M","$","M","M","R","E","T","?","R","M","R","M","R","BOSS","M","?","?","?","?","E"],"build_version":"2018-10-25v2","purchased_purges":1,"victory":false,"max_hp_per_floor":[70,70,70,70,70,70,70,70,70,70,70,70,70,70,70,70,70,70,70,70,70,70,70],"card_choices":[{"not_picked":["Backflip","Dagger Throw"],"picked":"Well Laid Plans","floor":1},{"not_picked":["Envenom","Blade Dance"],"picked":"Dagger Throw","floor":2},{"not_picked":["Underhanded Strike","Distraction"],"picked":"Flying Knee","floor":3},{"not_picked":["Cloak And Dagger","Dodge and Roll"],"picked":"Blur","floor":5},{"not_picked":["Tactician","Well Laid Plans"],"picked":"Prepared","floor":6},{"not_picked":["Blade Dance","Quick Slash"],"picked":"Deadly Poison","floor":8},{"not_picked":["Bane","Bullet Time"],"picked":"Backstab","floor":12},{"not_picked":["Dagger Spray","Blade Dance"],"picked":"Leg Sweep","floor":14},{"not_picked":["Doppelganger","Storm of Steel"],"picked":"Adrenaline","floor":16},{"not_picked":["Backstab","Acrobatics+1"],"picked":"Backflip","floor":18}],"player_experience":472011,"relics_obtained":[{"floor":8,"key":"Orichalcum"},{"floor":9,"key":"Pen Nib"},{"floor":21,"key":"PreservedInsect"}],"event_choices":[{"damage_healed":0,"gold_gain":0,"player_choice":"Left Gold","damage_taken":0,"max_hp_gain":0,"max_hp_loss":0,"event_name":"World of Goop","floor":10,"gold_loss":34},{"damage_healed":0,"gold_gain":0,"player_choice":"Got Potions","damage_taken":0,"max_hp_gain":0,"max_hp_loss":0,"event_name":"The Lab","floor":19,"gold_loss":0},{"damage_healed":0,"gold_gain":0,"player_choice":"Obtained Relic","damage_taken":0,"relics_obtained":["MawBank"],"max_hp_gain":0,"max_hp_loss":0,"event_name":"Addict","floor":20,"gold_loss":85}],"is_beta":true,"boss_relics":[{"not_picked":["Philosopher\u0027s Stone","Eternal Feather"],"picked":"Sozu"}],"items_purged_floors":[4],"is_endless":false,"potions_floor_spawned":[3,5,6,14],"killed_by":"Gremlin Leader","ascension_level":3}