{"gold_per_floor":[110,127,147,167,6,6,33,33,33,33,48,79,96,112,112,208,208,224,235,235,325,351,351,380,380,410,410,1,19,19,32,32,127,127,142,142,196,207,226,226,245,245,322,322,338,20,48,60,60,60],"floor_reached":51,"playtime":5867,"items_purged":["Strike_G","Strike_G","Strike_G"],"score":974,"play_id":"6551ea12-f85d-4c74-8990-2dc4c9d89530","local_time":"20180629220248","is_ascension_mode":true,"campfire_choices":[{"data":"Noxious Fumes","floor":6,"key":"SMITH"},{"data":"Deadly Poison","floor":8,"key":"SMITH"},{"data":"Cloak And Dagger","floor":15,"key":"SMITH"},{"data":"Ghostly","floor":23,"key":"SMITH"},{"data":"Tactician","floor":25,"key":"SMITH"},{"data":"Ghostly","floor":27,"key":"SMITH"},{"data":"Dash","floor":30,"key":"SMITH"},{"data":"Doppelganger","floor":32,"key":"SMITH"},{"floor":40,"key":"REST"},{"floor":42,"key":"REST"},{"floor":44,"key":"REST"},{"floor":49,"key":"REST"}],"neow_cost":"TEN_PERCENT_HP_LOSS","seed_source_timestamp":256883137935093,"circlet_count":0,"master_deck":["Defend_G","Defend_G","Defend_G","Strike_G","Strike_G","Survivor","Neutralize","Tools of the Trade","Poisoned Stab","Cloak And Dagger+1","Backstab+1","Noxious Fumes+1","Cloak And Dagger+1","Deadly Poison+1","Backflip","Tactician+1","Cloak And Dagger+1","Ghostly+1","Ghostly+1","Ghostly","Ghostly","Ghostly","Predator","Doppelganger+1","Dash+1","Bouncing Flask+1","Wraith Form v2","Caltrops+1","Sadistic Nature","Choke+1","Well Laid Plans+1","Panache","Blur"],"relics":["Ring of the Snake","Potion Belt","Ornamental Fan","Darkstone Periapt","Snecko Eye","Red Mask","Blood Vial","Tiny Chest","Dead Branch","Fusion Hammer","Torii","Shuriken","Whetstone"],"potions_floor_usage":[12,16,16,16,18,18,19,22,22,29,29,31,45,50,50,50,50],"damage_taken":[{"damage":0,"enemies":"Small Slimes","floor":1,"turns":3},{"damage":0,"enemies":"Cultist","floor":2,"turns":3},{"damage":1,"enemies":"Jaw Worm","floor":3,"turns":3},{"damage":4,"enemies":"Large Slime","floor":4,"turns":5},{"damage":4,"enemies":"3 Sentries","floor":7,"turns":7},{"damage":0,"enemies":"Blue Slaver","floor":11,"turns":3},{"damage":6,"enemies":"Lagavulin","floor":12,"turns":6},{"damage":0,"enemies":"Gremlin Gang","floor":13,"turns":4},{"damage":0,"enemies":"Red Slaver","floor":14,"turns":4},{"damage":3,"enemies":"Slime Boss","floor":16,"turns":7},{"damage":0,"enemies":"3 Byrds","floor":18,"turns":4},{"damage":5,"enemies":"Shell Parasite","floor":19,"turns":5},{"damage":0,"floor":22,"turns":6},{"damage":0,"enemies":"Gremlin Leader","floor":24,"turns":7},{"damage":0,"enemies":"Centurion and Healer","floor":29,"turns":5},{"damage":1,"enemies":"Snecko","floor":31,"turns":4},{"damage":0,"enemies":"Collector","floor":33,"turns":7},{"damage":0,"enemies":"Flame Bruiser 1 Orb","floor":35,"turns":3},{"damage":2,"floor":37,"turns":4},{"damage":0,"enemies":"Orb Walker","floor":38,"turns":3},{"damage":1,"enemies":"Spire Growth","floor":39,"turns":4},{"damage":1,"enemies":"Transient","floor":41,"turns":5},{"damage":0,"enemies":"Sphere and 2 Shapes","floor":45,"turns":3},{"damage":0,"enemies":"Nemesis","floor":47,"turns":5},{"damage":0,"enemies":"Flame Bruiser 2 Orb","floor":48,"turns":2},{"damage":1,"enemies":"Time Eater","floor":50,"turns":11}],"seed_played":"4414036140723474653","potions_obtained":[{"floor":1,"key":"GhostInAJar"},{"floor":4,"key":"GhostInAJar"},{"floor":12,"key":"FearPotion"},{"floor":13,"key":"EntropicBrew"},{"floor":18,"key":"SteroidPotion"},{"floor":19,"key":"EntropicBrew"},{"floor":22,"key":"SmokeBomb"},{"floor":29,"key":"SkillPotion"},{"floor":41,"key":"Ancient Potion"}],"is_trial":false,"path_per_floor":["M","M","M","M","$","R","E","R","T","?","M","E","M","M","R","B",null,"M","M","?","?","?","R","E","R","T","R","$","M","R","M","R","B",null,"M","?","?","M","M","R","M","R","T","R","M","$","E","M","R","B"],"character_chosen":"THE_SILENT","items_purchased":["Noxious Fumes","Cloak And Dagger","Dead Branch","Panache"],"campfire_rested":4,"item_purchase_floors":[5,5,28,46],"current_hp_per_floor":[63,63,62,58,58,58,54,54,54,54,54,48,48,48,48,45,59,59,54,31,25,25,25,25,25,25,25,25,27,27,28,28,30,31,31,31,29,31,30,31,30,31,31,31,31,31,31,31,31,30],"gold":60,"neow_bonus":"TRANSFORM_TWO_CARDS","is_prod":false,"is_daily":false,"chose_seed":false,"campfire_upgraded":8,"win_rate":0,"timestamp":1530327768,"path_taken":["M","M","M","M","$","R","E","R","T","?","M","E","M","M","R","BOSS","M","M","?","?","?","R","E","R","T","R","$","?","R","M","R","BOSS","M","?","?","M","M","R","M","R","T","R","M","$","E","M","R","BOSS"],"build_version":"2018-06-28","purchased_purges":3,"victory":true,"max_hp_per_floor":[63,63,63,63,63,63,63,63,63,63,63,63,63,63,63,63,63,63,63,31,31,31,31,31,31,31,31,31,31,31,31,31,31,31,31,31,31,31,31,31,31,31,31,31,31,31,31,31,31,31],"card_choices":[{"not_picked":["Calculated Gamble","Flying Knee"],"picked":"Cloak And Dagger","floor":1},{"not_picked":["Acrobatics","Skewer"],"picked":"Backstab","floor":2},{"not_picked":["Setup","Heel Hook","PiercingWail"],"picked":"SKIP","floor":3},{"not_picked":["Poisoned Stab","Prepared","Dodge and Roll"],"picked":"SKIP","floor":4},{"not_picked":["Masterful Stab","Deflect"],"picked":"Deadly Poison","floor":7},{"not_picked":["Deadly Poison","Dodge and Roll","Cloak And Dagger"],"picked":"SKIP","floor":11},{"not_picked":["Dodge and Roll","Deflect","Slice"],"picked":"SKIP","floor":12},{"not_picked":["Flying Knee","Dodge and Roll"],"picked":"Backflip","floor":13},{"not_picked":["Prepared","Quick Slash","Bane"],"picked":"SKIP","floor":14},{"not_picked":["Unload","Wraith Form v2"],"picked":"Tactician","floor":16},{"not_picked":["Blur+1","Flechettes"],"picked":"Cloak And Dagger+1","floor":18},{"not_picked":["Dagger Throw+1","Deflect","Acrobatics+1"],"picked":"SKIP","floor":19},{"not_picked":["Acrobatics+1","Slice+1"],"picked":"Predator","floor":22},{"not_picked":["Deadly Poison","Slice"],"picked":"Doppelganger","floor":24},{"not_picked":["Sucker Punch","Slice"],"picked":"Dash","floor":29},{"not_picked":["Caltrops","Masterful Stab"],"picked":"Bouncing Flask+1","floor":31},{"not_picked":["Glass Knife","Grand Finale"],"picked":"Wraith Form v2","floor":33},{"not_picked":["Escape Plan","All Out Attack+1"],"picked":"Caltrops+1","floor":35},{"not_picked":["Mind Blast","Finesse"],"picked":"Sadistic Nature","floor":36},{"not_picked":["Underhanded Strike+1","Deadly Poison"],"picked":"Choke","floor":37},{"not_picked":["PiercingWail+1","Leg Sweep+1","Flying Knee"],"picked":"SKIP","floor":38},{"not_picked":["Terror+1","Deadly Poison","Bouncing Flask+1"],"picked":"SKIP","floor":39},{"not_picked":["Quick Slash","Calculated Gamble+1","Predator"],"picked":"SKIP","floor":41},{"not_picked":["Cloak And Dagger+1","Underhanded Strike"],"picked":"Well Laid Plans+1","floor":45},{"not_picked":["Cloak And Dagger","PiercingWail+1","Skewer"],"picked":"SKIP","floor":47},{"not_picked":["Unload","Eviscerate+1"],"picked":"Blur","floor":48}],"player_experience":188920,"relics_obtained":[{"floor":7,"key":"Potion Belt"},{"floor":9,"key":"Ornamental Fan"},{"floor":12,"key":"Darkstone Periapt"},{"floor":22,"key":"Red Mask"},{"floor":24,"key":"Blood Vial"},{"floor":26,"key":"Tiny Chest"},{"floor":37,"key":"Torii"},{"floor":43,"key":"Shuriken"},{"floor":47,"key":"Whetstone"}],"event_choices":[{"event_name":"Accursed Blacksmith","player_choice":"Forge","floor":10,"damage_taken":0},{"event_name":"Ghosts","player_choice":"Became a Ghost","floor":20,"damage_taken":0},{"event_name":"Knowing Skull","player_choice":"GOLD ","floor":21,"damage_taken":0},{"event_name":"Masked Bandits","player_choice":"Fought over 325 gold","floor":22,"damage_taken":0},{"event_name":"SensoryStone","player_choice":"Memory 1","floor":36,"damage_taken":0},{"event_name":"Mysterious Sphere","player_choice":"Fight","floor":37,"damage_taken":0}],"boss_relics":[{"not_picked":["Astrolabe","Pandora\u0027s Box"],"picked":"Snecko Eye"},{"not_picked":["Empty Cage","White Beast Statue"],"picked":"Fusion Hammer"}],"items_purged_floors":[5,28,46],"is_endless":false,"potions_floor_spawned":[1,4,12,13,18,19,22,29,37,41],"ascension_level":5}