{"gold_per_floor":[111,33,50,50,67,102,102,134,134,134,134,145,145,145,145,217,217,234,4,18,32,32,32,47,47,71,84,84,114,128,145,145,216,216,236,254,17,17,37,37,37,50,50,82,7,7,27,27,27,27],"floor_reached":51,"playtime":3930,"items_purged":["Strike_B"],"score":1117,"play_id":"952ea5c6-126e-4a02-a4f4-ce6a2ac83597","local_time":"20190210225931","is_ascension_mode":true,"campfire_choices":[{"data":"Rip and Tear","floor":7,"key":"SMITH"},{"floor":10,"key":"REST"},{"data":"Zap","floor":13,"key":"SMITH"},{"floor":15,"key":"REST"},{"data":"Echo Form","floor":23,"key":"SMITH"},{"data":"Sunder","floor":25,"key":"SMITH"},{"data":"Sweeping Beam","floor":28,"key":"SMITH"},{"floor":32,"key":"REST"},{"data":"Defragment","floor":40,"key":"SMITH"},{"floor":46,"key":"REST"},{"data":"Consume","floor":49,"key":"SMITH"}],"neow_cost":"NONE","seed_source_timestamp":1552181575142900,"circlet_count":0,"master_deck":["AscendersBane","Defend_B","Defend_B","Zap+1","Dualcast","Rip and Tear+1","Melter+1","Coolheaded","Sweeping Beam+1","Glacier","Conserve Battery","Echo Form+1","Double Energy+1","Streamline+1","Fission+1","Coolheaded","Sunder+1","Hello World","Cold Snap+1","Compile Driver+1","Conserve Battery+1","Seek+1","Defragment+1","Capacitor+1","Consume+1","Capacitor","Defragment","Doubt"],"relics":["Cracked Core","Strawberry","Blood Vial","Calipers","Orichalcum","Sundial","Astrolabe","Lantern","Vajra","Bottled Flame","Lizard Tail","Whetstone","Turnip","Letter Opener"],"potions_floor_usage":[27,29,33,44,50],"damage_taken":[{"damage":1,"enemies":"Cultist","floor":1,"turns":3},{"damage":0,"enemies":"2 Louse","floor":3,"turns":3},{"damage":0,"enemies":"Small Slimes","floor":5,"turns":3},{"damage":31,"enemies":"Lagavulin","floor":6,"turns":6},{"damage":30,"enemies":"3 Sentries","floor":8,"turns":8},{"damage":0,"enemies":"2 Fungi Beasts","floor":12,"turns":3},{"damage":19,"enemies":"The Guardian","floor":16,"turns":14},{"damage":0,"enemies":"Spheric Guardian","floor":18,"turns":1},{"damage":10,"enemies":"2 Thieves","floor":20,"turns":4},{"damage":13,"enemies":"Chosen and Byrds","floor":21,"turns":5},{"damage":0,"enemies":"Shelled Parasite and Fungi","floor":24,"turns":3},{"damage":12,"enemies":"Snake Plant","floor":27,"turns":3},{"damage":6,"enemies":"Gremlin Leader","floor":29,"turns":5},{"damage":12,"enemies":"Snecko","floor":30,"turns":4},{"damage":16,"enemies":"Centurion and Healer","floor":31,"turns":4},{"damage":23,"enemies":"Collector","floor":33,"turns":12},{"damage":7,"enemies":"3 Shapes","floor":35,"turns":3},{"damage":6,"enemies":"Orb Walker","floor":36,"turns":2},{"damage":6,"enemies":"Sphere and 2 Shapes","floor":39,"turns":2},{"damage":25,"enemies":"Spire Growth","floor":42,"turns":7},{"damage":20,"enemies":"Giant Head","floor":44,"turns":10},{"damage":1,"enemies":"4 Shapes","floor":47,"turns":5},{"damage":9,"enemies":"Donu and Deca","floor":50,"turns":12}],"seed_played":"8993426889000856596","potions_obtained":[{"floor":3,"key":"GamblersBrew"},{"floor":6,"key":"Dexterity Potion"},{"floor":8,"key":"LiquidBronze"},{"floor":20,"key":"Weak Potion"},{"floor":29,"key":"Strength Potion"},{"floor":36,"key":"Swift Potion"},{"floor":39,"key":"PowerPotion"},{"floor":44,"key":"SteroidPotion"}],"is_trial":false,"path_per_floor":["M","$","M","?","M","E","R","E","T","R","?","M","R","?","R","B",null,"M","$","M","M","?","R","M","R","T","M","R","E","M","M","R","B",null,"M","M","$","?","M","R","?","M","T","E","$","R","M","?","R","B",null],"character_chosen":"DEFECT","items_purchased":["Melter","Lantern","Defragment","PowerPotion","Whetstone","Capacitor"],"campfire_rested":4,"item_purchase_floors":[2,19,37,37,37,45],"current_hp_per_floor":[70,70,70,67,69,40,40,12,12,35,35,37,37,30,53,36,68,70,70,62,51,51,51,53,53,53,43,43,39,29,15,38,17,63,58,54,54,54,50,50,50,27,27,9,9,31,32,74,74,65],"gold":27,"neow_bonus":"RANDOM_COMMON_RELIC","is_prod":false,"is_daily":false,"chose_seed":false,"campfire_upgraded":7,"win_rate":0,"timestamp":1549839571,"path_taken":["M","$","M","?","M","E","R","E","T","R","?","M","R","?","R","BOSS","M","$","M","M","?","R","M","R","T","M","R","E","M","?","R","BOSS","M","?","$","?","M","R","?","?","T","E","$","R","M","?","R","BOSS"],"build_version":"2019-01-23","purchased_purges":1,"victory":true,"max_hp_per_floor":[78,78,78,78,78,78,78,78,78,78,78,78,78,78,78,78,78,78,78,78,78,78,78,78,78,78,78,78,78,78,78,78,78,78,78,78,78,74,74,74,74,74,74,74,74,74,74,74,74,74],"card_choices":[{"not_picked":["Coolheaded","Streamline"],"picked":"Rip and Tear","floor":1},{"not_picked":["Aggregate","Redo"],"picked":"Coolheaded","floor":3},{"not_picked":["Hologram","Steam Power","Melter"],"picked":"SKIP","floor":5},{"not_picked":["Force Field","Barrage"],"picked":"Sweeping Beam","floor":6},{"not_picked":["Static Discharge","Heatsinks"],"picked":"Glacier","floor":8},{"not_picked":["Turbo","Beam Cell"],"picked":"Conserve Battery","floor":12},{"not_picked":["Amplify","Fission"],"picked":"Echo Form","floor":16},{"not_picked":["Rip and Tear","Beam Cell","Static Discharge"],"picked":"SKIP","floor":18},{"not_picked":["Beam Cell","Reprogram"],"picked":"Coolheaded","floor":20},{"not_picked":["Cold Snap","Hologram+1"],"picked":"Sunder","floor":21},{"not_picked":["Storm","Undo","Sweeping Beam"],"picked":"SKIP","floor":24},{"not_picked":["Stack","Turbo"],"picked":"Hello World","floor":27},{"not_picked":["Go for the Eyes","Redo"],"picked":"Cold Snap+1","floor":29},{"not_picked":["Streamline","Barrage"],"picked":"Compile Driver","floor":30},{"not_picked":["Tempest+1","Compile Driver"],"picked":"Conserve Battery+1","floor":31},{"not_picked":["Multi-Cast","Core Surge"],"picked":"Seek","floor":33},{"not_picked":["Storm+1","Conserve Battery","Reprogram"],"picked":"SKIP","floor":35},{"not_picked":["Coolheaded","Self Repair+1","Barrage"],"picked":"SKIP","floor":36},{"not_picked":["Leap","FTL","Compile Driver+1"],"picked":"SKIP","floor":39},{"not_picked":["Genetic Algorithm","Lockon+1"],"picked":"Capacitor+1","floor":42},{"not_picked":["Steam","Loop"],"picked":"Consume","floor":44},{"not_picked":["Leap","Cold Snap"],"picked":"Defragment","floor":47}],"player_experience":280804,"relics_obtained":[{"floor":6,"key":"Calipers"},{"floor":8,"key":"Orichalcum"},{"floor":9,"key":"Sundial"},{"floor":26,"key":"Vajra"},{"floor":29,"key":"Bottled Flame"},{"floor":43,"key":"Turnip"},{"floor":44,"key":"Letter Opener"}],"event_choices":[{"damage_healed":0,"gold_gain":0,"player_choice":"Success","damage_taken":3,"relics_obtained":["Blood Vial"],"max_hp_gain":0,"max_hp_loss":0,"event_name":"Scrap Ooze","floor":4,"gold_loss":0},{"damage_healed":0,"gold_gain":0,"player_choice":"Ignored","damage_taken":0,"max_hp_gain":0,"max_hp_loss":0,"event_name":"Liars Game","floor":11,"gold_loss":0},{"cards_removed":["Strike_B"],"damage_healed":0,"gold_gain":0,"player_choice":"Card Removal","damage_taken":7,"max_hp_gain":0,"max_hp_loss":0,"event_name":"Golden Wing","floor":14,"gold_loss":0},{"cards_removed":["Strike_B"],"damage_healed":0,"gold_gain":0,"player_choice":"Purged","damage_taken":0,"max_hp_gain":0,"max_hp_loss":0,"event_name":"Purifier","floor":22,"gold_loss":0},{"damage_healed":0,"gold_gain":0,"player_choice":"Max HP","damage_taken":0,"max_hp_gain":0,"max_hp_loss":4,"event_name":"Winding Halls","floor":38,"gold_loss":0},{"damage_healed":0,"gold_gain":0,"player_choice":"Forge","damage_taken":0,"max_hp_gain":0,"max_hp_loss":0,"event_name":"Accursed Blacksmith","floor":41,"gold_loss":0,"cards_upgraded":["Seek"]},{"damage_healed":42,"gold_gain":0,"player_choice":"Heal","damage_taken":0,"max_hp_gain":0,"max_hp_loss":0,"event_name":"MindBloom","floor":48,"gold_loss":0,"cards_obtained":["Doubt"]}],"is_beta":false,"boss_relics":[{"not_picked":["Eternal Feather","Pandora\u0027s Box"],"picked":"Astrolabe"},{"not_picked":["Empty Cage","White Beast Statue"],"picked":"Lizard Tail"}],"items_purged_floors":[19],"is_endless":false,"potions_floor_spawned":[3,6,8,12,20,21,29,36,39,44],"ascension_level":14}