{"gold_per_floor":[109,109,59,72,88,119,119,34,57,73,73,90,90,90,90,90],"floor_reached":16,"playtime":899,"items_purged":["Defend_G"],"score":135,"play_id":"bfc31abe-4456-47f8-a8df-ee49f1062ca0","local_time":"20190101151345","is_ascension_mode":true,"campfire_choices":[{"data":"Dagger Spray","floor":7,"key":"SMITH"},{"floor":11,"key":"REST"},{"data":"Prepared","floor":13,"key":"SMITH"},{"data":"Footwork","floor":15,"key":"SMITH"}],"neow_cost":"NONE","seed_source_timestamp":570311372550023,"circlet_count":0,"master_deck":["Defend_G","Defend_G","Strike_G","Strike_G","Strike_G","Strike_G","Strike_G","Survivor","Neutralize+1","Blur","Prepared+1","Well Laid Plans","Footwork+1","Dagger Spray+1","Blur","Dodge and Roll"],"relics":["Ring of the Snake","Smiling Mask","PreservedInsect"],"potions_floor_usage":[6],"damage_taken":[{"damage":2,"enemies":"2 Louse","floor":1,"turns":3},{"damage":2,"enemies":"Jaw Worm","floor":4,"turns":4},{"damage":4,"enemies":"Cultist","floor":5,"turns":4},{"damage":26,"enemies":"3 Sentries","floor":6,"turns":14},{"damage":7,"enemies":"Gremlin Gang","floor":10,"turns":3},{"damage":0,"enemies":"Exordium Wildlife","floor":12,"turns":5},{"damage":85,"enemies":"Hexaghost","floor":16,"turns":21}],"seed_played":"7703298343203666858","potions_obtained":[{"floor":5,"key":"Energy Potion"},{"floor":6,"key":"FairyPotion"},{"floor":12,"key":"Energy Potion"}],"is_trial":false,"path_per_floor":["M","?","?","M","M","E","R","$","T","M","R","M","R","?","R","B"],"character_chosen":"THE_SILENT","items_purchased":["Blur"],"campfire_rested":1,"item_purchase_floors":[8],"current_hp_per_floor":[61,61,61,59,55,29,29,29,29,22,43,43,43,66,66,0],"gold":90,"neow_bonus":"TRANSFORM_CARD","is_prod":false,"is_daily":false,"chose_seed":false,"campfire_upgraded":3,"win_rate":0,"timestamp":1546323225,"path_taken":["M","?","?","M","M","E","R","$","T","M","R","M","R","?","R","BOSS"],"build_version":"2018-12-20","purchased_purges":1,"victory":false,"max_hp_per_floor":[70,70,70,70,70,70,70,70,70,70,70,70,70,70,70,70],"card_choices":[{"not_picked":["Accuracy","Sucker Punch"],"picked":"Prepared","floor":1},{"not_picked":["Calculated Gamble","Backflip"],"picked":"Well Laid Plans","floor":4},{"not_picked":["Dagger Throw","Cloak And Dagger"],"picked":"Footwork","floor":5},{"not_picked":["PiercingWail","Finisher"],"picked":"Dagger Spray","floor":6},{"not_picked":["Skewer","Underhanded Strike"],"picked":"Dodge and Roll","floor":10},{"not_picked":["Acrobatics","Night Terror","Calculated Gamble"],"picked":"SKIP","floor":12}],"player_experience":300323,"relics_obtained":[{"floor":6,"key":"Smiling Mask"},{"floor":9,"key":"PreservedInsect"}],"event_choices":[{"damage_healed":0,"gold_gain":0,"player_choice":"Grow","damage_taken":0,"max_hp_gain":0,"max_hp_loss":0,"event_name":"Living Wall","floor":2,"gold_loss":0,"cards_upgraded":["Neutralize"]},{"cards_removed":["Defend_G"],"damage_healed":0,"gold_gain":0,"player_choice":"Card Removal","damage_taken":0,"max_hp_gain":0,"max_hp_loss":0,"event_name":"The Cleric","floor":3,"gold_loss":50},{"damage_healed":23,"gold_gain":0,"player_choice":"Banana","damage_taken":0,"max_hp_gain":0,"max_hp_loss":0,"event_name":"Big Fish","floor":14,"gold_loss":0}],"is_beta":false,"boss_relics":[],"items_purged_floors":[8],"is_endless":false,"potions_floor_spawned":[5,6,12],"killed_by":"Hexaghost","ascension_level":7}