{"gold_per_floor":[113,8,57,57,67,96,113,113,136,136,150,130,149,167,167,265,265,280,280,330,245,245,245,259,259,259,272,289,289,214,234,234,334,334,344,344,362,362,79,79,0,13,13,13,13],"floor_reached":45,"playtime":1054,"items_purged":["Normality"],"score":438,"play_id":"a9b83720-13d2-4c03-af13-f857b08307ab","local_time":"20180725015014","is_ascension_mode":false,"campfire_choices":[{"floor":15,"key":"REST"},{"floor":23,"key":"REST"},{"data":"Catalyst","floor":25,"key":"SMITH"},{"data":"Blade Dance","floor":29,"key":"SMITH"},{"floor":32,"key":"REST"},{"floor":40,"key":"REST"}],"neow_cost":"NONE","seed_source_timestamp":85728827569291,"circlet_count":0,"master_deck":["Defend_G","Defend_G","Defend_G","Defend_G","Defend_G","Strike_G","Strike_G","Strike_G","Strike_G+1","Survivor","Neutralize","Bane+1","Bandage Up","Neutralize","Slice","Envenom","Deadly Poison","Blade Dance+1","Catalyst+1","Quick Slash","Corpse Explosion","Flying Knee+1","RitualDagger+1","Dash+1","Accuracy","A Thousand Cuts","Parasite","Doubt","Bane+1","Trip","Noxious Fumes+1"],"relics":["Lizard Tail","Bag of Preparation","Bottled Flame","Oddly Smooth Stone","Ornamental Fan","Busted Crown","Molten Egg 2","Shuriken","Calling Bell","Orichalcum","Pear","Nunchaku","Strange Spoon","Red Mask","Kunai"],"potions_floor_usage":[6,16,16,16,16,16,16,16,27,28,33,33,42,45],"damage_taken":[{"damage":4,"enemies":"Cultist","floor":1,"turns":4},{"damage":6,"enemies":"2 Louse","floor":5,"turns":2},{"damage":42,"enemies":"Gremlin Nob","floor":6,"turns":6},{"damage":3,"enemies":"Jaw Worm","floor":7,"turns":3},{"damage":4,"enemies":"Red Slaver","floor":11,"turns":2},{"damage":6,"enemies":"2 Fungi Beasts","floor":13,"turns":3},{"damage":7,"enemies":"Blue Slaver","floor":14,"turns":4},{"damage":19,"enemies":"The Guardian","floor":16,"turns":8},{"damage":22,"enemies":"2 Thieves","floor":18,"turns":4},{"damage":7,"enemies":"Shell Parasite","floor":24,"turns":4},{"damage":0,"enemies":"3 Cultists","floor":27,"turns":3},{"damage":21,"enemies":"Snake Plant","floor":28,"turns":4},{"damage":20,"enemies":"Centurion and Healer","floor":31,"turns":5},{"damage":35,"enemies":"Collector","floor":33,"turns":6},{"damage":21,"enemies":"3 Darklings","floor":35,"turns":3},{"damage":40,"enemies":"Flame Bruiser 1 Orb","floor":37,"turns":6},{"damage":42,"enemies":"Spire Growth","floor":42,"turns":5},{"damage":67,"enemies":"Donu and Deca","floor":45,"turns":6}],"seed_played":"718498442875090528","potions_obtained":[{"floor":1,"key":"Regen Potion"},{"floor":5,"key":"GhostInAJar"},{"floor":7,"key":"PowerPotion"},{"floor":12,"key":"EntropicBrew"},{"floor":24,"key":"Swift Potion"},{"floor":27,"key":"Swift Potion"},{"floor":28,"key":"Poison Potion"},{"floor":37,"key":"GamblersBrew"}],"is_trial":false,"path_per_floor":["M","$","T","?","M","E","M","?","T","T","M","?","M","M","R","B",null,"M","?","?","?","?","R","M","R","T","M","M","R","?","M","R","B",null,"M","?","M","?","$","R","?","M","T","?"],"character_chosen":"THE_SILENT","items_purchased":["Bandage Up","Strange Spoon"],"campfire_rested":4,"item_purchase_floors":[2,39],"current_hp_per_floor":[66,66,66,66,60,37,38,24,24,24,20,20,18,15,36,21,70,52,52,52,52,46,67,63,63,63,67,50,50,50,34,55,24,80,59,59,23,23,23,47,47,9,9,9,0],"gold":13,"neow_bonus":"BOSS_RELIC","is_prod":false,"is_daily":false,"chose_seed":false,"campfire_upgraded":2,"win_rate":0,"timestamp":1532449214,"path_taken":["M","$","?","?","M","E","?","?","T","?","?","?","M","M","R","BOSS","M","?","?","?","?","R","M","R","T","M","M","R","?","M","R","BOSS","M","?","?","?","$","R","?","M","T","?","BOSS"],"build_version":"2018-07-19v2","purchased_purges":1,"victory":false,"max_hp_per_floor":[70,70,70,70,70,70,70,70,70,70,70,70,70,70,70,70,70,70,70,70,70,70,70,70,70,70,70,70,70,70,70,70,70,80,80,80,80,80,80,80,80,80,80,80,80],"card_choices":[{"not_picked":["Eviscerate","Setup"],"picked":"Bane","floor":1},{"not_picked":["Dagger Throw","Concentrate"],"picked":"Slice","floor":5},{"not_picked":["Deflect","Slice"],"picked":"Envenom","floor":6},{"not_picked":["Choke","Dodge and Roll"],"picked":"Deadly Poison","floor":7},{"not_picked":["Setup","Tactician"],"picked":"Blade Dance","floor":11},{"not_picked":["Choke","Terror"],"picked":"Catalyst","floor":13},{"not_picked":["Heel Hook","Dodge and Roll"],"picked":"Quick Slash","floor":14},{"not_picked":["A Thousand Cuts","Bullet Time"],"picked":"Corpse Explosion","floor":16},{"not_picked":[],"picked":"Flying Knee+1","floor":18},{"not_picked":["Underhanded Strike+1"],"picked":"SKIP","floor":24},{"not_picked":["Underhanded Strike+1"],"picked":"SKIP","floor":27},{"not_picked":[],"picked":"Dash+1","floor":28},{"not_picked":[],"picked":"Accuracy","floor":31},{"not_picked":[],"picked":"A Thousand Cuts","floor":33},{"not_picked":["Backflip"],"picked":"SKIP","floor":35},{"not_picked":[],"picked":"Bane+1","floor":37},{"not_picked":[],"picked":"Trip","floor":38},{"not_picked":[],"picked":"Noxious Fumes+1","floor":42}],"player_experience":257677,"relics_obtained":[{"floor":3,"key":"Bag of Preparation"},{"floor":6,"key":"Bottled Flame"},{"floor":9,"key":"Oddly Smooth Stone"},{"floor":10,"key":"Ornamental Fan"},{"floor":26,"key":"Shuriken"},{"floor":34,"key":"Orichalcum"},{"floor":34,"key":"Pear"},{"floor":34,"key":"Nunchaku"},{"floor":43,"key":"Kunai"}],"event_choices":[{"event_name":"Match and Keep!","player_choice":"1 cards matched","floor":4,"damage_taken":0},{"event_name":"Shining Light","player_choice":"Entered Light","floor":8,"damage_taken":0},{"event_name":"The Woman in Blue","player_choice":"Bought 1 Potion","floor":12,"damage_taken":0},{"event_name":"Cursed Tome","player_choice":"Ignored","floor":19,"damage_taken":0},{"event_name":"The Joust","player_choice":"Bet on Murderer","floor":20,"damage_taken":0},{"event_name":"Addict","player_choice":"Obtained Relic","floor":21,"damage_taken":0},{"event_name":"Nest","player_choice":"Joined the Cult","floor":22,"damage_taken":0},{"event_name":"Beggar","player_choice":"Gave Gold","floor":30,"damage_taken":0},{"event_name":"Mysterious Sphere","player_choice":"Ignore","floor":36,"damage_taken":0},{"event_name":"SensoryStone","player_choice":"Memory 1","floor":38,"damage_taken":0},{"event_name":"Tomb of Lord Red Mask","player_choice":"Paid","floor":41,"damage_taken":0},{"event_name":"SecretPortal","player_choice":"Took Portal.","floor":44,"damage_taken":0}],"is_beta":false,"boss_relics":[{"not_picked":["Black Star","Runic Dome"],"picked":"Busted Crown"},{"not_picked":["Sozu","Snecko Eye"],"picked":"Calling Bell"}],"items_purged_floors":[39],"is_endless":false,"potions_floor_spawned":[1,5,7,24,27,28,31,37],"killed_by":"Donu and Deca","ascension_level":0}