{"path_per_floor":["M","M","M","$","M","E","R","E","T","R","M","M","E","M","R","B",null,"M","M","?","M","$","R","E","R","T","?","E","R","?","M","R"],"character_chosen":"IRONCLAD","items_purchased":["Pummel","Searing Blow","Shuriken","Reckless Charge"],"gold_per_floor":[111,122,134,28,45,72,72,101,126,126,143,158,190,206,206,301,301,313,330,330,343,11,11,37,37,63,0,28,28,28,41,41,41],"floor_reached":33,"campfire_rested":4,"playtime":2445,"current_hp_per_floor":[74,74,78,78,72,61,85,70,70,70,60,61,45,47,72,78,85,81,85,85,74,74,74,41,41,41,41,23,50,50,16,43,0],"items_purged":[],"gold":41,"score":407,"play_id":"18947a2f-af98-4e70-a63c-bf4a01f11cd3","local_time":"20180521150900","is_prod":false,"is_daily":false,"chose_seed":false,"is_ascension_mode":false,"campfire_upgraded":3,"timestamp":1526929740,"campfire_choices":[{"floor":7,"key":"REST"},{"data":"Searing Blow","floor":10,"key":"SMITH"},{"floor":15,"key":"REST"},{"data":"Reckless Charge","floor":23,"key":"SMITH"},{"data":"Immolate","floor":25,"key":"SMITH"},{"floor":29,"key":"REST"},{"floor":32,"key":"REST"}],"path_taken":["M","M","M","$","M","E","R","E","T","R","M","?","E","M","R","BOSS","M","M","?","M","$","R","E","R","T","?","E","R","?","M","R","BOSS"],"build_version":"2018-05-17","seed_source_timestamp":40214317754742,"purchased_purges":0,"victory":false,"master_deck":["Strike_R","Strike_R","Strike_R","Defend_R","Defend_R","Defend_R+1","Bash","Seeing Red","Reckless Charge","Reckless Charge+1","Pummel","Searing Blow+1","Iron Wave","Pommel Strike","Double Tap","Twin Strike","Anger","Immolate","Anger","Immolate+1","Seeing Red+1","Clothesline+1","Anger+1","Reckless Charge","Anger","Cleave","Reckless Charge","Pommel Strike+1","Reckless Charge","Headbutt"],"max_hp_per_floor":[80,80,80,80,80,85,85,85,85,85,85,85,85,85,85,85,85,85,85,85,90,90,90,90,90,90,90,90,90,90,90,90,90],"relics":["Burning Blood","Peace Pipe","Lantern","War Paint","Pen Nib","Astrolabe","Shuriken","Question Card","Blood Vial","Oddly Smooth Stone"],"card_choices":[{"not_picked":["True Grit","Bloodletting"],"picked":"Seeing Red","floor":1},{"not_picked":["Headbutt","Sword Boomerang"],"picked":"Reckless Charge","floor":2},{"not_picked":["Burning Pact","Corruption"],"picked":"Reckless Charge","floor":3},{"not_picked":["Feel No Pain","Sword Boomerang"],"picked":"Iron Wave","floor":5},{"not_picked":["Power Through","True Grit"],"picked":"Pommel Strike","floor":6},{"not_picked":["Cleave","Headbutt"],"picked":"Double Tap","floor":8},{"not_picked":["Power Through","Sword Boomerang"],"picked":"Twin Strike","floor":11},{"not_picked":["Heavy Blade","Clothesline"],"picked":"Anger","floor":12},{"not_picked":["Sever Soul","Bloodletting"],"picked":"Immolate","floor":13},{"not_picked":["Twin Strike","True Grit"],"picked":"Anger","floor":14},{"not_picked":["Brutality","Demon Form"],"picked":"Immolate","floor":16},{"not_picked":["Flex","Clash+1"],"picked":"Reckless Charge","floor":18},{"not_picked":["Cleave","Shrug It Off"],"picked":"Anger","floor":19},{"not_picked":["Berserk","Armaments+1"],"picked":"Cleave","floor":21},{"not_picked":["Feed","Twin Strike"],"picked":"Pommel Strike+1","floor":24},{"not_picked":["True Grit","Shrug It Off","Sword Boomerang"],"picked":"Reckless Charge","floor":28},{"not_picked":["Dropkick","Perfected Strike","Twin Strike"],"picked":"Headbutt","floor":31}],"player_experience":34136,"potions_floor_usage":[6,6,8,21,28,28,33,33],"damage_taken":[{"damage":12,"enemies":"Cultist","floor":1,"turns":5},{"damage":6,"enemies":"2 Louse","floor":2,"turns":4},{"damage":2,"enemies":"Small Slimes","floor":3,"turns":3},{"damage":12,"enemies":"Blue Slaver","floor":5,"turns":2},{"damage":30,"enemies":"3 Sentries","floor":6,"turns":8},{"damage":21,"enemies":"Lagavulin","floor":8,"turns":5},{"damage":16,"enemies":"Large Slime","floor":11,"turns":3},{"damage":5,"enemies":"Looter","floor":12,"turns":2},{"damage":22,"enemies":"Gremlin Nob","floor":13,"turns":4},{"damage":4,"enemies":"Blue Slaver","floor":14,"turns":2},{"damage":0,"enemies":"Slime Boss","floor":16,"turns":7},{"damage":10,"enemies":"Spheric Guardian","floor":18,"turns":3},{"damage":0,"enemies":"Chosen","floor":19,"turns":3},{"damage":22,"enemies":"Snecko","floor":21,"turns":4},{"damage":39,"enemies":"Gremlin Leader","floor":24,"turns":7},{"damage":26,"enemies":"Book of Stabbing","floor":28,"turns":3},{"damage":42,"enemies":"Snake Plant","floor":31,"turns":4},{"damage":70,"enemies":"Automaton","floor":33,"turns":6}],"relics_obtained":[{"floor":6,"key":"Peace Pipe"},{"floor":8,"key":"Lantern"},{"floor":9,"key":"War Paint"},{"floor":13,"key":"Pen Nib"},{"floor":24,"key":"Question Card"},{"floor":26,"key":"Blood Vial"},{"floor":28,"key":"Oddly Smooth Stone"}],"event_choices":[{"event_name":"Ghosts","player_choice":"Ignored","floor":20,"damage_taken":0},{"event_name":"Masked Bandits","player_choice":"Paid Bandits 63 gold","floor":27,"damage_taken":0},{"event_name":"Beggar","player_choice":"Ignored","floor":30,"damage_taken":0}],"boss_relics":[{"not_picked":["Black Star","Snecko Eye"],"picked":"Astrolabe"}],"potions_floor_spawned":[1,3,5,12,13,19,24,31],"seed_played":"6344239211143056022","killed_by":"Automaton","ascension_level":0,"potions_obtained":[{"floor":1,"key":"AttackPotion"},{"floor":3,"key":"BloodPotion"},{"floor":5,"key":"Fruit Juice"},{"floor":12,"key":"PowerPotion"},{"floor":13,"key":"SteroidPotion"},{"floor":19,"key":"Fruit Juice"},{"floor":24,"key":"PowerPotion"},{"floor":31,"key":"EssenceOfSteel"}],"is_trial":false}