{"gold_per_floor":[116,12,30,40,52,52,86,186,210,210,6,19,19,51,51,152,152,172,182,182,201,201],"floor_reached":22,"playtime":1316,"items_purged":["Strike_B"],"score":265,"play_id":"eb16571f-2f80-486a-942d-2202bb46d0dc","local_time":"20180702134201","is_ascension_mode":true,"campfire_choices":[{"floor":6,"key":"REST"},{"floor":10,"key":"REST"},{"floor":15,"key":"REST"}],"neow_cost":"NONE","seed_source_timestamp":669004352479926,"circlet_count":0,"master_deck":["Strike_B","Strike_B","Strike_B","Defend_B","Defend_B","Defend_B","Defend_B","Zap","Dualcast","Scrape","FTL","Skim","Cold Snap","Go for the Eyes","Gash","Gash","Coolheaded","Gash","Reinforced Body","Sweeping Beam","Scrape","Chill","Fission","Ball Lightning","Streamline+1","Leap+1"],"relics":["Cracked Core","Art of War","Dream Catcher","Bag of Preparation","Ancient Tea Set","Inserter"],"potions_floor_usage":[14,14,16],"damage_taken":[{"damage":0,"enemies":"Cultist","floor":1,"turns":4},{"damage":7,"enemies":"Jaw Worm","floor":3,"turns":3},{"damage":0,"enemies":"2 Louse","floor":4,"turns":2},{"damage":3,"enemies":"Exordium Thugs","floor":5,"turns":5},{"damage":20,"enemies":"3 Sentries","floor":7,"turns":7},{"damage":10,"enemies":"Exordium Wildlife","floor":12,"turns":2},{"damage":4,"enemies":"Gremlin Nob","floor":14,"turns":3},{"damage":20,"enemies":"The Guardian","floor":16,"turns":9},{"damage":3,"enemies":"3 Byrds","floor":18,"turns":5},{"damage":22,"enemies":"Shell Parasite","floor":19,"turns":4},{"damage":13,"enemies":"Centurion and Healer","floor":21,"turns":6},{"damage":23,"enemies":"Snake Plant","floor":22,"turns":7}],"seed_played":"506995651894685321","potions_obtained":[{"floor":1,"key":"Poison Potion"},{"floor":4,"key":"GamblersBrew"},{"floor":5,"key":"LiquidBronze"},{"floor":12,"key":"Explosive Potion"},{"floor":14,"key":"Energy Potion"}],"is_trial":false,"path_per_floor":["M","$","M","M","M","R","E","?","T","R","$","M","$","E","R","B",null,"M","M","?","M"],"character_chosen":"DEFECT","items_purchased":["FTL","Skim","Gash","Reinforced Body"],"campfire_rested":3,"item_purchase_floors":[2,2,11,11],"current_hp_per_floor":[68,68,61,61,58,75,55,55,55,75,75,65,65,61,75,55,70,67,45,31,18,0],"gold":201,"neow_bonus":"RANDOM_COMMON_RELIC","is_prod":false,"is_daily":false,"chose_seed":false,"campfire_upgraded":0,"win_rate":0,"timestamp":1530553321,"path_taken":["M","$","M","M","M","R","E","?","T","R","?","?","$","E","R","BOSS","M","M","?","M","M"],"build_version":"2018-06-28","purchased_purges":1,"victory":false,"max_hp_per_floor":[75,75,75,75,75,75,75,75,75,75,75,75,75,75,75,75,75,75,75,80,80,80],"card_choices":[{"not_picked":["Leap","Force Field"],"picked":"Scrape","floor":1},{"not_picked":["Rebound","Coolheaded"],"picked":"Cold Snap","floor":3},{"not_picked":["Storm","Thunder Strike"],"picked":"Go for the Eyes","floor":4},{"not_picked":["Streamline","Fusion"],"picked":"Gash","floor":5},{"not_picked":["Sunder","Doom and Gloom"],"picked":"Gash","floor":7},{"not_picked":["Leap","Rebound"],"picked":"Coolheaded","floor":10},{"not_picked":["Darkness","Force Field"],"picked":"Sweeping Beam","floor":12},{"not_picked":["Streamline","Blizzard"],"picked":"Scrape","floor":14},{"not_picked":["Redo","Fission"],"picked":"Chill","floor":15},{"not_picked":["Rainbow","Creative AI"],"picked":"Fission","floor":16},{"not_picked":["Storm+1","Aggregate"],"picked":"Ball Lightning","floor":18},{"not_picked":["Capacitor","Leap+1"],"picked":"Streamline+1","floor":19},{"not_picked":["Heatsinks+1","Double Energy+1"],"picked":"Leap+1","floor":21}],"player_experience":913338,"relics_obtained":[{"floor":7,"key":"Dream Catcher"},{"floor":9,"key":"Bag of Preparation"},{"floor":14,"key":"Ancient Tea Set"}],"event_choices":[{"event_name":"Golden Shrine","player_choice":"Pray","floor":8,"damage_taken":0},{"event_name":"Forgotten Altar","player_choice":"Shed Blood","floor":20,"damage_taken":0}],"boss_relics":[{"not_picked":["White Beast Statue","Philosopher\u0027s Stone"],"picked":"Inserter"}],"items_purged_floors":[11],"is_endless":false,"potions_floor_spawned":[1,4,5,12,14],"killed_by":"Snake Plant","ascension_level":7}