{"gold_per_floor":[112,37,56,76,76,76,112,112,184,204,219,16,36,60,60,190,190,210,210,230,253,278,278,294,294],"floor_reached":25,"playtime":1234,"items_purged":["Injury"],"score":240,"play_id":"2cf187a7-7ddd-47ba-af20-0b8e0c3edc19","local_time":"20181026002559","is_ascension_mode":true,"campfire_choices":[{"data":"Beam Cell","floor":6,"key":"SMITH"},{"floor":8,"key":"REST"},{"data":"Ball Lightning","floor":15,"key":"SMITH"},{"floor":23,"key":"REST"}],"neow_cost":"CURSE","seed_source_timestamp":464594411277506,"circlet_count":0,"master_deck":["Strike_B","Strike_B","Strike_B","Strike_B","Defend_B","Defend_B","Defend_B","Defend_B","Zap","Dualcast","Cold Snap","Ball Lightning+1","Beam Cell+1","Capacitor","Electrodynamics","Glacier","Auto Shields","Creative AI","Glacier","Gash","Steam+1","Ball Lightning"],"relics":["Cracked Core","StoneCalendar","Golden Idol","Boot","The Courier","Shuriken","Runic Pyramid","Juzu Bracelet"],"potions_floor_usage":[7,10,16,16,18,24],"damage_taken":[{"damage":3,"enemies":"Small Slimes","floor":1,"turns":3},{"damage":1,"enemies":"2 Louse","floor":3,"turns":2},{"damage":0,"enemies":"Cultist","floor":4,"turns":4},{"damage":14,"enemies":"Gremlin Nob","floor":7,"turns":4},{"damage":5,"enemies":"Exordium Thugs","floor":10,"turns":4},{"damage":7,"enemies":"3 Louse","floor":11,"turns":2},{"damage":1,"enemies":"Exordium Wildlife","floor":13,"turns":3},{"damage":0,"enemies":"Looter","floor":14,"turns":3},{"damage":16,"enemies":"Slime Boss","floor":16,"turns":7},{"damage":19,"enemies":"Chosen","floor":18,"turns":7},{"damage":17,"enemies":"Spheric Guardian","floor":20,"turns":7},{"damage":17,"enemies":"Snake Plant","floor":21,"turns":7},{"damage":0,"enemies":"Cultist and Chosen","floor":22,"turns":7},{"damage":6,"enemies":"Snecko","floor":24,"turns":7},{"damage":39,"enemies":"Slavers","floor":25,"turns":4}],"seed_played":"-7730776955869690628","potions_obtained":[{"floor":4,"key":"Dexterity Potion"},{"floor":7,"key":"Swift Potion"},{"floor":11,"key":"PowerPotion"},{"floor":14,"key":"EssenceOfSteel"},{"floor":16,"key":"GamblersBrew"},{"floor":20,"key":"FearPotion"},{"floor":22,"key":"GamblersBrew"}],"is_trial":false,"path_per_floor":["M","$","M","M","?","R","E","R","T","M","M","$","M","M","R","B",null,"M","?","M","M","M","R","M"],"character_chosen":"DEFECT","items_purchased":["Shuriken"],"campfire_rested":2,"item_purchase_floors":[12],"current_hp_per_floor":[72,72,71,71,53,53,39,61,61,56,49,49,48,48,48,32,75,56,56,39,22,22,44,38,0],"gold":294,"neow_bonus":"ONE_RARE_RELIC","is_prod":false,"is_daily":false,"chose_seed":false,"campfire_upgraded":2,"win_rate":0,"timestamp":1540531559,"path_taken":["M","$","M","M","?","R","E","R","T","M","M","$","?","M","R","BOSS","M","?","M","M","M","R","M","E"],"build_version":"2018-10-25v2","purchased_purges":1,"victory":false,"max_hp_per_floor":[75,75,75,75,75,75,75,75,75,75,75,75,75,75,75,75,75,75,75,75,75,75,75,75,75],"card_choices":[{"not_picked":["Hello World","Beam Cell"],"picked":"Cold Snap","floor":1},{"not_picked":["BootSequence","Capacitor"],"picked":"Ball Lightning","floor":3},{"not_picked":["Ball Lightning","Cold Snap"],"picked":"Beam Cell","floor":4},{"not_picked":["Ball Lightning","Aggregate"],"picked":"Capacitor","floor":7},{"not_picked":["Rebound","Steam"],"picked":"Electrodynamics","floor":10},{"not_picked":["Stack","BootSequence"],"picked":"Glacier","floor":11},{"not_picked":["Beam Cell","Steam","Recycle"],"picked":"SKIP","floor":13},{"not_picked":["Rebound","Redo"],"picked":"Auto Shields","floor":14},{"not_picked":["Biased Cognition","Machine Learning"],"picked":"Creative AI","floor":16},{"not_picked":["Reinforced Body","Barrage"],"picked":"Glacier","floor":18},{"not_picked":["Barrage","Beam Cell"],"picked":"Gash","floor":20},{"not_picked":["Turbo+1","Cold Snap"],"picked":"Steam+1","floor":21},{"not_picked":["Rebound+1","Sweeping Beam"],"picked":"Ball Lightning","floor":22},{"not_picked":["Redo+1","Hello World","Barrage"],"picked":"SKIP","floor":24}],"player_experience":473333,"relics_obtained":[{"floor":7,"key":"Boot"},{"floor":9,"key":"The Courier"}],"event_choices":[{"damage_healed":0,"gold_gain":0,"player_choice":"Take Damage","damage_taken":18,"relics_obtained":["Golden Idol"],"max_hp_gain":0,"max_hp_loss":0,"event_name":"Golden Idol","floor":5,"gold_loss":0},{"damage_healed":0,"gold_gain":0,"player_choice":"Opened","damage_taken":0,"relics_obtained":["Juzu Bracelet"],"max_hp_gain":0,"max_hp_loss":0,"event_name":"The Mausoleum","floor":19,"gold_loss":0}],"is_beta":true,"boss_relics":[{"not_picked":["Orrery","Fusion Hammer"],"picked":"Runic Pyramid"}],"items_purged_floors":[2],"is_endless":false,"potions_floor_spawned":[4,7,11,14,16,20,22],"killed_by":"Slavers","ascension_level":3}