{"path_per_floor":["M","$","?","M","M","R","M","E","T","R","$","M","E","$","R","B",null,"M","$","M","M","M","R","E","R","T","E","R","M","$","M","R","B",null,"M","$","M","M","M","R","M","M","T","M","M","M","R","E","R","B"],"character_chosen":"THE_SILENT","items_purchased":["Deadly Poison","Caltrops+1","Dagger Spray","Noxious Fumes+1","Catalyst","Vajra","Well Laid Plans+1","Finisher+1"],"gold_per_floor":[116,10,10,28,45,45,64,90,90,90,15,26,58,35,35,136,136,152,85,96,110,121,121,152,152,182,211,211,228,6,25,25,120,120,133,25,40,57,70,70,87,97,149,167,181,200,200,231,231,231],"floor_reached":51,"campfire_rested":1,"playtime":2668,"item_purchase_floors":[2,2,14,19,30,30,36,36],"current_hp_per_floor":[68,68,68,68,64,64,59,36,42,42,42,33,44,44,44,30,82,74,74,74,73,68,82,75,75,81,76,76,88,88,87,87,74,94,93,93,78,78,79,79,81,81,87,95,96,108,108,113,113,50],"items_purged":["Pain"],"gold":231,"score":1010,"play_id":"1c75a807-2a98-48b1-b1d3-eeffd7e0cdd2","local_time":"20180621202535","daily_mods":["Brewmaster","Cursed Run","Vintage"],"is_prod":false,"is_daily":false,"chose_seed":true,"is_ascension_mode":false,"campfire_upgraded":7,"win_rate":0,"timestamp":1529605535,"campfire_choices":[{"data":"Neutralize","floor":6,"key":"SMITH"},{"data":"Venomology","floor":10,"key":"SMITH"},{"data":"Dagger Spray","floor":15,"key":"SMITH"},{"floor":23,"key":"REST"},{"data":"Adrenaline","floor":25,"key":"SMITH"},{"data":"Burst","floor":28,"key":"SMITH"},{"data":"Catalyst","floor":32,"key":"SMITH"},{"data":"Adrenaline","floor":40,"key":"SMITH"},{"floor":47,"key":"DIG"},{"floor":49,"key":"DIG"}],"path_taken":["M","$","?","M","M","R","M","E","T","R","$","M","E","$","R","BOSS","M","$","M","M","M","R","E","R","T","E","R","M","$","M","R","BOSS","M","$","M","M","M","R","M","M","T","M","M","M","R","E","R","BOSS"],"build_version":"2018-06-14v2","seed_source_timestamp":3783996660380981,"purchased_purges":1,"victory":true,"master_deck":["Defend_G","Defend_G","Defend_G","Defend_G","Strike_G","Strike_G+1","Strike_G","Survivor","Neutralize+1","Venomology+1","Venomology","Venomology","Venomology","Venomology","Deadly Poison","Caltrops+1","Dagger Throw+1","Backflip","Dagger Spray+1","Doubt","Burst+1","Noxious Fumes+1","Dagger Spray+1","Adrenaline+1","Parasite","Cloak And Dagger+1","Catalyst+1","Normality","Adrenaline+1","Terror+1","Noxious Fumes+1","Cloak And Dagger+1","Well Laid Plans+1","Finisher+1","Clumsy","Catalyst+1","Injury"],"max_hp_per_floor":[70,70,70,70,70,70,70,70,76,76,76,76,76,76,76,82,82,82,82,82,82,82,82,82,82,88,88,88,88,88,88,88,94,94,94,94,94,94,94,94,94,94,100,107,107,117,117,117,117,123],"special_seed":29952015251857,"relics":["Cursed Key","Darkstone Periapt","Du-Vu Doll","White Beast Statue","Frozen Egg 2","Bottled Flame","The Specimen","Kunai","Bag of Preparation","Centennial Puzzle","Meat on the Bone","Orichalcum","Regal Pillow","Busted Crown","Whetstone","Dream Catcher","Blue Candle","Toolbox","Paper Crane","Tiny Chest","Bag of Marbles","Snake Skull","Vajra","Question Card","Bottled Tornado","Astrolabe","Molten Egg 2","Ninja Scroll","Blood Vial","Gremlin Horn","Bronze Scales","Ornamental Fan","Art of War","Strawberry","Shovel","Pear","Singing Bowl","Prayer Wheel","Anchor"],"card_choices":[{"not_picked":["Terror","Distraction"],"picked":"Dagger Throw","floor":8},{"not_picked":["Flying Knee","Bullet Time"],"picked":"Backflip","floor":13},{"not_picked":["Unload","Night Terror"],"picked":"Burst","floor":16},{"not_picked":[],"picked":"Dagger Spray+1","floor":23},{"not_picked":[],"picked":"Adrenaline","floor":24},{"not_picked":[],"picked":"Cloak And Dagger+1","floor":27},{"not_picked":["Corpse Explosion"],"picked":"Adrenaline","floor":33},{"not_picked":["Flying Knee+1"],"picked":"Catalyst+1","floor":48}],"player_experience":899205,"potions_floor_usage":[4,7,7,7,8,8,8,12,12,12,13,13,13,13,16,16,16,16,18,18,20,20,21,21,22,24,24,24,27,29,31,31,33,35,35,35,37,37,37,37,38,42,42,45,45,45,48,50,50,50],"damage_taken":[{"damage":2,"enemies":"Small Slimes","floor":1,"turns":6},{"damage":0,"enemies":"Jaw Worm","floor":4,"turns":3},{"damage":4,"enemies":"2 Louse","floor":5,"turns":3},{"damage":5,"enemies":"Red Slaver","floor":7,"turns":3},{"damage":23,"enemies":"Gremlin Nob","floor":8,"turns":5},{"damage":9,"enemies":"Gremlin Gang","floor":12,"turns":4},{"damage":1,"enemies":"3 Sentries","floor":13,"turns":8},{"damage":32,"enemies":"Slime Boss","floor":16,"turns":9},{"damage":8,"enemies":"2 Thieves","floor":18,"turns":4},{"damage":0,"enemies":"Chosen","floor":20,"turns":5},{"damage":1,"enemies":"Centurion and Healer","floor":21,"turns":8},{"damage":5,"enemies":"Snake Plant","floor":22,"turns":4},{"damage":7,"enemies":"Book of Stabbing","floor":24,"turns":5},{"damage":5,"enemies":"Slavers","floor":27,"turns":3},{"damage":0,"enemies":"Chosen and Byrds","floor":29,"turns":4},{"damage":1,"enemies":"Slaver and Parasite","floor":31,"turns":4},{"damage":19,"enemies":"Champ","floor":33,"turns":8},{"damage":1,"enemies":"3 Darklings","floor":35,"turns":3},{"damage":15,"enemies":"3 Shapes","floor":37,"turns":3},{"damage":0,"enemies":"Sphere and 2 Shapes","floor":38,"turns":2},{"damage":1,"enemies":"3 Darklings","floor":39,"turns":3},{"damage":0,"enemies":"4 Shapes","floor":41,"turns":1},{"damage":2,"enemies":"Maw","floor":42,"turns":5},{"damage":1,"enemies":"Sphere and 2 Shapes","floor":44,"turns":2},{"damage":1,"enemies":"4 Shapes","floor":45,"turns":2},{"damage":0,"enemies":"3 Darklings","floor":46,"turns":1},{"damage":1,"enemies":"Giant Head","floor":48,"turns":5},{"damage":83,"enemies":"Time Eater","floor":50,"turns":10}],"relics_obtained":[{"floor":1,"key":"Frozen Egg 2"},{"floor":4,"key":"Bottled Flame"},{"floor":5,"key":"The Specimen"},{"floor":7,"key":"Kunai"},{"floor":8,"key":"Bag of Preparation"},{"floor":9,"key":"Centennial Puzzle"},{"floor":12,"key":"Meat on the Bone"},{"floor":13,"key":"Orichalcum"},{"floor":16,"key":"Regal Pillow"},{"floor":18,"key":"Whetstone"},{"floor":20,"key":"Dream Catcher"},{"floor":21,"key":"Blue Candle"},{"floor":22,"key":"Toolbox"},{"floor":24,"key":"Paper Crane"},{"floor":26,"key":"Tiny Chest"},{"floor":27,"key":"Bag of Marbles"},{"floor":29,"key":"Snake Skull"},{"floor":31,"key":"Question Card"},{"floor":33,"key":"Bottled Tornado"},{"floor":35,"key":"Molten Egg 2"},{"floor":37,"key":"Ninja Scroll"},{"floor":38,"key":"Blood Vial"},{"floor":39,"key":"Gremlin Horn"},{"floor":41,"key":"Bronze Scales"},{"floor":42,"key":"Ornamental Fan"},{"floor":43,"key":"Art of War"},{"floor":44,"key":"Strawberry"},{"floor":45,"key":"Shovel"},{"floor":46,"key":"Pear"},{"floor":47,"key":"Singing Bowl"},{"floor":48,"key":"Prayer Wheel"},{"floor":49,"key":"Anchor"}],"event_choices":[{"event_name":"Golden Wing","player_choice":"Ignored","floor":3,"damage_taken":0}],"boss_relics":[{"not_picked":["Eternal Feather","Coffee Dripper"],"picked":"Busted Crown"},{"not_picked":["Tiny House","Runic Pyramid"],"picked":"Astrolabe"}],"items_purged_floors":[11],"is_endless":false,"potions_floor_spawned":[1,4,5,7,8,12,13,16,18,20,21,22,24,27,29,31,33,35,37,38,39,41,42,44,45,46,48],"seed_played":"8120115983235917755","ascension_level":0,"potions_obtained":[{"floor":1,"key":"Fire Potion"},{"floor":5,"key":"AttackPotion"},{"floor":7,"key":"PowerPotion"},{"floor":12,"key":"Dexterity Potion"},{"floor":13,"key":"Poison Potion"},{"floor":16,"key":"FearPotion"},{"floor":18,"key":"GhostInAJar"},{"floor":21,"key":"Fire Potion"},{"floor":24,"key":"Regen Potion"},{"floor":27,"key":"Block Potion"},{"floor":29,"key":"EssenceOfSteel"},{"floor":33,"key":"Swift Potion"},{"floor":35,"key":"GamblersBrew"},{"floor":37,"key":"EssenceOfSteel"},{"floor":38,"key":"Strength Potion"},{"floor":42,"key":"Swift Potion"},{"floor":46,"key":"Swift Potion"}],"is_trial":true}