{"gold_per_floor":[10,22,22,22,22,61,61,75,127,127,127,143,187,212,212,305,305,318,318,341,361,361],"floor_reached":22,"playtime":1049,"items_purged":[],"score":363,"play_id":"b9db5bb5-f927-4c8d-b0c0-792682cb708e","local_time":"20190215110211","is_ascension_mode":true,"campfire_choices":[{"floor":7.0,"key":"REST"},{"floor":11.0,"key":"REST"},{"data":"True Grit","floor":15,"key":"SMITH"}],"neow_cost":"NO_GOLD","seed_source_timestamp":113056551174538,"circlet_count":0,"master_deck":["AscendersBane","Strike_R","Strike_R","Strike_R","Strike_R","Defend_R","Defend_R","Defend_R","Defend_R","Bash","Inflame","Spot Weakness","True Grit+1","Sword Boomerang","Pummel","Pummel","Burning Pact","Immolate","Feed","Pummel","Shrug It Off"],"special_seed":0,"relics":["Burning Blood","Gambling Chip","Golden Idol","Strawberry","Art of War","Lantern","Runic Pyramid"],"potions_floor_usage":[14,16],"damage_taken":[{"damage":9.0,"enemies":"Jaw Worm","floor":1.0,"turns":5.0},{"damage":15.0,"enemies":"2 Louse","floor":2.0,"turns":3.0},{"damage":40.0,"enemies":"3 Sentries","floor":6.0,"turns":10.0},{"damage":6.0,"enemies":"Cultist","floor":8.0,"turns":3.0},{"damage":25.0,"enemies":"3 Louse","floor":12.0,"turns":4.0},{"damage":21.0,"enemies":"Lagavulin","floor":13.0,"turns":5.0},{"damage":5,"enemies":"Large Slime","floor":14,"turns":2},{"damage":27,"enemies":"The Guardian","floor":16,"turns":9},{"damage":30,"enemies":"3 Byrds","floor":18,"turns":4},{"damage":28,"enemies":"2 Thieves","floor":20,"turns":3},{"damage":35,"enemies":"Snecko","floor":21,"turns":5},{"damage":19,"enemies":"Snake Plant","floor":22,"turns":2}],"seed_played":"-7379530214037856898","potions_obtained":[{"floor":2.0,"key":"Energy Potion"},{"floor":6.0,"key":"FearPotion"},{"floor":12.0,"key":"Ancient Potion"},{"floor":14,"key":"LiquidBronze"}],"is_trial":false,"path_per_floor":["M","M","?","?","?","E","R","M","T","?","R","M","E","M","R","B",null,"M","?","M","M","M"],"character_chosen":"IRONCLAD","items_purchased":[],"campfire_rested":2,"item_purchase_floors":[],"current_hp_per_floor":[65,56,56,56,61,34,58,58,58,58,80,61,46,47,47,26,67,46,63,44,18,0],"gold":361,"neow_bonus":"ONE_RARE_RELIC","is_prod":false,"is_daily":false,"chose_seed":false,"campfire_upgraded":1,"win_rate":0,"timestamp":1550246531,"path_taken":["M","M","?","?","?","E","R","M","T","?","R","?","E","M","R","BOSS","M","?","M","M","M"],"build_version":"2019-01-23","purchased_purges":0,"victory":false,"max_hp_per_floor":[75,75,68,68,73,80,80,80,80,80,80,80,80,80,80,80,80,83,83,86,89,89],"card_choices":[{"not_picked":["Body Slam","Iron Wave"],"picked":"Inflame","floor":1.0},{"not_picked":["Body Slam","Havoc"],"picked":"Spot Weakness","floor":2.0},{"not_picked":["Body Slam","Twin Strike"],"picked":"True Grit","floor":6.0},{"not_picked":["Pommel Strike","Shrug It Off"],"picked":"Sword Boomerang","floor":8.0},{"not_picked":["Warcry","Corruption"],"picked":"Pummel","floor":12.0},{"not_picked":["Havoc","Rupture"],"picked":"Burning Pact","floor":13.0},{"not_picked":["Warcry","Second Wind"],"picked":"Immolate","floor":14},{"not_picked":["Barricade","Fiend Fire"],"picked":"Feed","floor":16},{"not_picked":["Headbutt","Bloodletting","Warcry+1"],"picked":"SKIP","floor":18},{"not_picked":["Sword Boomerang","Seeing Red"],"picked":"Pummel","floor":20},{"not_picked":["Heavy Blade","Second Wind"],"picked":"Shrug It Off","floor":21}],"player_experience":2436663,"relics_obtained":[{"floor":6.0,"key":"Strawberry"},{"floor":9.0,"key":"Art of War"},{"floor":13.0,"key":"Lantern"}],"event_choices":[{"damage_healed":0.0,"max_hp_gain":0.0,"max_hp_loss":7.0,"gold_gain":0.0,"event_name":"Golden Idol","player_choice":"Lose Max HP","floor":3.0,"gold_loss":0.0,"damage_taken":0.0,"relics_obtained":["Golden Idol"]},{"cards_removed":["Strike_R"],"damage_healed":0.0,"max_hp_gain":0.0,"max_hp_loss":0.0,"gold_gain":0.0,"event_name":"Living Wall","player_choice":"Forget","floor":4.0,"gold_loss":0.0,"damage_taken":0.0},{"damage_healed":0.0,"max_hp_gain":5.0,"max_hp_loss":0.0,"gold_gain":0.0,"event_name":"Big Fish","player_choice":"Donut","floor":5.0,"gold_loss":0.0,"damage_taken":0.0},{"damage_healed":0.0,"max_hp_gain":0.0,"max_hp_loss":0.0,"gold_gain":0.0,"event_name":"Match and Keep!","player_choice":"1 cards matched","floor":10.0,"gold_loss":0.0,"damage_taken":0.0,"cards_obtained":["Pummel"]},{"damage_healed":17,"gold_gain":0,"player_choice":"Heal","damage_taken":0,"max_hp_gain":0,"max_hp_loss":0,"event_name":"The Library","floor":19,"gold_loss":0}],"is_beta":false,"boss_relics":[{"not_picked":["Pandora\u0027s Box","Coffee Dripper"],"picked":"Runic Pyramid"}],"items_purged_floors":[],"is_endless":false,"potions_floor_spawned":[2,6,12,14],"killed_by":"Snake Plant","ascension_level":17}