{"gold_per_floor":[112,112,131,131,142,142,161,161,161,179,50,70,80,80,80,182,182,193,11,29,29,29],"floor_reached":22,"playtime":1490,"items_purged":["Strike_B","Strike_B"],"score":231,"play_id":"b078b317-2e51-4e85-9cb8-8efebef9eb17","local_time":"20180625151423","is_ascension_mode":true,"campfire_choices":[{"data":"Zap","floor":6,"key":"SMITH"},{"floor":8,"key":"REST"},{"floor":15,"key":"REST"}],"neow_cost":"NONE","seed_source_timestamp":69674783379955,"circlet_count":0,"master_deck":["Strike_B","Strike_B","Defend_B","Defend_B","Defend_B","Defend_B","Zap+1","Dualcast","Hologram","Coolheaded","Coolheaded","Genetic Algorithm","Cold Snap","Cold Snap","Redo","Capacitor+1","Creative AI","Doom and Gloom"],"relics":["Cracked Core","Blood Vial","Matryoshka","Nuclear Battery"],"potions_floor_usage":[12,16,22,22],"damage_taken":[{"damage":7,"enemies":"Small Slimes","floor":1,"turns":4},{"damage":2,"enemies":"Jaw Worm","floor":3,"turns":3},{"damage":6,"enemies":"Cultist","floor":5,"turns":4},{"damage":11,"enemies":"Exordium Wildlife","floor":7,"turns":3},{"damage":20,"enemies":"Large Slime","floor":10,"turns":8},{"damage":18,"enemies":"Lots of Slimes","floor":12,"turns":4},{"damage":7,"enemies":"Red Slaver","floor":13,"turns":3},{"damage":39,"enemies":"Slime Boss","floor":16,"turns":26},{"damage":34,"enemies":"Shell Parasite","floor":18,"turns":8},{"damage":30,"enemies":"3 Byrds","floor":20,"turns":6},{"damage":43,"enemies":"Slaver and Parasite","floor":22,"turns":5}],"seed_played":"7878169644596696556","potions_obtained":[{"floor":3,"key":"Regen Potion"},{"floor":10,"key":"Swift Potion"},{"floor":13,"key":"Regen Potion"},{"floor":16,"key":"Block Potion"}],"is_trial":false,"path_per_floor":["M","?","M","?","M","R","M","R","T","M","$","M","M","?","R","B",null,"M","$","M","?"],"character_chosen":"DEFECT","items_purchased":["Cold Snap","Doom and Gloom"],"campfire_rested":2,"item_purchase_floors":[11,19],"current_hp_per_floor":[63,63,63,68,64,64,55,79,79,60,60,53,48,48,72,50,73,41,41,13,39,0],"gold":29,"neow_bonus":"RANDOM_COMMON_RELIC","is_prod":false,"is_daily":false,"chose_seed":false,"campfire_upgraded":1,"win_rate":0,"timestamp":1529954063,"path_taken":["M","?","?","?","M","R","?","R","T","?","$","M","M","?","R","BOSS","M","$","M","?","M"],"build_version":"2018-06-21v2","purchased_purges":2,"victory":false,"max_hp_per_floor":[75,75,75,80,80,80,80,80,80,80,80,80,80,80,80,80,80,80,80,80,80,80],"card_choices":[{"not_picked":["Barrage","Stack"],"picked":"Hologram","floor":1},{"not_picked":["Sweeping Beam","Hologram"],"picked":"Coolheaded","floor":3},{"not_picked":["Meteor Strike","Stack"],"picked":"Coolheaded","floor":5},{"not_picked":["Leap","Compile Driver"],"picked":"Genetic Algorithm","floor":7},{"not_picked":["Stack","Chaos"],"picked":"Cold Snap","floor":10},{"not_picked":["Hologram","Steam"],"picked":"Redo","floor":12},{"not_picked":["Steam","Stack"],"picked":"Capacitor","floor":13},{"not_picked":["Hyperbeam","Core Surge"],"picked":"Creative AI","floor":16},{"not_picked":["Conserve Battery+1","Turbo","Lockon"],"picked":"SKIP","floor":18},{"not_picked":["Gash","Beam Cell","Compile Driver+1"],"picked":"SKIP","floor":20}],"player_experience":751517,"relics_obtained":[{"floor":9,"key":"Matryoshka"}],"event_choices":[{"event_name":"Liars Game","player_choice":"disagreed","floor":2,"damage_taken":0},{"event_name":"Big Fish","player_choice":"Donut","floor":4,"damage_taken":0},{"event_name":"Living Wall","player_choice":"Grow","floor":14,"damage_taken":0},{"event_name":"The Library","player_choice":"Heal","floor":21,"damage_taken":0}],"boss_relics":[{"not_picked":["Runic Dome","Eternal Feather"],"picked":"Nuclear Battery"}],"items_purged_floors":[11,19],"is_endless":false,"potions_floor_spawned":[3,10,13,16],"killed_by":"Slaver and Parasite","ascension_level":6}