{"gold_per_floor":[118,118,128,28,44,44,44,77,101,117,136,166,184,164],"floor_reached":14,"playtime":500,"items_purged":["Strike_G"],"score":204,"play_id":"045cb949-c320-46e0-8d05-5c04beaa6a8b","local_time":"20190213162843","is_ascension_mode":true,"campfire_choices":[{"data":"After Image","floor":6,"key":"SMITH"}],"neow_cost":"NONE","seed_source_timestamp":69161859302861,"circlet_count":0,"master_deck":["AscendersBane","Defend_G","Defend_G","Defend_G","Defend_G+1","Defend_G","Strike_G","Strike_G","Strike_G","Strike_G","Survivor","Neutralize","After Image+1","Backflip","Infinite Blades","Dodge and Roll","Bullet Time+1","Skewer","Blade Dance","Backflip","Caltrops"],"relics":["Ring of the Snake","GremlinMask","Bronze Scales","Dream Catcher","War Paint"],"potions_floor_usage":[8,12],"damage_taken":[{"damage":0,"enemies":"2 Louse","floor":1,"turns":4},{"damage":0,"enemies":"Small Slimes","floor":3,"turns":7},{"damage":3,"enemies":"Cultist","floor":5,"turns":5},{"damage":42,"enemies":"Gremlin Nob","floor":8,"turns":6},{"damage":0,"enemies":"3 Louse","floor":10,"turns":4},{"damage":3,"enemies":"Looter","floor":11,"turns":3},{"damage":5,"enemies":"3 Sentries","floor":12,"turns":7},{"damage":0,"enemies":"Red Slaver","floor":13,"turns":5},{"damage":12,"enemies":"Exordium Thugs","floor":14,"turns":1}],"seed_played":"-1071349270130526864","potions_obtained":[{"floor":5,"key":"Poison Potion"},{"floor":10,"key":"GamblersBrew"},{"floor":11,"key":"Strength Potion"}],"is_trial":false,"path_per_floor":["M","?","M","$","M","R","?","E","T","M","M","E","M","M"],"character_chosen":"THE_SILENT","items_purchased":["Dodge and Roll"],"campfire_rested":0,"item_purchase_floors":[4],"current_hp_per_floor":[59,64,64,64,61,61,61,19,19,19,16,11,11,0],"gold":164,"neow_bonus":"ONE_RANDOM_RARE_CARD","is_prod":false,"is_daily":false,"chose_seed":false,"campfire_upgraded":1,"win_rate":0,"timestamp":1550071723,"path_taken":["M","?","M","$","M","R","?","E","T","M","M","E","M","M"],"build_version":"2019-01-23","purchased_purges":1,"victory":false,"max_hp_per_floor":[66,71,71,71,71,71,71,71,71,71,71,71,71,71],"card_choices":[{"not_picked":["Quick Slash","All Out Attack"],"picked":"Backflip","floor":1},{"not_picked":["Accuracy","Calculated Gamble"],"picked":"Infinite Blades","floor":3},{"not_picked":["Underhanded Strike","Bane","Eviscerate"],"picked":"SKIP","floor":5},{"not_picked":["All Out Attack","Slice"],"picked":"Bullet Time","floor":8},{"not_picked":["Outmaneuver","Slice"],"picked":"Skewer","floor":10},{"not_picked":["Riddle With Holes","Flying Knee"],"picked":"Blade Dance","floor":11},{"not_picked":["Dagger Throw","Flechettes"],"picked":"Backflip","floor":12},{"not_picked":["Quick Slash","Skewer"],"picked":"Caltrops","floor":13}],"player_experience":1410090,"relics_obtained":[{"floor":8,"key":"Bronze Scales"},{"floor":9,"key":"War Paint"},{"floor":12,"key":"Dream Catcher"}],"event_choices":[{"damage_healed":0,"gold_gain":0,"player_choice":"Donut","damage_taken":0,"max_hp_gain":5,"max_hp_loss":0,"event_name":"Big Fish","floor":2,"gold_loss":0},{"damage_healed":0,"gold_gain":0,"player_choice":"Trade","damage_taken":0,"relics_obtained":["GremlinMask"],"max_hp_gain":0,"max_hp_loss":0,"event_name":"FaceTrader","floor":7,"gold_loss":0}],"is_beta":false,"boss_relics":[],"items_purged_floors":[4],"is_endless":false,"potions_floor_spawned":[5,10,11],"killed_by":"Exordium Thugs","ascension_level":20}