{"path_per_floor":["M","?","M","$","M","E","M","R","T","?","M","M","M","M","R","B",null,"M","$","?","M","M","R","M","M","T","?","M","M","?","M","R","B",null,"M","$","?","M","$","E","M","$","T"],"character_chosen":"IRONCLAD","items_purchased":["Bottled Tornado","Bag of Preparation","Reckless Charge","Flame Barrier","Anger","Rage","Panacea"],"gold_per_floor":[110,110,130,130,144,179,189,189,189,253,269,285,295,314,314,417,417,431,15,15,26,46,46,64,76,131,131,141,153,68,87,87,183,183,194,157,157,171,85,115,134,5,5,5],"floor_reached":44,"campfire_rested":3,"playtime":5771,"current_hp_per_floor":[74,62,67,67,68,53,52,52,52,42,37,38,32,24,48,49,80,76,76,60,39,27,51,34,30,30,56,28,24,24,23,47,14,80,36,36,70,48,48,24,16,16,16,0],"items_purged":[],"gold":5,"score":523,"play_id":"c93ce80d-8673-4bbc-b9f0-72d44fe49309","local_time":"20180522220714","is_prod":false,"is_daily":false,"chose_seed":false,"is_ascension_mode":false,"campfire_upgraded":1,"timestamp":1527041234,"campfire_choices":[{"data":"Heavy Blade","floor":8.0,"key":"SMITH"},{"floor":15.0,"key":"REST"},{"floor":23.0,"key":"REST"},{"floor":32.0,"key":"REST"}],"path_taken":["M","?","M","$","M","E","M","R","T","?","M","?","M","M","R","BOSS","M","$","?","M","M","R","M","M","T","?","M","M","?","M","R","BOSS","M","$","?","M","$","E","M","$","T","M"],"build_version":"2018-05-17","seed_source_timestamp":0,"purchased_purges":0,"victory":false,"master_deck":["Strike_R","Strike_R","Strike_R","Strike_R","Strike_R","Defend_R","Defend_R","Defend_R","Defend_R","Bash","Ghostly Armor","Heavy Blade+1","Clash","Anger","Flex","Inflame","Headbutt","Cleave","Warcry","Iron Wave","Clash","Demon Form","Shockwave","Blood for Blood","Anger+1","Thunderclap+1","Heavy Blade","Carnage+1","Heavy Blade","Heavy Blade","Double Tap","Intimidate","Reckless Charge","Anger","Flame Barrier","Anger","Thunderclap+1","Impervious","Rage","Panacea"],"max_hp_per_floor":[80,80,80,80,80,80,80,80,80,80,80,80,80,80,80,80,80,80,80,80,80,80,80,80,80,80,80,80,80,80,80,80,80,80,80,80,70,70,70,70,70,70,70,70],"relics":["Burning Blood","Question Card","Letter Opener","Kunai","Vajra","Runic Cube","Bottled Tornado","Bag of Preparation","Nilry\u0027s Codex","Blood Vial","Ornamental Fan","Lizard Tail","Toolbox","Bird Faced Urn"],"card_choices":[{"not_picked":["True Grit","Sword Boomerang"],"picked":"Ghostly Armor","floor":0.0},{"not_picked":["Warcry","Armaments"],"picked":"Heavy Blade","floor":1.0},{"not_picked":["Sentinel","Flame Barrier","Pommel Strike"],"picked":"Clash","floor":3.0},{"not_picked":["Limit Break","Pommel Strike","Fire Breathing"],"picked":"Anger","floor":5.0},{"not_picked":["Dropkick","Shrug It Off","Intimidate"],"picked":"Flex","floor":6.0},{"not_picked":["Shrug It Off","Bloodletting","Cleave"],"picked":"Inflame","floor":7.0},{"not_picked":["Wild Strike","Warcry","Body Slam"],"picked":"Headbutt","floor":10.0},{"not_picked":["Juggernaut","Clash","Warcry"],"picked":"Cleave","floor":11.0},{"not_picked":["Iron Wave","Cleave","Armaments"],"picked":"Warcry","floor":12.0},{"not_picked":["Havoc","Twin Strike","Hemokinesis"],"picked":"Iron Wave","floor":13.0},{"not_picked":["Dual Wield","Juggernaut","Havoc"],"picked":"Clash","floor":14.0},{"not_picked":["Impervious","Juggernaut","Immolate"],"picked":"Demon Form","floor":16.0},{"not_picked":["Havoc","Metallicize","Power Through+1"],"picked":"Shockwave","floor":18.0},{"not_picked":["Intimidate+1","Dropkick","Havoc"],"picked":"Blood for Blood","floor":21.0},{"not_picked":["Shrug It Off+1","Body Slam","Pommel Strike+1"],"picked":"Anger+1","floor":22.0},{"not_picked":["Sever Soul","Pommel Strike","Ghostly Armor"],"picked":"Thunderclap+1","floor":24.0},{"not_picked":["Clash","Thunderclap","Perfected Strike"],"picked":"Heavy Blade","floor":25.0},{"not_picked":["Rupture","Pummel","Demon Form"],"picked":"Carnage+1","floor":28.0},{"not_picked":["Headbutt","Clash+1","Clothesline"],"picked":"Heavy Blade","floor":29.0},{"not_picked":["Evolve","Pummel","Shockwave"],"picked":"Heavy Blade","floor":31.0},{"not_picked":["Immolate","Offering","Exhume"],"picked":"Double Tap","floor":33.0},{"not_picked":["Searing Blow","Warcry","Headbutt"],"picked":"Intimidate","floor":35.0},{"not_picked":["Second Wind","Shrug It Off","Heavy Blade"],"picked":"Anger","floor":38.0},{"not_picked":["Body Slam+1","Headbutt","Warcry"],"picked":"Thunderclap+1","floor":40},{"not_picked":["Pommel Strike+1","Shrug It Off","Anger+1"],"picked":"Impervious","floor":41}],"player_experience":53792,"potions_floor_usage":[41],"damage_taken":[{"damage":12.0,"enemies":"2 Louse","floor":1.0,"turns":3.0},{"damage":1.0,"enemies":"Jaw Worm","floor":3.0,"turns":3.0},{"damage":5.0,"enemies":"Small Slimes","floor":5.0,"turns":3.0},{"damage":36.0,"enemies":"Lagavulin","floor":6.0,"turns":8.0},{"damage":7.0,"enemies":"Blue Slaver","floor":7.0,"turns":3.0},{"damage":16.0,"enemies":"3 Sentries","floor":10.0,"turns":5.0},{"damage":11.0,"enemies":"Red Slaver","floor":11.0,"turns":4.0},{"damage":5.0,"enemies":"Looter","floor":12.0,"turns":2.0},{"damage":12.0,"enemies":"Gremlin Gang","floor":13.0,"turns":3.0},{"damage":14.0,"enemies":"Exordium Wildlife","floor":14.0,"turns":2.0},{"damage":5.0,"enemies":"Slime Boss","floor":16.0,"turns":7.0},{"damage":10.0,"enemies":"Chosen","floor":18.0,"turns":3.0},{"damage":27.0,"enemies":"Spheric Guardian","floor":21.0,"turns":4.0},{"damage":18.0,"enemies":"Chosen and Byrds","floor":22.0,"turns":4.0},{"damage":23.0,"enemies":"Snecko","floor":24.0,"turns":5.0},{"damage":19.0,"enemies":"Cultist and Chosen","floor":25.0,"turns":6.0},{"damage":36.0,"enemies":"Snake Plant","floor":28.0,"turns":3.0},{"damage":12.0,"enemies":"Chosen and Byrds","floor":29.0,"turns":4.0},{"damage":9.0,"enemies":"3 Cultists","floor":31.0,"turns":4.0},{"damage":57.0,"enemies":"Automaton","floor":33.0,"turns":7.0},{"damage":50.0,"enemies":"3 Darklings","floor":35.0,"turns":6.0},{"damage":28.0,"enemies":"Orb Walker","floor":38.0,"turns":3.0},{"damage":32.0,"enemies":"2 Orb Walkers","floor":40.0,"turns":4.0},{"damage":67,"enemies":"Sphere and 2 Shapes","floor":41,"turns":6},{"damage":20,"enemies":"Maw","floor":44,"turns":5}],"relics_obtained":[{"floor":6.0,"key":"Letter Opener"},{"floor":9.0,"key":"Kunai"},{"floor":20.0,"key":"Nilry\u0027s Codex"},{"floor":26.0,"key":"Blood Vial"},{"floor":40,"key":"Toolbox"},{"floor":43,"key":"Bird Faced Urn"}],"event_choices":[{"event_name":"Scrap Ooze","player_choice":"success","floor":2.0,"damage_taken":12.0},{"event_name":"Dead Adventurer","player_choice":"Searched \u00273\u0027 times","floor":10.0,"damage_taken":0.0},{"event_name":"Cursed Tome","player_choice":"Obtained Book","floor":20.0,"damage_taken":0.0},{"event_name":"The Library","player_choice":"Heal","floor":27.0,"damage_taken":0.0},{"event_name":"Addict","player_choice":"Obtained Relic","floor":30.0,"damage_taken":0.0},{"event_name":"The Moai Head","player_choice":"Heal","floor":37.0,"damage_taken":0.0}],"boss_relics":[],"potions_floor_spawned":[3,11,12,13,14,21,22,25,31,33,38,40],"seed_played":"-7655366777827080943","killed_by":"Maw","ascension_level":0,"potions_obtained":[{"floor":3.0,"key":"Regen Potion"},{"floor":11.0,"key":"Fire Potion"},{"floor":12.0,"key":"Swift Potion"},{"floor":13.0,"key":"Explosive Potion"},{"floor":14.0,"key":"FairyPotion"},{"floor":21.0,"key":"PowerPotion"},{"floor":22.0,"key":"SteroidPotion"},{"floor":25.0,"key":"GamblersBrew"},{"floor":31.0,"key":"Poison Potion"},{"floor":33.0,"key":"EssenceOfSteel"},{"floor":38.0,"key":"Dexterity Potion"},{"floor":40,"key":"Regen Potion"}],"is_trial":false}