{"gold_per_floor":[217,367,367,379,379,410,410,439,464,444,444,3,16,27,27,27],"floor_reached":16,"playtime":687,"items_purged":["Doubt"],"score":205,"play_id":"08e5d86f-0e37-4b49-a31d-5422d2682a19","local_time":"20190120173407","is_ascension_mode":true,"campfire_choices":[{"floor":7,"key":"REST"},{"floor":11,"key":"REST"},{"floor":15,"key":"REST"}],"neow_cost":"NONE","seed_source_timestamp":33046030888819,"circlet_count":0,"master_deck":["AscendersBane","Strike_B","Strike_B","Strike_B","Strike_B","Defend_B","Defend_B","Defend_B","Defend_B","Zap","Dualcast","Sweeping Beam","Chill","Genetic Algorithm","Rip and Tear","Buffer","Genetic Algorithm","Hologram"],"relics":["Cracked Core","Smiling Mask","Question Card","Boot","MealTicket"],"potions_floor_usage":[6,6,6,8,14,16],"damage_taken":[{"damage":2,"enemies":"2 Louse","floor":1,"turns":3},{"damage":7,"enemies":"Cultist","floor":4,"turns":4},{"damage":32,"enemies":"Gremlin Nob","floor":6,"turns":4},{"damage":56,"enemies":"3 Sentries","floor":8,"turns":14},{"damage":2,"enemies":"Small Slimes","floor":13,"turns":3},{"damage":21,"enemies":"Gremlin Gang","floor":14,"turns":5},{"damage":24,"enemies":"Slime Boss","floor":16,"turns":7}],"seed_played":"6834138957784754775","potions_obtained":[{"floor":1,"key":"PowerPotion"},{"floor":3,"key":"EntropicBrew"},{"floor":6,"key":"Block Potion"},{"floor":8,"key":"SpeedPotion"},{"floor":10,"key":"Strength Potion"}],"is_trial":false,"path_per_floor":["M","?","?","M","?","E","R","E","T","?","R","$","M","M","R","B"],"character_chosen":"DEFECT","items_purchased":["Buffer","MealTicket"],"campfire_rested":3,"item_purchase_floors":[12,12],"current_hp_per_floor":[62,62,62,55,71,39,60,4,4,4,25,25,23,2,23,0],"gold":27,"neow_bonus":"HUNDRED_GOLD","is_prod":false,"is_daily":false,"chose_seed":false,"campfire_upgraded":0,"win_rate":0,"timestamp":1548023647,"path_taken":["M","?","?","?","?","E","R","E","T","?","R","$","?","M","R","BOSS"],"build_version":"2019-01-17v2","purchased_purges":1,"victory":false,"max_hp_per_floor":[71,71,71,71,71,71,71,71,71,71,71,71,71,71,71,71],"card_choices":[{"not_picked":["Undo","Aggregate"],"picked":"Sweeping Beam","floor":1},{"not_picked":["Leap","Sweeping Beam"],"picked":"Chill","floor":4},{"not_picked":["Auto Shields","Chaos"],"picked":"Genetic Algorithm","floor":6},{"not_picked":["All For One","Stack"],"picked":"Rip and Tear","floor":8},{"not_picked":["Reprogram","Chaos","Stack"],"picked":"Genetic Algorithm","floor":13},{"not_picked":["Compile Driver","Chill","Lockon"],"picked":"Hologram","floor":14}],"player_experience":2176435,"relics_obtained":[{"floor":6,"key":"Smiling Mask"},{"floor":8,"key":"Question Card"},{"floor":9,"key":"Boot"}],"event_choices":[{"damage_healed":0,"gold_gain":150,"player_choice":"AGREE","damage_taken":0,"max_hp_gain":0,"max_hp_loss":0,"event_name":"Liars Game","floor":2,"gold_loss":0,"cards_obtained":["Doubt"]},{"damage_healed":0,"gold_gain":0,"player_choice":"Got Potions","damage_taken":0,"max_hp_gain":0,"max_hp_loss":0,"event_name":"Lab","floor":3,"gold_loss":0},{"damage_healed":23,"gold_gain":0,"player_choice":"Banana","damage_taken":0,"max_hp_gain":0,"max_hp_loss":0,"event_name":"Big Fish","floor":5,"gold_loss":0},{"damage_healed":0,"gold_gain":0,"player_choice":"Bought 1 Potion","damage_taken":0,"max_hp_gain":0,"max_hp_loss":0,"event_name":"The Woman in Blue","floor":10,"gold_loss":0}],"is_beta":false,"boss_relics":[],"items_purged_floors":[12],"is_endless":false,"potions_floor_spawned":[1,6,8,13],"killed_by":"Slime Boss","ascension_level":18}