{"gold_per_floor":[115,115,128,140,154,185,185,217,267,267,267,267,267,305,305,434,434,458,458,557,570,595,595,635,656,656,656,687,205,205,230,230,356,356,379,140,140,154,0,0,39,39,116,116,132,132,147,147,147,147],"floor_reached":51,"playtime":4372,"items_purged":["Barricade","Defend_R"],"score":842,"play_id":"6b39e33e-c55e-48bc-9551-28dde23e64aa","local_time":"20180705013133","is_ascension_mode":true,"campfire_choices":[{"data":"Infernal Blade","floor":7,"key":"SMITH"},{"data":"Iron Wave","floor":10,"key":"SMITH"},{"floor":13,"key":"REST"},{"floor":15,"key":"REST"},{"floor":23,"key":"REST"},{"floor":27,"key":"REST"},{"floor":30,"key":"REST"},{"data":"Disarm","floor":32,"key":"SMITH"},{"data":"Armaments","floor":40,"key":"SMITH"},{"floor":42,"key":"REST"},{"data":"Bash","floor":49,"key":"SMITH"}],"neow_cost":"NONE","seed_source_timestamp":702903811300892,"circlet_count":0,"master_deck":["Strike_R","Strike_R","Strike_R","Strike_R","Defend_R","Defend_R","Bash+1","Clothesline","Infernal Blade+1","Iron Wave+1","Reckless Charge","Offering","Flame Barrier+1","Evolve","Flame Barrier+1","Inflame","Disarm+1","Demon Form","Metallicize+1","Disarm","Limit Break","Armaments+1","Thunderclap+1","Shrug It Off+1"],"relics":["Burning Blood","Magic Flower","Bottled Lightning","Happy Flower","Golden Idol","Vajra","Velvet Choker","Nilry\u0027s Codex","Blood Vial","Pantograph","Mummified Hand","Orichalcum","Kunai","Mark of Pain","Red Mask","Centennial Puzzle","Darkstone Periapt","Bird Faced Urn","Pear"],"potions_floor_usage":[41,50,50,50],"damage_taken":[{"damage":4,"enemies":"2 Louse","floor":1,"turns":4},{"damage":6,"enemies":"Cultist","floor":3,"turns":3},{"damage":7,"enemies":"Small Slimes","floor":4,"turns":3},{"damage":16,"enemies":"Exordium Wildlife","floor":5,"turns":4},{"damage":34,"enemies":"Gremlin Nob","floor":6,"turns":5},{"damage":42,"enemies":"Lagavulin","floor":8,"turns":7},{"damage":41,"enemies":"3 Sentries","floor":14,"turns":10},{"damage":16,"enemies":"Slime Boss","floor":16,"turns":10},{"damage":24,"enemies":"Spheric Guardian","floor":18,"turns":4},{"damage":16,"enemies":"2 Thieves","floor":21,"turns":4},{"damage":21,"enemies":"Snake Plant","floor":22,"turns":4},{"damage":28,"enemies":"Book of Stabbing","floor":24,"turns":4},{"damage":26,"enemies":"Slaver and Parasite","floor":25,"turns":5},{"damage":50,"enemies":"Gremlin Leader","floor":28,"turns":8},{"damage":5,"enemies":"Centurion and Healer","floor":31,"turns":6},{"damage":71,"enemies":"Champ","floor":33,"turns":13},{"damage":25,"enemies":"3 Darklings","floor":35,"turns":5},{"damage":45,"enemies":"3 Shapes","floor":38,"turns":5},{"damage":27,"enemies":"Nemesis","floor":41,"turns":7},{"damage":19,"enemies":"Transient","floor":45,"turns":5},{"damage":9,"floor":46,"turns":5},{"damage":23,"enemies":"Maw","floor":47,"turns":7},{"damage":46,"enemies":"Donu and Deca","floor":50,"turns":7}],"seed_played":"-4776303182629494085","potions_obtained":[{"floor":6,"key":"Ancient Potion"},{"floor":8,"key":"Weak Potion"},{"floor":16,"key":"SpeedPotion"},{"floor":33,"key":"AttackPotion"},{"floor":37,"key":"BloodPotion"},{"floor":46,"key":"EssenceOfSteel"}],"is_trial":false,"path_per_floor":["M","?","M","M","M","E","R","E","T","R","?","?","R","E","R","B",null,"M","?","?","M","M","R","E","M","T","R","E","$","R","M","R","B",null,"M","$","?","M","?","R","E","R","T","?","M","?","M","T","R","B"],"character_chosen":"IRONCLAD","items_purchased":["Orichalcum","Kunai","Disarm","Limit Break"],"campfire_rested":6,"item_purchase_floors":[29,29,36,36],"current_hp_per_floor":[88,88,88,87,77,49,49,16,16,16,16,16,40,26,50,43,81,66,50,50,58,46,70,51,37,37,61,23,23,47,54,54,34,81,72,72,72,39,39,39,36,60,60,60,53,81,71,81,81,67],"gold":147,"neow_bonus":"TEN_PERCENT_HP_BONUS","is_prod":false,"is_daily":false,"chose_seed":false,"campfire_upgraded":5,"win_rate":0,"timestamp":1530772293,"path_taken":["M","?","M","M","M","E","R","E","T","R","?","?","R","E","R","BOSS","M","?","?","M","M","R","E","M","T","R","E","$","R","M","R","BOSS","M","$","?","M","?","R","E","R","T","?","M","?","M","?","R","BOSS"],"build_version":"2018-07-03","purchased_purges":2,"victory":true,"max_hp_per_floor":[88,88,88,88,88,88,88,88,88,88,88,81,81,81,81,81,81,81,81,81,81,81,81,81,81,81,81,81,81,81,81,81,81,81,81,81,81,81,81,81,81,81,81,81,81,81,81,91,91,95],"card_choices":[{"not_picked":["Warcry","Entrench"],"picked":"Clothesline","floor":1},{"not_picked":["Warcry","Body Slam","Bloodletting"],"picked":"SKIP","floor":3},{"not_picked":["Shrug It Off","Flex","Wild Strike"],"picked":"SKIP","floor":4},{"not_picked":["Twin Strike","Battle Trance"],"picked":"Iron Wave","floor":5},{"not_picked":["True Grit","Burning Pact"],"picked":"Reckless Charge","floor":6},{"not_picked":["Clothesline","Clash","Dropkick"],"picked":"SKIP","floor":8},{"not_picked":["Heavy Blade","Intimidate","Flex"],"picked":"SKIP","floor":14},{"not_picked":["Demon Form","Double Tap"],"picked":"Offering","floor":16},{"not_picked":["Sentinel+1","Twin Strike"],"picked":"Flame Barrier+1","floor":18},{"not_picked":["Wild Strike","Twin Strike+1"],"picked":"Evolve","floor":21},{"not_picked":["Headbutt","Combust+1","Perfected Strike"],"picked":"SKIP","floor":22},{"not_picked":["Clash+1","Dropkick"],"picked":"Flame Barrier+1","floor":24},{"not_picked":["Combust","Perfected Strike"],"picked":"Shrug It Off+1","floor":25},{"not_picked":["Bloodletting","Headbutt"],"picked":"Inflame","floor":28},{"not_picked":["Headbutt","Metallicize"],"picked":"Disarm","floor":31},{"not_picked":["Double Tap","Juggernaut"],"picked":"Demon Form","floor":33},{"not_picked":["Sever Soul","Sword Boomerang"],"picked":"Metallicize+1","floor":35},{"not_picked":["Pommel Strike","Inflame+1"],"picked":"Armaments","floor":38},{"not_picked":["Bloodletting+1","Heavy Blade","Twin Strike+1"],"picked":"SKIP","floor":41},{"not_picked":["Pommel Strike","Pummel","Perfected Strike"],"picked":"SKIP","floor":45},{"not_picked":["True Grit","Sword Boomerang"],"picked":"Thunderclap+1","floor":46},{"not_picked":["Wild Strike+1","Sword Boomerang+1"],"picked":"Shrug It Off+1","floor":47}],"player_experience":256671,"relics_obtained":[{"floor":6,"key":"Magic Flower"},{"floor":8,"key":"Bottled Lightning"},{"floor":9,"key":"Happy Flower"},{"floor":14,"key":"Vajra"},{"floor":19,"key":"Nilry\u0027s Codex"},{"floor":24,"key":"Blood Vial"},{"floor":26,"key":"Pantograph"},{"floor":28,"key":"Mummified Hand"},{"floor":41,"key":"Centennial Puzzle"},{"floor":43,"key":"Darkstone Periapt"},{"floor":46,"key":"Bird Faced Urn"},{"floor":48,"key":"Pear"}],"event_choices":[{"event_name":"Transmorgrifier","player_choice":"Transform","floor":2,"damage_taken":0},{"event_name":"Living Wall","player_choice":"Change","floor":11,"damage_taken":0},{"event_name":"Golden Idol","player_choice":"Lose Max HP","floor":12,"damage_taken":0},{"event_name":"Cursed Tome","player_choice":"Obtained Book","floor":19,"damage_taken":0},{"event_name":"Nest","player_choice":"Stole From Cult","floor":20,"damage_taken":0},{"event_name":"The Lab","player_choice":"Got Potions","floor":37,"damage_taken":0},{"event_name":"Tomb of Lord Red Mask","player_choice":"Paid","floor":39,"damage_taken":0},{"event_name":"Falling","player_choice":"Removed Skill","floor":44,"damage_taken":0},{"event_name":"MindBloom","player_choice":"Fight","floor":46,"damage_taken":0}],"boss_relics":[{"not_picked":["Lizard Tail","Runic Dome"],"picked":"Velvet Choker"},{"not_picked":["Astrolabe","Black Star"],"picked":"Mark of Pain"}],"items_purged_floors":[29,36],"is_endless":false,"potions_floor_spawned":[6,8,16,22,28,33,35,46],"ascension_level":4}