{"gold_per_floor":[165,22,22,37,37,37,37,37,37,56,71,71,85,85,85,160,160,178,178,178,190,190,210,210,221,248,248,248,248,3,14,14,90,90,103,119,119,119,136,136,11,11,11,11,11,11,23,23,23,23],"floor_reached":50,"playtime":2520,"items_purged":["Strike_B","Writhe","Injury"],"score":753,"play_id":"dfb61360-835a-4b29-ad4b-d0fbe3204c90","local_time":"20180808212717","is_ascension_mode":true,"campfire_choices":[{"data":"Zap","floor":6,"key":"SMITH"},{"data":"Sunder","floor":8,"key":"SMITH"},{"data":"Glacier","floor":12,"key":"SMITH"},{"data":"Capacitor","floor":15,"key":"SMITH"},{"floor":24,"key":"REST"},{"floor":29,"key":"REST"},{"floor":32,"key":"REST"},{"data":"Echo Form","floor":40,"key":"SMITH"},{"data":"Consume","floor":42,"key":"SMITH"},{"floor":46,"key":"REST"},{"floor":49,"key":"REST"}],"neow_cost":"NONE","seed_source_timestamp":113438600383628,"circlet_count":0,"master_deck":["Strike_B","Strike_B+1","Defend_B","Defend_B","Defend_B","Defend_B","Zap+1","Dualcast","AscendersBane","Go for the Eyes","Sunder+1","Capacitor+1","Compile Driver","Streamline+1","Glacier+1","Consume+1","Echo Form+1","Sweeping Beam","Barrage+1","Leap","Leap","Seek","Chill+1","Undo","Coolheaded","Madness","Madness","Rebound"],"relics":["Tiny House","Calipers","CultistMask","Question Card","Sozu","Centennial Puzzle","Art of War","Strawberry","White Beast Statue","Symbiotic Virus","Ginger"],"potions_floor_usage":[4,16,16],"damage_taken":[{"damage":3,"enemies":"2 Louse","floor":1,"turns":3},{"damage":6,"enemies":"Jaw Worm","floor":4,"turns":3},{"damage":3,"enemies":"Small Slimes","floor":10,"turns":2},{"damage":5,"enemies":"Gremlin Gang","floor":11,"turns":4},{"damage":4,"enemies":"3 Louse","floor":13,"turns":3},{"damage":5,"enemies":"The Guardian","floor":16,"turns":11},{"damage":25,"enemies":"3 Byrds","floor":18,"turns":5},{"damage":13,"enemies":"Chosen","floor":21,"turns":5},{"damage":7,"enemies":"Snecko","floor":23,"turns":4},{"damage":12,"enemies":"Chosen and Byrds","floor":25,"turns":6},{"damage":19,"enemies":"Snake Plant","floor":31,"turns":4},{"damage":12,"enemies":"Champ","floor":33,"turns":12},{"damage":10,"enemies":"Orb Walker","floor":35,"turns":5},{"damage":15,"enemies":"Flame Bruiser 1 Orb","floor":36,"turns":7},{"damage":2,"enemies":"3 Darklings","floor":39,"turns":7},{"damage":0,"floor":44,"turns":8},{"damage":14,"enemies":"Sphere and 2 Shapes","floor":47,"turns":6},{"damage":82,"enemies":"Time Eater","floor":50,"turns":10}],"seed_played":"6205024137947581618","potions_obtained":[{"floor":0,"key":"LiquidBronze"},{"floor":1,"key":"SkillPotion"},{"floor":11,"key":"Dexterity Potion"}],"is_trial":false,"path_per_floor":["M","$","?","M","?","R","?","R","T","M","M","R","M","?","R","B",null,"M","?","?","M","?","M","R","M","T","?","?","R","$","M","R","B",null,"M","M","$","?","M","R","$","R","T","?","?","R","M","?","R"],"character_chosen":"DEFECT","items_purchased":["Capacitor","Strawberry"],"campfire_rested":5,"item_purchase_floors":[2,30],"current_hp_per_floor":[66,66,59,53,76,76,76,76,76,73,68,68,64,64,64,59,72,47,47,47,34,34,27,49,37,37,37,37,59,66,47,71,59,77,67,52,52,52,50,50,50,50,50,50,40,64,50,50,74,0],"gold":23,"neow_bonus":"BOSS_RELIC","is_prod":false,"is_daily":false,"chose_seed":false,"campfire_upgraded":6,"win_rate":0,"timestamp":1533778037,"path_taken":["M","$","?","M","?","R","?","R","T","?","M","R","M","?","R","BOSS","M","?","?","?","?","M","R","M","T","?","?","R","$","M","R","BOSS","M","M","$","?","?","R","$","R","T","?","?","R","M","?","R","BOSS"],"build_version":"2018-08-02","purchased_purges":3,"victory":false,"max_hp_per_floor":[76,76,76,76,76,76,76,76,76,76,76,76,76,76,76,76,76,76,76,76,76,76,76,76,76,76,76,76,76,83,83,83,83,83,83,83,83,83,83,83,83,83,83,83,83,83,83,83,83,83],"card_choices":[{"not_picked":["Stack","Ball Lightning"],"picked":"Go for the Eyes","floor":0},{"not_picked":["Beam Cell","Compile Driver"],"picked":"Sunder","floor":1},{"not_picked":["Darkness","Consume"],"picked":"Compile Driver","floor":4},{"not_picked":["Blizzard","Compile Driver","Steam"],"picked":"Streamline","floor":10},{"not_picked":["Beam Cell","Rebound","Loop"],"picked":"Glacier","floor":11},{"not_picked":["Fusion","Auto Shields","Force Field"],"picked":"Consume","floor":13},{"not_picked":["Electrodynamics","Multi-Cast","Meteor Strike"],"picked":"Echo Form","floor":16},{"not_picked":["Compile Driver","Steam","Rebound"],"picked":"Sweeping Beam","floor":18},{"not_picked":["Compile Driver","Sweeping Beam","Genetic Algorithm+1"],"picked":"Barrage+1","floor":21},{"not_picked":["Compile Driver+1","Coolheaded","Hologram"],"picked":"Leap","floor":23},{"not_picked":["Hologram","Cold Snap","Doom and Gloom+1"],"picked":"Leap","floor":25},{"not_picked":["Consume","Heatsinks","Melter+1","Doom and Gloom"],"picked":"SKIP","floor":31},{"not_picked":["Buffer","Meteor Strike","Multi-Cast"],"picked":"Seek","floor":33},{"not_picked":["Cold Snap+1","White Noise+1","Redo"],"picked":"Chill+1","floor":35},{"not_picked":["Gash+1","Compile Driver+1","Conserve Battery","Sweeping Beam"],"picked":"SKIP","floor":36},{"not_picked":["Turbo","Chaos","Double Energy"],"picked":"Undo","floor":39},{"not_picked":["Gash","Compile Driver+1","Conserve Battery"],"picked":"Coolheaded","floor":44},{"not_picked":["Steam+1","Aggregate+1","Self Repair+1","Leap"],"picked":"SKIP","floor":47}],"player_experience":1465104,"relics_obtained":[{"floor":9,"key":"Question Card"},{"floor":26,"key":"Art of War"},{"floor":43,"key":"Symbiotic Virus"},{"floor":44,"key":"Ginger"}],"event_choices":[{"event_name":"Scrap Ooze","player_choice":"success","floor":3,"damage_taken":7},{"event_name":"Wheel of Change","player_choice":"Full Heal","floor":5,"damage_taken":0},{"event_name":"FaceTrader","player_choice":"Trade","floor":7,"damage_taken":0},{"event_name":"Liars Game","player_choice":"disagreed","floor":14,"damage_taken":0},{"event_name":"The Mausoleum","player_choice":"Yes","floor":19,"damage_taken":0},{"event_name":"WeMeetAgain","player_choice":"Attack","floor":20,"damage_taken":0},{"event_name":"Wheel of Change","player_choice":"Card Removal","floor":22,"damage_taken":0},{"event_name":"Accursed Blacksmith","player_choice":"Forge","floor":27,"damage_taken":0},{"event_name":"Vampires","player_choice":"Ignored","floor":28,"damage_taken":0},{"event_name":"Tomb of Lord Red Mask","player_choice":"Ignored","floor":38,"damage_taken":0},{"event_name":"MindBloom","player_choice":"Fight","floor":44,"damage_taken":0},{"event_name":"Winding Halls","player_choice":"Embrace Madness","floor":45,"damage_taken":0},{"event_name":"Match and Keep!","player_choice":"1 cards matched","floor":48,"damage_taken":0}],"is_beta":false,"boss_relics":[{"not_picked":["Ectoplasm","Cursed Key"],"picked":"Sozu"},{"not_picked":["Runic Dome","Snecko Eye"],"picked":"White Beast Statue"}],"items_purged_floors":[2,30,41],"is_endless":false,"potions_floor_spawned":[1,11,21,25,33,35,36,39,44,47],"killed_by":"Time Eater","ascension_level":14}