{"gold_per_floor":[109,109,34,34,54,54,67,67,67,84,3,16,45,70,70,144,144,155,140,65,65,14,14,31,31,105,122,135,135,154,154],"floor_reached":31,"playtime":1941,"items_purged":[],"score":409,"play_id":"da6fcc16-2634-4950-8ab1-9046577bccd7","local_time":"20181030204547","is_ascension_mode":true,"campfire_choices":[{"data":"Zap","floor":6,"key":"SMITH"},{"data":"Defragment","floor":8,"key":"SMITH"},{"floor":15,"key":"REST"},{"floor":23,"key":"REST"},{"floor":25,"key":"REST"},{"floor":29,"key":"REST"}],"neow_cost":"NONE","seed_source_timestamp":1788687032744603,"circlet_count":0,"master_deck":["Defend_B","Defend_B","Defend_B","Zap+1","Dualcast","AscendersBane","Defragment+1","Streamline","Stack","Glacier","Creative AI","Redo","Leap","Go for the Eyes","Reboot","Buffer+1","Doom and Gloom+1","Force Field+1","Beam Cell","Steam","Decay","Conserve Battery","Chill","Defragment"],"relics":["Black Star","Dead Branch","Letter Opener","Odd Mushroom","Darkstone Periapt","Astrolabe","Dodecahedron"],"potions_floor_usage":[13],"damage_taken":[{"damage":0,"enemies":"Small Slimes","floor":1,"turns":4},{"damage":3,"enemies":"2 Louse","floor":5,"turns":4},{"damage":0,"enemies":"Cultist","floor":7,"turns":2},{"damage":8,"enemies":"3 Louse","floor":10,"turns":3},{"damage":11,"enemies":"Blue Slaver","floor":12,"turns":5},{"damage":13,"enemies":"The Mushroom Lair","floor":13,"turns":4},{"damage":11,"enemies":"3 Sentries","floor":14,"turns":9},{"damage":25,"enemies":"The Guardian","floor":16,"turns":14},{"damage":0,"enemies":"Chosen","floor":18,"turns":9},{"damage":42,"enemies":"2 Thieves","floor":19,"turns":5},{"damage":12,"enemies":"Chosen and Byrds","floor":24,"turns":6},{"damage":40,"enemies":"Sentry and Sphere","floor":27,"turns":8},{"damage":12,"enemies":"Snecko","floor":28,"turns":8},{"damage":20,"enemies":"Chosen and Byrds","floor":30,"turns":9},{"damage":22,"enemies":"3 Cultists","floor":31,"turns":3}],"seed_played":"7830868663880647436","potions_obtained":[{"floor":1,"key":"LiquidBronze"},{"floor":5,"key":"FairyPotion"},{"floor":19,"key":"Strength Potion"}],"is_trial":false,"path_per_floor":["M","?","?","?","M","R","M","R","T","M","$","M","?","?","R","B",null,"M","M","?","?","$","R","M","R","T","M","M","R","M"],"character_chosen":"DEFECT","items_purchased":["Creative AI","Conserve Battery"],"campfire_rested":4,"item_purchase_floors":[11,22],"current_hp_per_floor":[64,64,64,59,56,56,56,56,56,48,48,37,24,13,34,9,56,56,14,14,20,20,43,31,54,54,14,2,25,5,0],"gold":154,"neow_bonus":"BOSS_RELIC","is_prod":false,"is_daily":false,"chose_seed":false,"campfire_upgraded":2,"win_rate":0,"timestamp":1540946747,"path_taken":["M","?","?","?","?","R","M","R","T","?","?","M","?","?","R","BOSS","M","M","?","?","$","R","M","R","T","M","M","R","M","M"],"build_version":"2018-10-25v2","purchased_purges":0,"victory":false,"max_hp_per_floor":[71,71,71,71,71,71,71,71,71,71,71,71,71,71,71,71,71,71,71,71,77,77,77,77,77,77,77,77,77,77,77],"card_choices":[{"not_picked":["Rebound","Ball Lightning"],"picked":"Defragment","floor":1},{"not_picked":["Gash","Stack"],"picked":"Streamline","floor":5},{"not_picked":["Reprogram","Turbo"],"picked":"Stack","floor":7},{"not_picked":["Chill","BootSequence"],"picked":"Glacier","floor":10},{"not_picked":["Fusion","Lockon"],"picked":"Redo","floor":12},{"not_picked":["FTL","Electrodynamics"],"picked":"Leap","floor":13},{"not_picked":["Stack","Conserve Battery"],"picked":"Go for the Eyes","floor":14},{"not_picked":["Amplify","Fission"],"picked":"Reboot","floor":16},{"not_picked":["Recycle+1","Genetic Algorithm"],"picked":"Beam Cell","floor":18},{"not_picked":["Double Energy","FTL"],"picked":"Steam","floor":19},{"not_picked":["Redo","Rebound","Reinforced Body"],"picked":"SKIP","floor":24},{"not_picked":["Aggregate","Genetic Algorithm"],"picked":"Chill","floor":27},{"not_picked":["Barrage","Stack"],"picked":"Defragment","floor":28},{"not_picked":["Streamline","Rebound+1","Gash+1"],"picked":"SKIP","floor":30}],"player_experience":1611590,"relics_obtained":[{"floor":9,"key":"Letter Opener"},{"floor":13,"key":"Odd Mushroom"},{"floor":26,"key":"Dodecahedron"}],"event_choices":[{"damage_healed":0,"gold_gain":0,"player_choice":"Ignored","damage_taken":0,"max_hp_gain":0,"max_hp_loss":0,"event_name":"Shining Light","floor":2,"gold_loss":0},{"cards_removed":["Strike_B"],"damage_healed":0,"gold_gain":0,"player_choice":"Card Removal","damage_taken":0,"max_hp_gain":0,"max_hp_loss":0,"event_name":"The Cleric","floor":3,"gold_loss":75},{"damage_healed":0,"gold_gain":0,"player_choice":"Success","damage_taken":5,"relics_obtained":["Dead Branch"],"max_hp_gain":0,"max_hp_loss":0,"event_name":"Scrap Ooze","floor":4,"gold_loss":0},{"damage_healed":0,"gold_gain":0,"player_choice":"Fought Mushrooms","damage_taken":0,"max_hp_gain":0,"max_hp_loss":0,"event_name":"Mushrooms","floor":13,"gold_loss":0},{"damage_healed":0,"gold_gain":30,"player_choice":"Searched \u00273\u0027 times","damage_taken":0,"relics_obtained":["Darkstone Periapt"],"max_hp_gain":0,"max_hp_loss":0,"event_name":"Dead Adventurer","floor":14,"gold_loss":0},{"cards_removed":["Defend_B"],"damage_healed":0,"gold_gain":0,"player_choice":"Gave Gold","damage_taken":0,"max_hp_gain":0,"max_hp_loss":0,"event_name":"Beggar","floor":20,"gold_loss":75},{"damage_healed":0,"gold_gain":0,"player_choice":"Smashed Altar","damage_taken":0,"max_hp_gain":0,"max_hp_loss":0,"event_name":"Forgotten Altar","floor":21,"gold_loss":0,"cards_obtained":["Decay"]}],"is_beta":false,"boss_relics":[{"not_picked":["Runic Dome","White Beast Statue"],"picked":"Astrolabe"}],"items_purged_floors":[],"is_endless":false,"potions_floor_spawned":[1,5,12,19,27],"killed_by":"3 Cultists","ascension_level":16}