{"gold_per_floor":[111,61,27,27,39,39,70,70,97,97,114,132,143,68,68,167,167,178,198,143,40,139,139,151,167,167,167,184,201,47,24,24,24],"floor_reached":33,"playtime":1023,"items_purged":["Bash"],"score":326,"play_id":"b3e60c5a-58b3-4458-8018-4e17b4d98770","local_time":"20180629103628","is_ascension_mode":true,"campfire_choices":[{"data":"Perfected Strike","floor":6,"key":"SMITH"},{"data":"Perfected Strike","floor":10,"key":"SMITH"},{"floor":15,"key":"REST"},{"data":"Bludgeon","floor":23,"key":"SMITH"},{"floor":32,"key":"REST"}],"neow_cost":"NONE","seed_source_timestamp":399022193117201,"circlet_count":0,"master_deck":["Strike_R+1","Strike_R","Strike_R","Strike_R","Strike_R","Defend_R","Defend_R","Defend_R","Perfected Strike+1","Ghostly Armor","Perfected Strike+1","Headbutt","Bludgeon+1","Swift Strike+1","Perfected Strike"],"relics":["Burning Blood","NeowsBlessing","Regal Pillow","Anchor","Busted Crown","Tiny Chest","Centennial Puzzle","Whetstone"],"potions_floor_usage":[13,16,33,33],"damage_taken":[{"damage":0,"enemies":"Small Slimes","floor":1,"turns":1},{"damage":0,"enemies":"Cultist","floor":5,"turns":1},{"damage":0,"enemies":"Gremlin Nob","floor":7,"turns":1},{"damage":0,"enemies":"Jaw Worm","floor":11,"turns":2},{"damage":0,"enemies":"2 Fungi Beasts","floor":12,"turns":2},{"damage":22,"enemies":"Exordium Thugs","floor":13,"turns":4},{"damage":60,"enemies":"Hexaghost","floor":16,"turns":9},{"damage":13,"enemies":"2 Thieves","floor":18,"turns":4},{"damage":2,"enemies":"Chosen","floor":19,"turns":3},{"damage":7,"enemies":"Centurion and Healer","floor":24,"turns":4},{"damage":23,"enemies":"Sentry and Sphere","floor":25,"turns":4},{"damage":8,"enemies":"Cultist and Chosen","floor":28,"turns":6},{"damage":18,"enemies":"Snake Plant","floor":29,"turns":3},{"damage":80,"enemies":"Collector","floor":33,"turns":7}],"seed_played":"1090251620833366578","potions_obtained":[{"floor":5,"key":"Regen Potion"},{"floor":7,"key":"FearPotion"},{"floor":18,"key":"Ancient Potion"},{"floor":19,"key":"Swift Potion"}],"is_trial":false,"path_per_floor":["M","?","$","$","M","R","E","?","T","R","M","M","M","$","R","B",null,"M","M","?","$","?","R","M","M","T","?","M","M","$","$","R"],"character_chosen":"IRONCLAD","items_purchased":["Ghostly Armor","Swift Strike","Whetstone","Perfected Strike"],"campfire_rested":2,"item_purchase_floors":[3,21,30,31],"current_hp_per_floor":[80,80,80,80,80,80,80,80,80,80,80,80,69,69,80,26,80,73,77,77,77,77,77,76,59,59,59,57,45,45,45,80,0],"gold":24,"neow_bonus":"THREE_ENEMY_KILL","is_prod":false,"is_daily":false,"chose_seed":false,"campfire_upgraded":3,"win_rate":0,"timestamp":1530282988,"path_taken":["M","?","?","$","M","R","E","?","T","R","M","?","M","?","R","BOSS","M","M","?","?","?","R","M","M","T","?","M","M","?","$","R","BOSS"],"build_version":"2018-06-28","purchased_purges":1,"victory":false,"max_hp_per_floor":[80,80,80,80,80,80,80,80,80,80,80,80,80,80,80,80,80,80,80,80,80,80,80,80,80,80,80,80,80,80,80,80,80],"card_choices":[{"not_picked":["Warcry","Dual Wield"],"picked":"Perfected Strike","floor":1},{"not_picked":["Anger","Clash","True Grit"],"picked":"SKIP","floor":5},{"not_picked":["Impervious","Seeing Red"],"picked":"Perfected Strike","floor":7},{"not_picked":["Inflame","True Grit","Evolve"],"picked":"SKIP","floor":11},{"not_picked":["Dual Wield","True Grit","Rage"],"picked":"SKIP","floor":12},{"not_picked":["Reckless Charge","Clash"],"picked":"Headbutt","floor":13},{"not_picked":["Berserk","Limit Break"],"picked":"Bludgeon","floor":16},{"not_picked":["Clothesline"],"picked":"SKIP","floor":18},{"not_picked":["Clothesline"],"picked":"SKIP","floor":19},{"not_picked":["Anger"],"picked":"SKIP","floor":24},{"not_picked":["Thunderclap"],"picked":"SKIP","floor":25},{"not_picked":["Wild Strike"],"picked":"SKIP","floor":28},{"not_picked":["Clash"],"picked":"SKIP","floor":29}],"player_experience":848440,"relics_obtained":[{"floor":7,"key":"Regal Pillow"},{"floor":9,"key":"Anchor"},{"floor":26,"key":"Centennial Puzzle"}],"event_choices":[{"event_name":"The Cleric","player_choice":"Card Removal","floor":2,"damage_taken":0},{"event_name":"Liars Game","player_choice":"disagreed","floor":8,"damage_taken":0},{"event_name":"Addict","player_choice":"Obtained Relic","floor":20,"damage_taken":0},{"event_name":"Nest","player_choice":"Stole From Cult","floor":22,"damage_taken":0},{"event_name":"Accursed Blacksmith","player_choice":"Ignore","floor":27,"damage_taken":0}],"boss_relics":[{"not_picked":["Fusion Hammer","Mark of Pain"],"picked":"Busted Crown"}],"items_purged_floors":[14],"is_endless":false,"potions_floor_spawned":[5,7,16,18,19],"killed_by":"Collector","ascension_level":4}