{"gold_per_floor":[110,110,110,110,35,74,74,109,135,153,153,197,197],"floor_reached":13,"playtime":343,"items_purged":["Injury"],"score":283,"play_id":"81d4df05-8405-4996-a159-3060801c0d64","local_time":"20181231140653","is_ascension_mode":true,"campfire_choices":[{"floor":11.0,"key":"REST"}],"neow_cost":"NONE","seed_source_timestamp":988859834345550,"circlet_count":0,"master_deck":["AscendersBane","Strike_B","Strike_B+1","Strike_B","Defend_B+1","Defend_B","Defend_B","Defend_B","Zap","Dualcast","Gash","Conserve Battery","Static Discharge","Recycle","Static Discharge"],"special_seed":0,"relics":["Cracked Core","NeowsBlessing","Golden Idol","Darkstone Periapt","Bronze Scales","Omamori","Bottled Lightning"],"potions_floor_usage":[],"damage_taken":[{"damage":0.0,"enemies":"Jaw Worm","floor":1.0,"turns":1.0},{"damage":0.0,"enemies":"Gremlin Nob","floor":6.0,"turns":1.0},{"damage":0.0,"enemies":"Lagavulin","floor":8.0,"turns":1.0},{"damage":7.0,"enemies":"2 Louse","floor":10.0,"turns":2.0},{"damage":50.0,"enemies":"Gremlin Nob","floor":12.0,"turns":5.0},{"damage":4,"enemies":"Small Slimes","floor":13,"turns":2}],"seed_played":"-7167124835655702962","potions_obtained":[{"floor":1.0,"key":"Block Potion"},{"floor":6.0,"key":"Weak Potion"},{"floor":8.0,"key":"FocusPotion"}],"is_trial":false,"path_per_floor":["M","?","?","?","$","E","?","E","T","M","R","E","M"],"character_chosen":"DEFECT","items_purchased":[],"campfire_rested":1,"item_purchase_floors":[],"current_hp_per_floor":[64,64,69,46,46,46,39,39,39,32,54,4,0],"gold":197,"neow_bonus":"THREE_ENEMY_KILL","is_prod":false,"is_daily":false,"chose_seed":false,"campfire_upgraded":0,"win_rate":0,"timestamp":1546283213,"path_taken":["M","?","?","?","$","E","?","E","T","M","R","E","?"],"build_version":"2018-12-20","purchased_purges":1,"victory":false,"max_hp_per_floor":[71,71,76,76,76,76,76,76,76,76,76,76,76],"card_choices":[{"not_picked":["White Noise","Chill"],"picked":"Gash","floor":1.0},{"not_picked":["Steam","Storm"],"picked":"Conserve Battery","floor":6.0},{"not_picked":["Go for the Eyes","Double Energy"],"picked":"Static Discharge","floor":8.0},{"not_picked":["Leap","Stack"],"picked":"Recycle","floor":10.0},{"not_picked":["Steam","Stack"],"picked":"Static Discharge","floor":12.0}],"player_experience":1968257,"relics_obtained":[{"floor":6.0,"key":"Darkstone Periapt"},{"floor":8.0,"key":"Bronze Scales"},{"floor":9.0,"key":"Omamori"},{"floor":12.0,"key":"Bottled Lightning"}],"event_choices":[{"damage_healed":0.0,"max_hp_gain":0.0,"max_hp_loss":0.0,"gold_gain":0.0,"event_name":"Golden Idol","player_choice":"Take Wound","floor":2.0,"gold_loss":0.0,"damage_taken":0.0,"relics_obtained":["Golden Idol"],"cards_obtained":["Injury"]},{"damage_healed":0.0,"max_hp_gain":5.0,"max_hp_loss":0.0,"gold_gain":0.0,"event_name":"Big Fish","player_choice":"Donut","floor":3.0,"gold_loss":0.0,"damage_taken":0.0},{"damage_healed":0.0,"max_hp_gain":0.0,"max_hp_loss":0.0,"gold_gain":0.0,"event_name":"Shining Light","player_choice":"Entered Light","floor":4.0,"gold_loss":0.0,"damage_taken":23.0,"cards_upgraded":["Defend_B","Strike_B"]},{"cards_removed":["Strike_B"],"damage_healed":0.0,"max_hp_gain":0.0,"max_hp_loss":0.0,"gold_gain":0.0,"event_name":"Golden Wing","player_choice":"Card Removal","floor":7.0,"gold_loss":0.0,"damage_taken":7.0}],"is_beta":false,"boss_relics":[],"items_purged_floors":[5],"is_endless":false,"potions_floor_spawned":[1,6,8],"killed_by":"Small Slimes","ascension_level":18}