{"gold_per_floor":[115,125,3,20,20,33,68,68,68,68,68,109,133,118],"floor_reached":14,"playtime":927,"items_purged":[],"score":165,"play_id":"d8b77402-177b-4155-9051-7fb4581e398a","local_time":"20181115185724","is_ascension_mode":true,"campfire_choices":[{"floor":8,"key":"REST"},{"floor":10,"key":"REST"}],"neow_cost":"NONE","seed_source_timestamp":855436140414331,"circlet_count":0,"master_deck":["AscendersBane","Defend_G","Defend_G","Defend_G","Defend_G","Defend_G","Strike_G","Strike_G","Strike_G","Strike_G","Survivor","Neutralize","Poisoned Stab","Blade Dance","Deadly Poison","Caltrops","Cloak And Dagger","Injury","Dodge and Roll","Adrenaline","Noxious Fumes","Crippling Poison"],"relics":["Runic Pyramid","Golden Idol","Bottled Lightning","Dodecahedron","Potion Belt"],"potions_floor_usage":[4,14],"damage_taken":[{"damage":4,"enemies":"Jaw Worm","floor":1,"turns":6},{"damage":3,"enemies":"2 Louse","floor":2,"turns":4},{"damage":5,"enemies":"Small Slimes","floor":4,"turns":3},{"damage":4,"enemies":"Red Slaver","floor":6,"turns":4},{"damage":35,"enemies":"Gremlin Nob","floor":7,"turns":5},{"damage":26,"enemies":"Lagavulin","floor":12,"turns":7},{"damage":14,"enemies":"3 Louse","floor":13,"turns":4},{"damage":11,"enemies":"Looter","floor":14,"turns":1}],"seed_played":"-6721612020919029726","potions_obtained":[{"floor":2,"key":"Weak Potion"},{"floor":13,"key":"Explosive Potion"}],"is_trial":false,"path_per_floor":["M","M","$","M","?","M","E","R","T","R","?","E","M","M"],"character_chosen":"THE_SILENT","items_purchased":["Deadly Poison","Caltrops"],"campfire_rested":2,"item_purchase_floors":[3,3],"current_hp_per_floor":[59,56,56,51,51,47,12,33,33,54,47,21,7,0],"gold":118,"neow_bonus":"BOSS_RELIC","is_prod":false,"is_daily":false,"chose_seed":false,"campfire_upgraded":0,"win_rate":0,"timestamp":1542326244,"path_taken":["M","M","$","M","?","M","E","R","T","R","?","E","M","M"],"build_version":"2018-11-08","purchased_purges":0,"victory":false,"max_hp_per_floor":[70,70,70,70,70,70,70,70,70,70,70,70,70,70],"card_choices":[{"not_picked":["Flying Knee","PiercingWail"],"picked":"Poisoned Stab","floor":1},{"not_picked":["Poisoned Stab","Acrobatics"],"picked":"Blade Dance","floor":2},{"not_picked":["Prepared","Slice"],"picked":"Cloak And Dagger","floor":4},{"not_picked":["Flying Knee","Dagger Spray"],"picked":"Dodge and Roll","floor":6},{"not_picked":["Crippling Poison","PiercingWail"],"picked":"Adrenaline","floor":7},{"not_picked":["Bouncing Flask","Prepared"],"picked":"Noxious Fumes","floor":12},{"not_picked":["Leg Sweep","Eviscerate"],"picked":"Crippling Poison","floor":13}],"player_experience":1686814,"relics_obtained":[{"floor":7,"key":"Bottled Lightning"},{"floor":9,"key":"Dodecahedron"},{"floor":12,"key":"Potion Belt"}],"event_choices":[{"damage_healed":0,"gold_gain":0,"player_choice":"Take Wound","damage_taken":0,"relics_obtained":["Golden Idol"],"max_hp_gain":0,"max_hp_loss":0,"event_name":"Golden Idol","floor":5,"gold_loss":0,"cards_obtained":["Injury"]},{"cards_removed":["Strike_G"],"damage_healed":0,"gold_gain":0,"player_choice":"Card Removal","damage_taken":7,"max_hp_gain":0,"max_hp_loss":0,"event_name":"Golden Wing","floor":11,"gold_loss":0}],"is_beta":false,"boss_relics":[],"items_purged_floors":[],"is_endless":false,"potions_floor_spawned":[2,13],"killed_by":"Looter","ascension_level":13}