{"gold_per_floor":[111,123,139,155,2,29,29,29,29,40,40,118,118,44,44,149,199,218,229,229,244,259,259,270,270,322,334,334,345,345,6,6,101,101,119,119,44,344,363,363,375,394,418,418],"floor_reached":44,"playtime":2152,"items_purged":["Strike_R"],"score":659,"play_id":"cd1cfd37-7879-4bc5-85ad-91264b6a9a39","local_time":"20190112221805","is_ascension_mode":true,"campfire_choices":[{"floor":13,"key":"REST"},{"data":"Anger","floor":15,"key":"SMITH"},{"data":"Limit Break","floor":23,"key":"SMITH"},{"floor":25,"key":"REST"},{"floor":28,"key":"REST"},{"data":"Limit Break","floor":30,"key":"SMITH"},{"floor":32,"key":"REST"},{"floor":40,"key":"REST"}],"neow_cost":"NONE","seed_source_timestamp":325352685440189,"circlet_count":0,"master_deck":["AscendersBane","Strike_R","Strike_R","Strike_R","Defend_R","Defend_R","Defend_R+1","Defend_R","Bash","Shrug It Off","Disarm","Anger+1","Thunderclap","True Grit+1","Inflame","Shrug It Off","Headbutt","Limit Break+1","Battle Trance","Anger","Headbutt","Metallicize","Anger","Evolve","Limit Break+1","Shrug It Off","Demon Form","Cleave","Flame Barrier","Parasite","Pommel Strike+1"],"relics":["Burning Blood","Happy Flower","Incense Burner","Self Forming Clay","Bottled Flame","Tiny House","CultistMask","Regal Pillow","WingedGreaves","Fusion Hammer","PreservedInsect"],"potions_floor_usage":[6,19,24,24,33,41],"damage_taken":[{"damage":0,"enemies":"Small Slimes","floor":1,"turns":3},{"damage":1,"enemies":"2 Louse","floor":2,"turns":4},{"damage":12,"enemies":"Cultist","floor":3,"turns":4},{"damage":0,"enemies":"Large Slime","floor":4,"turns":7},{"damage":51,"enemies":"Gremlin Nob","floor":6,"turns":5},{"damage":15,"enemies":"Exordium Wildlife","floor":10,"turns":6},{"damage":40,"enemies":"The Guardian","floor":16,"turns":12},{"damage":14,"enemies":"3 Byrds","floor":18,"turns":6},{"damage":12,"enemies":"Shell Parasite","floor":19,"turns":6},{"damage":24,"enemies":"Cultist and Chosen","floor":21,"turns":7},{"damage":11,"enemies":"Shelled Parasite and Fungi","floor":22,"turns":6},{"damage":22,"enemies":"Snake Plant","floor":24,"turns":6},{"damage":28,"enemies":"Cultist and Chosen","floor":27,"turns":6},{"damage":18,"enemies":"Centurion and Healer","floor":29,"turns":6},{"damage":88,"enemies":"Automaton","floor":33,"turns":10},{"damage":11,"enemies":"3 Shapes","floor":35,"turns":6},{"damage":63,"enemies":"3 Darklings","floor":39,"turns":7},{"damage":24,"enemies":"Transient","floor":41,"turns":5},{"damage":29,"enemies":"Writhing Mass","floor":42,"turns":8},{"damage":22,"enemies":"4 Shapes","floor":44,"turns":1}],"seed_played":"1203797073472813466","potions_obtained":[{"floor":2,"key":"BloodPotion"},{"floor":10,"key":"SteroidPotion"},{"floor":16,"key":"Poison Potion"},{"floor":17,"key":"FearPotion"},{"floor":22,"key":"Block Potion"},{"floor":29,"key":"Dexterity Potion"},{"floor":33,"key":"SteroidPotion"},{"floor":42,"key":"Block Potion"}],"is_trial":false,"path_per_floor":["M","M","M","M","$","E","?","?","T","M","?","T","R","$","R","B",null,"M","M","?","M","M","R","M","R","T","M","R","M","R","$","R","B",null,"M","?","$","?","M","R","M","M","T","M"],"character_chosen":"IRONCLAD","items_purchased":["Happy Flower","Shrug It Off","Headbutt","WingedGreaves","Shrug It Off"],"campfire_rested":5,"item_purchase_floors":[5,14,14,31,31],"current_hp_per_floor":[86,88,82,88,88,51,51,51,51,42,35,35,61,61,61,27,78,70,64,64,46,41,41,25,52,52,30,72,60,60,60,93,11,73,68,68,68,68,11,53,35,12,12,0],"gold":418,"neow_bonus":"TEN_PERCENT_HP_BONUS","is_prod":false,"is_daily":false,"chose_seed":false,"campfire_upgraded":3,"win_rate":0,"timestamp":1547349485,"path_taken":["M","M","M","M","$","E","?","?","T","?","?","?","R","?","R","BOSS","M","M","?","?","M","R","M","R","T","M","R","M","R","?","R","BOSS","M","?","$","?","?","R","M","M","T","?"],"build_version":"2019-01-10","purchased_purges":1,"victory":false,"max_hp_per_floor":[88,88,88,88,88,88,88,88,88,88,88,88,88,88,88,88,93,93,93,93,93,93,93,93,93,93,93,93,93,93,93,93,93,93,93,93,93,93,93,93,93,93,93,93],"card_choices":[{"not_picked":["Warcry","Havoc"],"picked":"Shrug It Off","floor":1},{"not_picked":["Flex","Clash"],"picked":"Disarm","floor":2},{"not_picked":["Rupture","Heavy Blade"],"picked":"Anger","floor":3},{"not_picked":["Battle Trance","Infernal Blade"],"picked":"Thunderclap","floor":4},{"not_picked":["Fire Breathing","Iron Wave"],"picked":"True Grit","floor":6},{"not_picked":["Combust","Double Tap"],"picked":"Inflame","floor":10},{"not_picked":["Reaper","Exhume"],"picked":"Limit Break","floor":16},{"not_picked":["Flex","Heavy Blade"],"picked":"Battle Trance","floor":17},{"not_picked":["Battle Trance","Disarm"],"picked":"Anger","floor":18},{"not_picked":["Warcry","Twin Strike"],"picked":"Headbutt","floor":19},{"not_picked":["Flex","True Grit"],"picked":"Metallicize","floor":21},{"not_picked":["Sword Boomerang","True Grit","Iron Wave"],"picked":"SKIP","floor":22},{"not_picked":["Cleave+1","Shrug It Off"],"picked":"Anger","floor":24},{"not_picked":["Anger","Uppercut"],"picked":"Evolve","floor":27},{"not_picked":["Body Slam","Blood for Blood"],"picked":"Limit Break","floor":29},{"not_picked":["Offering","Reaper"],"picked":"Demon Form","floor":33},{"not_picked":["Evolve+1","Cleave","Iron Wave"],"picked":"SKIP","floor":35},{"not_picked":["Corruption+1","Seeing Red"],"picked":"Cleave","floor":39},{"not_picked":["Hemokinesis+1","Havoc"],"picked":"Flame Barrier","floor":41},{"not_picked":["Uppercut","Thunderclap"],"picked":"Pommel Strike+1","floor":42}],"player_experience":2103989,"relics_obtained":[{"floor":6,"key":"Incense Burner"},{"floor":9,"key":"Self Forming Clay"},{"floor":12,"key":"Bottled Flame"},{"floor":26,"key":"Regal Pillow"},{"floor":43,"key":"PreservedInsect"}],"event_choices":[{"damage_healed":0,"gold_gain":0,"player_choice":"Ignored","damage_taken":0,"max_hp_gain":0,"max_hp_loss":0,"event_name":"Liars Game","floor":7,"gold_loss":0},{"damage_healed":0,"gold_gain":0,"player_choice":"Forge","damage_taken":0,"max_hp_gain":0,"max_hp_loss":0,"event_name":"Accursed Blacksmith","floor":8,"gold_loss":0,"cards_upgraded":["True Grit"]},{"cards_removed":["Strike_R"],"damage_healed":0,"gold_gain":0,"player_choice":"Card Removal","damage_taken":7,"max_hp_gain":0,"max_hp_loss":0,"event_name":"Golden Wing","floor":11,"gold_loss":0},{"damage_healed":0,"gold_gain":0,"player_choice":"Trade","damage_taken":0,"relics_obtained":["CultistMask"],"max_hp_gain":0,"max_hp_loss":0,"event_name":"FaceTrader","floor":20,"gold_loss":0},{"damage_healed":0,"gold_gain":0,"player_choice":"Ignored","damage_taken":0,"max_hp_gain":0,"max_hp_loss":0,"event_name":"Tomb of Lord Red Mask","floor":36,"gold_loss":0},{"damage_healed":0,"gold_gain":300,"player_choice":"Gold","damage_taken":0,"max_hp_gain":0,"max_hp_loss":0,"event_name":"Wheel of Change","floor":38,"gold_loss":0}],"is_beta":false,"boss_relics":[{"not_picked":["White Beast Statue","Pandora\u0027s Box"],"picked":"Tiny House"},{"not_picked":["Runic Dome","Black Star"],"picked":"Fusion Hammer"}],"items_purged_floors":[37],"is_endless":false,"potions_floor_spawned":[2,10,16,22,29,33,42],"killed_by":"4 Shapes","ascension_level":12}