{"gold_per_floor":[114,23,38,53,68,68,98,98,98,113,388,418,418,433,433,533,533,548,563,663,391,391,421,421,451,526,526,556,571,571,586,586,686,686,701,716,761,776,791,821,821,836,886,916,916,166,16,31,31,31],"floor_reached":51,"playtime":2242,"items_purged":[],"score":1352,"play_id":"856c6a59-649a-4226-a29e-ca4dfa664aa0","local_time":"20181212154745","daily_mods":["Cursed Run","ControlledChaos","Terminal"],"is_ascension_mode":false,"campfire_choices":[{"data":"Bouncing Flask","floor":6,"key":"SMITH"},{"data":"Night Terror","floor":8,"key":"SMITH"},{"data":"Adrenaline","floor":13,"key":"SMITH"},{"data":"Footwork","floor":15,"key":"SMITH"},{"data":"Backstab","floor":24,"key":"SMITH"},{"data":"Neutralize","floor":27,"key":"SMITH"},{"data":"Backstab","floor":30,"key":"SMITH"},{"floor":32,"key":"REST"},{"floor":41,"key":"REST"},{"floor":49,"key":"REST"}],"neow_cost":"","seed_source_timestamp":0,"circlet_count":0,"master_deck":["Survivor","Neutralize+1","Bouncing Flask+1","Backflip","Predator","Footwork+1","Cloak And Dagger","Leg Sweep","Night Terror+1","Pain","Backstab+1","Regret","Adrenaline+1","PiercingWail","Regret","Burst","Dodge and Roll+1","Tactician+1","Dagger Throw","Bane","PiercingWail","Bane","Dagger Throw","Backstab+1","PiercingWail","Endless Agony","Noxious Fumes","Dagger Spray+1","Quick Slash","Blade Dance","Clumsy","Backstab+1","Dash+1","Pain","Corpse Explosion","Blade Dance+1","Calculated Gamble+1","Acrobatics","Blade Dance+1","Prepared+1","Cloak And Dagger+1","Injury","Adrenaline","Bandage Up","PiercingWail+1","Parasite"],"special_seed":17877,"relics":["Cursed Key","Darkstone Periapt","Du-Vu Doll","Frozen Eye","Bag of Preparation","Dodecahedron","Dead Branch","Pandora\u0027s Box","Mango","Matryoshka","Shuriken","Blood Vial","War Paint","Oddly Smooth Stone","Sundial","Smiling Mask","Fusion Hammer","Calipers","Kunai","Mercury Hourglass","Bag of Marbles","Snake Skull","Ninja Scroll","Chemical X","The Specimen","Lantern"],"potions_floor_usage":[10,12,16],"damage_taken":[{"damage":1,"enemies":"Cultist","floor":1,"turns":4},{"damage":0,"enemies":"Small Slimes","floor":3,"turns":3},{"damage":0,"enemies":"Jaw Worm","floor":4,"turns":3},{"damage":0,"enemies":"2 Fungi Beasts","floor":5,"turns":3},{"damage":10,"enemies":"Gremlin Nob","floor":7,"turns":4},{"damage":12,"enemies":"Exordium Thugs","floor":10,"turns":5},{"damage":3,"enemies":"Lagavulin","floor":12,"turns":7},{"damage":3,"enemies":"Looter","floor":14,"turns":2},{"damage":0,"enemies":"The Guardian","floor":16,"turns":9},{"damage":0,"enemies":"Chosen","floor":18,"turns":2},{"damage":1,"enemies":"3 Byrds","floor":19,"turns":3},{"damage":1,"enemies":"Colosseum Slavers","floor":20,"turns":2},{"damage":3,"enemies":"Colosseum Nobs","floor":20,"turns":3},{"damage":0,"enemies":"Slavers","floor":23,"turns":2},{"damage":3,"enemies":"Book of Stabbing","floor":25,"turns":2},{"damage":3,"enemies":"Gremlin Leader","floor":28,"turns":1},{"damage":3,"enemies":"Snake Plant","floor":29,"turns":3},{"damage":8,"enemies":"Centurion and Healer","floor":31,"turns":4},{"damage":8,"enemies":"Collector","floor":33,"turns":5},{"damage":0,"enemies":"Orb Walker","floor":35,"turns":2},{"damage":0,"enemies":"3 Shapes","floor":36,"turns":1},{"damage":1,"enemies":"2 Orb Walkers","floor":37,"turns":2},{"damage":0,"enemies":"Jaw Worm Horde","floor":38,"turns":1},{"damage":4,"enemies":"3 Darklings","floor":39,"turns":3},{"damage":0,"enemies":"Nemesis","floor":40,"turns":1},{"damage":0,"enemies":"Sphere and 2 Shapes","floor":42,"turns":3},{"damage":3,"enemies":"Giant Head","floor":44,"turns":3},{"damage":0,"enemies":"Jaw Worm Horde","floor":48,"turns":1},{"damage":0,"enemies":"Donu and Deca","floor":50,"turns":2}],"seed_played":"-2893095537371468072","potions_obtained":[{"floor":1,"key":"Regen Potion"},{"floor":7,"key":"PowerPotion"},{"floor":10,"key":"Block Potion"},{"floor":12,"key":"Fire Potion"},{"floor":14,"key":"GamblersBrew"},{"floor":20,"key":"AttackPotion"}],"is_trial":false,"path_per_floor":["M","$","M","M","M","R","E","R","T","M","?","E","R","M","R","B",null,"M","M","?","$","?","E","R","E","T","R","E","M","R","M","R","B",null,"M","M","?","M","M","E","R","M","T","E","?","$","$","M","R","B",null],"character_chosen":"THE_SILENT","items_purchased":["Backflip","Predator","Shuriken","Blade Dance","Ninja Scroll","Chemical X","The Specimen","Lantern"],"campfire_rested":3,"item_purchase_floors":[2,2,21,21,46,46,46,47],"current_hp_per_floor":[68,67,66,65,64,63,53,53,59,59,65,62,62,59,59,65,70,69,68,78,78,78,78,77,74,80,80,77,76,76,69,75,73,79,78,77,76,75,71,73,72,71,76,73,73,73,72,71,70,75],"gold":31,"neow_bonus":"","is_prod":false,"is_daily":true,"chose_seed":false,"campfire_upgraded":7,"win_rate":0,"timestamp":1544626065,"path_taken":["M","$","?","M","M","R","E","R","T","M","?","E","R","M","R","BOSS","M","?","?","$","?","E","R","E","T","R","E","M","R","M","R","BOSS","M","M","?","M","M","E","R","M","T","E","?","?","$","M","R","BOSS"],"build_version":"2018-12-06","purchased_purges":0,"victory":true,"max_hp_per_floor":[68,67,66,65,64,63,62,61,66,65,70,69,68,67,66,71,70,69,68,81,80,79,78,77,76,81,80,79,78,77,76,75,80,79,78,77,76,75,74,73,72,71,76,75,74,73,72,71,70,75],"card_choices":[{"not_picked":["Dodge and Roll","PiercingWail"],"picked":"Bouncing Flask","floor":1},{"not_picked":["Escape Plan","Noxious Fumes"],"picked":"Footwork","floor":3},{"not_picked":["Prepared","PiercingWail"],"picked":"Cloak And Dagger","floor":4},{"not_picked":["Slice","Endless Agony"],"picked":"Leg Sweep","floor":5},{"not_picked":["Accuracy","Leg Sweep"],"picked":"Night Terror","floor":7},{"not_picked":["Prepared","Deflect"],"picked":"Backstab","floor":10},{"not_picked":["Flying Knee","Terror"],"picked":"Adrenaline","floor":12},{"not_picked":["Poisoned Stab","Outmaneuver"],"picked":"PiercingWail","floor":14},{"not_picked":["Unload","Wraith Form v2"],"picked":"Burst","floor":16},{"not_picked":["Quick Slash","Riddle With Holes"],"picked":"Noxious Fumes","floor":18},{"not_picked":["Reflex","Deflect"],"picked":"Dagger Spray+1","floor":19},{"not_picked":["Catalyst","Escape Plan+1"],"picked":"Quick Slash","floor":20},{"not_picked":["Setup+1","Burst","Bouncing Flask"],"picked":"SKIP","floor":23},{"not_picked":["Terror","Deflect","Blade Dance"],"picked":"SKIP","floor":25},{"not_picked":["PiercingWail","Acrobatics"],"picked":"Backstab","floor":28},{"not_picked":["Deadly Poison","Cloak And Dagger"],"picked":"Dash+1","floor":29},{"not_picked":["Deadly Poison+1","Underhanded Strike","Phantasmal Killer"],"picked":"SKIP","floor":31},{"not_picked":["Burst","Night Terror"],"picked":"Corpse Explosion","floor":33},{"not_picked":["Finisher+1","Poisoned Stab+1"],"picked":"Blade Dance+1","floor":35},{"not_picked":["Cloak And Dagger+1","Blade Dance+1"],"picked":"Calculated Gamble+1","floor":36},{"not_picked":["Dagger Throw+1","Choke+1"],"picked":"Acrobatics","floor":37},{"not_picked":["Bane+1","Sucker Punch"],"picked":"Blade Dance+1","floor":38},{"not_picked":["Flechettes","Heel Hook","Deadly Poison"],"picked":"SKIP","floor":39},{"not_picked":["Finisher","Expertise+1"],"picked":"Prepared+1","floor":40},{"not_picked":["Crippling Poison+1","Tools of the Trade"],"picked":"Cloak And Dagger+1","floor":42},{"not_picked":["Acrobatics+1","Backflip+1"],"picked":"Adrenaline","floor":44},{"not_picked":["Madness","Mind Blast"],"picked":"Bandage Up","floor":45},{"not_picked":["Backflip+1","Sucker Punch+1"],"picked":"PiercingWail+1","floor":48}],"player_experience":1791571,"relics_obtained":[{"floor":7,"key":"Bag of Preparation"},{"floor":9,"key":"Dodecahedron"},{"floor":12,"key":"Dead Branch"},{"floor":20,"key":"Mango"},{"floor":20,"key":"Matryoshka"},{"floor":23,"key":"Blood Vial"},{"floor":25,"key":"War Paint"},{"floor":26,"key":"Oddly Smooth Stone"},{"floor":26,"key":"Sundial"},{"floor":28,"key":"Smiling Mask"},{"floor":37,"key":"Calipers"},{"floor":40,"key":"Kunai"},{"floor":43,"key":"Mercury Hourglass"},{"floor":43,"key":"Bag of Marbles"},{"floor":44,"key":"Snake Skull"}],"event_choices":[{"damage_healed":0,"gold_gain":275,"player_choice":"Desecrate","damage_taken":0,"max_hp_gain":0,"max_hp_loss":0,"event_name":"Golden Shrine","floor":11,"gold_loss":0,"cards_obtained":["Regret"]},{"damage_healed":0,"gold_gain":0,"player_choice":"Fight","damage_taken":0,"max_hp_gain":0,"max_hp_loss":0,"event_name":"Colosseum","floor":20,"gold_loss":0},{"damage_healed":0,"gold_gain":0,"player_choice":"Fought Nobs","damage_taken":0,"max_hp_gain":0,"max_hp_loss":0,"event_name":"Colosseum","floor":20,"gold_loss":0},{"damage_healed":0,"gold_gain":0,"player_choice":"Forge","damage_taken":0,"max_hp_gain":0,"max_hp_loss":0,"event_name":"Accursed Blacksmith","floor":22,"gold_loss":0,"cards_upgraded":["Backstab"]},{"damage_healed":0,"gold_gain":0,"player_choice":"Fight","damage_taken":0,"max_hp_gain":0,"max_hp_loss":0,"event_name":"Mysterious Sphere","floor":37,"gold_loss":0},{"damage_healed":0,"gold_gain":0,"player_choice":"Memory 1","damage_taken":0,"max_hp_gain":0,"max_hp_loss":0,"event_name":"SensoryStone","floor":45,"gold_loss":0}],"is_beta":false,"boss_relics":[{"not_picked":["HoveringKite","Ectoplasm"],"picked":"Pandora\u0027s Box"},{"not_picked":["Snecko Eye","Runic Pyramid"],"picked":"Fusion Hammer"}],"items_purged_floors":[],"is_endless":false,"potions_floor_spawned":[1,7,10,12,14,20,23,25,29,37,38,40,42],"ascension_level":0}