{"path_per_floor":["M","?","?","M","?","E","$","R","T","T","M","E","M","M","R","B",null,"M","M","$","?","M","R","M","M","T","E","R","M","$","?","R","B",null,"M","M","?","?","?","M","M","M","T","R","M","R","$","M","R","B"],"character_chosen":"THE_SILENT","items_purchased":["Cloak And Dagger","Flying Knee","Apotheosis","Prepared","Footwork","After Image","Accuracy","Backstab"],"gold_per_floor":[119,119,119,140,140,173,21,21,44,44,68,112,127,143,143,269,269,293,313,8,8,19,19,39,50,76,103,103,121,48,48,48,146,146,158,168,0,0,0,16,31,44,112,112,122,122,10,28,28,28],"floor_reached":51,"campfire_rested":3,"playtime":6998,"item_purchase_floors":[],"current_hp_per_floor":[70,70,53,53,35,35,35,56,56,56,52,30,42,42,63,45,70,68,54,54,54,47,68,66,68,70,70,70,70,70,70,70,46,70,68,70,70,70,70,70,56,61,66,66,70,70,70,70,70,41],"items_purged":["Strike_G"],"gold":28,"score":731,"play_id":"35201d97-6f07-4970-bb31-fa9ba3aeb845","local_time":"20180607181654","is_prod":false,"is_daily":false,"chose_seed":false,"is_ascension_mode":false,"campfire_upgraded":5,"win_rate":0,"timestamp":1528409814,"campfire_choices":[{"floor":8.0,"key":"REST"},{"floor":15.0,"key":"REST"},{"floor":23,"key":"REST"},{"data":"Apotheosis","floor":28,"key":"SMITH"},{"data":"After Image","floor":32,"key":"SMITH"},{"data":"Secret Technique","floor":44,"key":"SMITH"},{"data":"Phantasmal Killer","floor":46,"key":"SMITH"},{"data":"Wraith Form v2","floor":49,"key":"SMITH"}],"path_taken":["M","?","?","?","?","E","?","R","T","?","M","E","?","M","R","BOSS","M","M","$","?","M","R","M","M","T","E","R","M","$","?","R","BOSS","M","M","?","?","?","M","?","M","T","R","M","R","$","?","R","BOSS"],"build_version":"2018-05-31","seed_source_timestamp":0,"purchased_purges":1,"victory":true,"master_deck":["Survivor","Neutralize","Deflect","Dodge and Roll","PiercingWail","Phantasmal Killer+1","Cloak And Dagger","Flying Knee","Sucker Punch","Malaise","Endless Agony","Dash","Wraith Form v2+1","Underhanded Strike","Quick Slash","Deflect","Acrobatics","Heel Hook","Endless Agony","Setup","Underhanded Strike","Endless Agony","Escape Plan","Apotheosis+1","Prepared","Footwork","Malaise","Cloak And Dagger+1","Leg Sweep+1","After Image+1","Underhanded Strike","After Image+1","Storm of Steel","PiercingWail+1","Dagger Throw+1","Secret Technique+1","Underhanded Strike","Infinite Blades+1","Caltrops+1","Accuracy","Backstab","Backstab+1"],"max_hp_per_floor":[70,70,70,70,70,70,70,70,70,70,70,70,70,70,70,70,70,70,70,70,70,70,70,70,70,70,70,70,70,70,70,70,70,70,70,70,70,70,70,70,70,70,70,70,70,70,70,70,70,70],"relics":["Ring of the Snake","NeowsBlessing","Bloody Idol","Lantern","Meat on the Bone","Pen Nib","Pantograph","Gremlin Horn","Pandora\u0027s Box","Ancient Tea Set","Thread and Needle","Lizard Tail","Red Mask","Ninja Scroll"],"card_choices":[{"not_picked":["Slice","Setup"],"picked":"Deflect","floor":1.0},{"not_picked":["Poisoned Stab","Deadly Poison"],"picked":"PiercingWail","floor":4.0},{"not_picked":["Glass Knife","Deflect"],"picked":"Phantasmal Killer","floor":6.0},{"not_picked":["Poisoned Stab","Eviscerate"],"picked":"Sucker Punch","floor":11.0},{"not_picked":["Prepared","Crippling Poison"],"picked":"Malaise","floor":12.0},{"not_picked":["Prepared","Bouncing Flask"],"picked":"Endless Agony","floor":13.0},{"not_picked":["Cloak And Dagger","Catalyst"],"picked":"Dash","floor":14.0},{"not_picked":["Tools of the Trade","Storm of Steel"],"picked":"Wraith Form v2","floor":16.0},{"not_picked":["Finisher+1","Bane"],"picked":"Endless Agony","floor":18},{"not_picked":["Quick Slash+1","Prepared"],"picked":"Escape Plan","floor":19},{"not_picked":["Dodge and Roll","Deflect+1"],"picked":"Malaise","floor":22},{"not_picked":["Dagger Throw+1","Crippling Poison"],"picked":"Cloak And Dagger+1","floor":24},{"not_picked":["Deadly Poison","Calculated Gamble"],"picked":"Leg Sweep+1","floor":25},{"not_picked":["Blade Dance","Leg Sweep"],"picked":"After Image","floor":27},{"not_picked":["Bouncing Flask","Slice"],"picked":"Underhanded Strike","floor":29},{"not_picked":["Corpse Explosion","Envenom"],"picked":"Storm of Steel","floor":33},{"not_picked":["Quick Slash+1","Underhanded Strike+1"],"picked":"PiercingWail+1","floor":35},{"not_picked":["Prepared+1","Backflip"],"picked":"Dagger Throw+1","floor":36},{"not_picked":["Deep Breath","Swift Strike"],"picked":"Secret Technique","floor":39},{"not_picked":["Prepared","Bane"],"picked":"Underhanded Strike","floor":40},{"not_picked":["Prepared+1","Escape Plan+1","Distraction+1"],"picked":"SKIP","floor":41},{"not_picked":["Bane","Flying Knee+1"],"picked":"Infinite Blades+1","floor":42},{"not_picked":["Acrobatics","Predator"],"picked":"Caltrops+1","floor":45},{"not_picked":["Slice+1","Setup+1"],"picked":"Backstab+1","floor":48}],"player_experience":387221,"potions_floor_usage":[19,33,33,33,41,41,50,50],"damage_taken":[{"damage":0.0,"enemies":"Cultist","floor":1.0,"turns":1.0},{"damage":0.0,"enemies":"2 Louse","floor":4.0,"turns":1.0},{"damage":0.0,"enemies":"3 Sentries","floor":6.0,"turns":2.0},{"damage":4.0,"enemies":"Small Slimes","floor":11.0,"turns":6.0},{"damage":34.0,"enemies":"Gremlin Nob","floor":12.0,"turns":5.0},{"damage":0.0,"enemies":"Blue Slaver","floor":13.0,"turns":3.0},{"damage":0.0,"enemies":"Red Slaver","floor":14.0,"turns":2.0},{"damage":37.0,"enemies":"Hexaghost","floor":16.0,"turns":22.0},{"damage":2.0,"enemies":"Shell Parasite","floor":18.0,"turns":10.0},{"damage":14,"enemies":"Spheric Guardian","floor":19,"turns":6},{"damage":24,"enemies":"3 Cultists","floor":22,"turns":9},{"damage":7,"enemies":"Sentry and Sphere","floor":24,"turns":6},{"damage":3,"enemies":"Snecko","floor":25,"turns":8},{"damage":0,"enemies":"Book of Stabbing","floor":27,"turns":9},{"damage":0,"enemies":"3 Cultists","floor":29,"turns":5},{"damage":29,"enemies":"Automaton","floor":33,"turns":18},{"damage":7,"enemies":"3 Shapes","floor":35,"turns":11},{"damage":0,"enemies":"3 Darklings","floor":36,"turns":10},{"damage":0,"enemies":"Sphere and 2 Shapes","floor":40,"turns":8},{"damage":19,"enemies":"4 Shapes","floor":41,"turns":7},{"damage":0,"enemies":"3 Darklings","floor":42,"turns":7},{"damage":0,"enemies":"Maw","floor":45,"turns":10},{"damage":0,"enemies":"Sphere and 2 Shapes","floor":48,"turns":4},{"damage":41,"enemies":"Donu and Deca","floor":50,"turns":9}],"relics_obtained":[{"floor":6.0,"key":"Meat on the Bone"},{"floor":9.0,"key":"Pen Nib"},{"floor":10.0,"key":"Pantograph"},{"floor":12.0,"key":"Gremlin Horn"},{"floor":26,"key":"Ancient Tea Set"},{"floor":27,"key":"Thread and Needle"},{"floor":43,"key":"Ninja Scroll"}],"event_choices":[{"event_name":"Living Wall","player_choice":"Change","floor":2.0,"damage_taken":0.0},{"event_name":"Golden Idol","player_choice":"Take Damage","floor":3.0,"damage_taken":0.0},{"event_name":"Scrap Ooze","player_choice":"success","floor":5.0,"damage_taken":18.0},{"event_name":"Forgotten Altar","player_choice":"Gave Idol","floor":21,"damage_taken":0},{"event_name":"Vampires","player_choice":"Ignored","floor":31,"damage_taken":0},{"event_name":"Tomb of Lord Red Mask","player_choice":"Paid","floor":37,"damage_taken":0},{"event_name":"Accursed Blacksmith","player_choice":"Forge","floor":38,"damage_taken":0},{"event_name":"SensoryStone","player_choice":"Memory 1","floor":39,"damage_taken":0}],"boss_relics":[{"not_picked":["Philosopher\u0027s Stone","Sozu"],"picked":"Lizard Tail"}],"items_purged_floors":[],"potions_floor_spawned":[11,12,13,14,16,18,19,25,27,35,36,45,48],"seed_played":"-7647391756872614945","ascension_level":0,"potions_obtained":[{"floor":11.0,"key":"Swift Potion"},{"floor":12.0,"key":"SpeedPotion"},{"floor":13.0,"key":"AttackPotion"},{"floor":14.0,"key":"Ancient Potion"},{"floor":16.0,"key":"Swift Potion"},{"floor":18,"key":"Poison Potion"},{"floor":19,"key":"SpeedPotion"},{"floor":25,"key":"Weak Potion"},{"floor":35,"key":"Fire Potion"},{"floor":36,"key":"Strength Potion"},{"floor":45,"key":"PowerPotion"},{"floor":48,"key":"Poison Potion"}],"is_trial":false}