{"gold_per_floor":[114,134,84,9,20,20,20,84,109,140,154,169,17,17,17,113,113,125,125,125,138,138,173,173,192,217,68,68,80,80,97,97,97],"floor_reached":33,"playtime":1365,"items_purged":["Strike_G"],"score":315,"play_id":"734b4b4e-49f0-4a78-8bfc-43594f5061bc","local_time":"20181213084131","is_ascension_mode":false,"campfire_choices":[{"data":"Riddle With Holes","floor":6.0,"key":"SMITH"},{"floor":15.0,"key":"REST"},{"floor":24.0,"key":"RECALL"},{"data":"Backstab","floor":28.0,"key":"SMITH"},{"floor":32.0,"key":"REST"}],"neow_cost":"NONE","seed_source_timestamp":45983237022335,"circlet_count":0,"master_deck":["Defend_G","Defend_G","Defend_G","Defend_G","Defend_G","Survivor","Neutralize","Riddle With Holes+1","Leg Sweep","Noxious Fumes+1","Escape Plan","Slice","Die Die Die","Corpse Explosion+1","Setup+1","Bane+1","Masterful Stab","Well Laid Plans","Blade Dance","Backstab+1","Dodge and Roll","Choke+1","Bane"],"special_seed":0,"relics":["Busted Crown","Omamori","Vajra","Paper Crane","Happy Flower","PreservedInsect","Astrolabe","Question Card","Ice Cream","Dream Catcher"],"potions_floor_usage":[33],"damage_taken":[{"damage":0.0,"enemies":"Cultist","floor":1.0,"turns":4.0},{"damage":0.0,"enemies":"2 Louse","floor":2.0,"turns":3.0},{"damage":0.0,"enemies":"Jaw Worm","floor":5.0,"turns":3.0},{"damage":2.0,"enemies":"3 Sentries","floor":8.0,"turns":3.0},{"damage":7.0,"enemies":"3 Sentries","floor":10.0,"turns":8.0},{"damage":2.0,"enemies":"Blue Slaver","floor":11.0,"turns":3.0},{"damage":0.0,"enemies":"2 Fungi Beasts","floor":12.0,"turns":3.0},{"damage":9.0,"enemies":"The Guardian","floor":16.0,"turns":9.0},{"damage":10.0,"enemies":"2 Thieves","floor":18.0,"turns":3.0},{"damage":0.0,"enemies":"3 Byrds","floor":21.0,"turns":3.0},{"damage":0.0,"enemies":"Gremlin Leader","floor":23.0,"turns":6.0},{"damage":11.0,"enemies":"Sentry and Sphere","floor":25.0,"turns":3.0},{"damage":10.0,"enemies":"Cultist and Chosen","floor":29.0,"turns":6.0},{"damage":13.0,"enemies":"Snake Plant","floor":31.0,"turns":2.0},{"damage":59,"enemies":"Champ","floor":33,"turns":7}],"seed_played":"-5028040616992264661","potions_obtained":[{"floor":1.0,"key":"SkillPotion"},{"floor":8.0,"key":"SkillPotion"},{"floor":12.0,"key":"FearPotion"},{"floor":16.0,"key":"Energy Potion"},{"floor":21.0,"key":"SkillPotion"},{"floor":23.0,"key":"Explosive Potion"},{"floor":29.0,"key":"Fire Potion"},{"floor":31.0,"key":"FearPotion"}],"is_trial":false,"path_per_floor":["M","M","?","$","M","R","?","?","T","E","M","M","$","?","R","B",null,"M","?","?","M","T","E","R","M","T","$","R","M","?","M","R","B"],"character_chosen":"THE_SILENT","items_purchased":["Noxious Fumes","Happy Flower","Backstab"],"campfire_rested":2,"item_purchase_floors":[4,13,27],"current_hp_per_floor":[70,70,70,70,70,70,70,68,68,61,59,59,59,41,62,53,70,60,60,60,60,60,60,60,49,49,49,49,39,39,26,47,0],"gold":97,"neow_bonus":"BOSS_RELIC","is_prod":false,"is_daily":false,"chose_seed":false,"campfire_upgraded":2,"win_rate":0,"timestamp":1544708491,"path_taken":["M","M","?","$","M","R","?","?","T","E","M","M","$","?","R","BOSS","M","?","?","M","?","E","R","M","T","?","R","M","?","M","R","BOSS"],"build_version":"2018-12-06","purchased_purges":1,"victory":false,"max_hp_per_floor":[70,70,70,70,70,70,70,70,70,70,70,70,70,70,70,70,70,70,70,70,70,70,70,70,70,70,70,70,70,70,70,70,70],"card_choices":[{"not_picked":[],"picked":"Riddle With Holes","floor":1.0},{"not_picked":[],"picked":"Leg Sweep","floor":2.0},{"not_picked":[],"picked":"Escape Plan","floor":5.0},{"not_picked":["Underhanded Strike"],"picked":"SKIP","floor":10.0},{"not_picked":["Tactician"],"picked":"SKIP","floor":11.0},{"not_picked":[],"picked":"Slice","floor":12.0},{"not_picked":[],"picked":"Die Die Die","floor":16.0},{"not_picked":[],"picked":"Masterful Stab","floor":18.0},{"not_picked":["Underhanded Strike+1","Deflect"],"picked":"SKIP","floor":21.0},{"not_picked":["Dagger Spray+1"],"picked":"Well Laid Plans","floor":23.0},{"not_picked":["Well Laid Plans"],"picked":"Blade Dance","floor":25.0},{"not_picked":["PiercingWail"],"picked":"Dodge and Roll","floor":29.0},{"not_picked":["Flechettes"],"picked":"Choke+1","floor":31.0},{"not_picked":["Dagger Spray"],"picked":"Bane","floor":32.0}],"player_experience":1875534,"relics_obtained":[{"floor":8.0,"key":"Omamori"},{"floor":9.0,"key":"Vajra"},{"floor":10.0,"key":"Paper Crane"},{"floor":23.0,"key":"Ice Cream"},{"floor":26.0,"key":"Dream Catcher"}],"event_choices":[{"cards_removed":["Strike_G"],"damage_healed":0.0,"max_hp_gain":0.0,"max_hp_loss":0.0,"gold_gain":0.0,"event_name":"The Cleric","player_choice":"Card Removal","floor":3.0,"gold_loss":50.0,"damage_taken":0.0},{"damage_healed":0.0,"max_hp_gain":0.0,"max_hp_loss":0.0,"gold_gain":0.0,"event_name":"Living Wall","player_choice":"Grow","floor":7.0,"gold_loss":0.0,"damage_taken":0.0,"cards_upgraded":["Noxious Fumes"]},{"damage_healed":0.0,"max_hp_gain":0.0,"max_hp_loss":0.0,"gold_gain":30.0,"event_name":"Dead Adventurer","player_choice":"Searched \u00272\u0027 times","floor":8.0,"gold_loss":0.0,"damage_taken":0.0},{"damage_healed":0.0,"max_hp_gain":0.0,"max_hp_loss":0.0,"gold_gain":0.0,"event_name":"Scrap Ooze","player_choice":"Success","floor":14.0,"gold_loss":0.0,"damage_taken":18.0,"relics_obtained":["PreservedInsect"]},{"damage_healed":0.0,"max_hp_gain":0.0,"max_hp_loss":0.0,"gold_gain":0.0,"event_name":"Ghosts","player_choice":"Ignored","floor":19.0,"gold_loss":0.0,"damage_taken":0.0},{"damage_healed":0.0,"max_hp_gain":0.0,"max_hp_loss":0.0,"gold_gain":0.0,"event_name":"The Mausoleum","player_choice":"Opened","floor":20.0,"gold_loss":0.0,"damage_taken":0.0,"relics_obtained":["Question Card"]},{"damage_healed":0.0,"max_hp_gain":0.0,"max_hp_loss":0.0,"gold_gain":0.0,"event_name":"NoteForYourself","player_choice":"Ignored","floor":30.0,"gold_loss":0.0,"damage_taken":0.0}],"is_beta":false,"boss_relics":[{"not_picked":["Calling Bell","Ectoplasm"],"picked":"Astrolabe"}],"items_purged_floors":[27],"is_endless":false,"potions_floor_spawned":[1,8,12,16,21,23,29,31],"killed_by":"Champ","ascension_level":0}