{"gold_per_floor":[114,128,143,68,87,87,101,126,126,143,43,59,59,79,79,158,158,176,176,226,226,243,271,282,307,307,307,252,268,268,297,297,372,372,385,399,399,415,425,425,438,116,166,166,166,166,178,192,192,192],"floor_reached":51,"playtime":2123,"items_purged":["Decay","Amnesia"],"score":1487,"play_id":"25599a1e-467e-4d7a-8f6b-97fe4daf6ebf","local_time":"20190117185232","is_ascension_mode":true,"campfire_choices":[{"data":"Neutralize","floor":6,"key":"SMITH"},{"floor":13,"key":"REST"},{"data":"Calculated Gamble","floor":15,"key":"SMITH"},{"floor":27,"key":"REST"},{"data":"ReplayTheSpireMod:Scrap Shanks","floor":30,"key":"SMITH"},{"data":"Atom Bomb","floor":32,"key":"SMITH"},{"floor":40,"key":"REST"},{"data":"Skewer","floor":44,"key":"SMITH"},{"data":"Mind Blast","floor":46,"key":"SMITH"}],"neow_cost":"NONE","seed_source_timestamp":282730410833167,"circlet_count":0,"master_deck":["AscendersBane","Defend_G","Defend_G","Defend_G","Defend_G+1","Defend_G","Strike_G","Strike_G","Strike_G","Strike_G","Survivor","Neutralize+1","Cloak And Dagger","Hidden Blade","Well Laid Plans","Cloak And Dagger+1","ReplayTheSpireMod:Scrap Shanks+1","hubris:Counter","Footwork","Doppelganger","Calculated Gamble+1","Atom Bomb+1","Shame","Footwork+1","Escape Plan","PiercingWail","Venomology","After Image+1","Skewer+1","Mind Blast+1","Mayhem+1","Dark Shackles","Leg Sweep","ReplayTheSpireMod:Tripwire+1","Blur","Skewer+1"],"relics":["Ring of the Snake","hubris:VirtuousBlindfold","Onion Ring","War Paint","Painkiller Herb","hubris:MysteriousPyramids","Bag of Preparation","ReplayTheSpireMod:Lightbulb","Golden Egg","PreservedInsect","Tiny Chest","ReplayTheSpireMod:Onyx Gauntlets","hubris:FunFungus","Bag of Marbles","Molten Egg 2"],"potions_floor_usage":[12,16,16,25,29,31,33,33,35,38,38,41,50],"damage_taken":[{"damage":0,"enemies":"Cultist","floor":1,"turns":4},{"damage":4,"enemies":"Jaw Worm","floor":2,"turns":6},{"damage":4,"enemies":"Small Slimes","floor":3,"turns":4},{"damage":6,"enemies":"Blue Slaver","floor":5,"turns":4},{"damage":4,"enemies":"2 Fungi Beasts","floor":7,"turns":4},{"damage":40,"enemies":"3 Sentries","floor":8,"turns":14},{"damage":0,"enemies":"Large Slime","floor":10,"turns":4},{"damage":0,"enemies":"Exordium Wildlife","floor":12,"turns":3},{"damage":0,"enemies":"Looter","floor":14,"turns":2},{"damage":0,"enemies":"Slime Boss","floor":16,"turns":8},{"damage":0,"enemies":"Shell Parasite","floor":18,"turns":1},{"damage":13,"enemies":"2 Thieves","floor":22,"turns":4},{"damage":21,"enemies":"Slavers","floor":23,"turns":5},{"damage":24,"enemies":"Cultist and Chosen","floor":24,"turns":6},{"damage":1,"enemies":"Book of Stabbing","floor":25,"turns":5},{"damage":4,"enemies":"Centurion and Healer","floor":29,"turns":3},{"damage":7,"enemies":"Gremlin Leader","floor":31,"turns":4},{"damage":51,"enemies":"hubris:MusketHawk","floor":33,"turns":11},{"damage":0,"enemies":"Orb Walker","floor":35,"turns":2},{"damage":31,"enemies":"3 Shapes","floor":36,"turns":3},{"damage":33,"enemies":"Spire Growth","floor":38,"turns":3},{"damage":10,"enemies":"Maw","floor":39,"turns":5},{"damage":6,"enemies":"Transient","floor":41,"turns":6},{"damage":7,"enemies":"Writhing Mass","floor":47,"turns":4},{"damage":4,"enemies":"3 Darklings","floor":48,"turns":2},{"damage":41,"enemies":"Time Eater","floor":50,"turns":6}],"seed_played":"-8513171022852681929","potions_obtained":[{"floor":2,"key":"Reflective Coating"},{"floor":8,"key":"SteroidPotion"},{"floor":10,"key":"Toxic Potion"},{"floor":14,"key":"Flashbang"},{"floor":23,"key":"Explosive Potion"},{"floor":24,"key":"Fire Potion"},{"floor":25,"key":"SneckoOil"},{"floor":29,"key":"GhostInAJar"},{"floor":33,"key":"Energy Potion"}],"is_trial":false,"path_per_floor":["M","M","M","$","M","R","M","E","T","M","$","M","R","M","R","B",null,"?","?","?","?","?","E","?","E","T","T","?","?","T","E","T","B",null,"?","?","?","?","?","T","?","T","T","T","T","T","?","?","T","B",null],"character_chosen":"THE_SILENT","items_purchased":["hubris:FunFungus"],"campfire_rested":3,"item_purchase_floors":[42],"current_hp_per_floor":[59,55,51,51,45,45,41,1,1,1,1,1,20,20,20,20,55,61,48,54,60,53,38,20,25,31,58,64,66,71,64,70,20,60,66,40,36,9,5,32,32,38,44,50,56,62,64,67,71,46],"gold":192,"neow_bonus":"CURSED_BOSS_RELIC","is_prod":false,"is_daily":false,"chose_seed":false,"campfire_upgraded":6,"win_rate":0,"timestamp":1547747552,"path_taken":["M","M","M","$","M","R","?","E","T","M","$","M","R","M","R","BOSS","?","?","?","?","?","E","?","E","T","T","?","?","T","E","T","BOSS","?","?","?","?","?","T","?","T","T","T","?","T","?","?","T","BOSS"],"build_version":"2019-01-10","purchased_purges":2,"victory":true,"max_hp_per_floor":[66,66,66,66,66,66,66,66,66,66,66,66,66,66,66,66,66,66,71,71,71,71,71,71,71,71,71,71,71,71,71,71,71,71,71,71,71,71,71,71,71,71,71,71,71,71,71,71,71,71],"card_choices":[{"not_picked":["Prepared","Endless Agony"],"picked":"Cloak And Dagger","floor":1},{"not_picked":["hubris:SlightOfHand","ReplayTheSpireMod:Exploit Weakness"],"picked":"Hidden Blade","floor":2},{"not_picked":["Deflect","Deadly Poison"],"picked":"Well Laid Plans","floor":3},{"not_picked":["Underhanded Strike","Deflect"],"picked":"Cloak And Dagger","floor":5},{"not_picked":["Fluid Movement","Flying Knee"],"picked":"ReplayTheSpireMod:Scrap Shanks","floor":7},{"not_picked":["Sneak Up","Masterful Stab"],"picked":"hubris:Counter","floor":8},{"not_picked":["Hidden Blade","hubris:TrickCloak"],"picked":"Footwork","floor":10},{"not_picked":["Prepared","hubris:SlightOfHand"],"picked":"Doppelganger","floor":12},{"not_picked":["Sucker Punch","Heel Hook"],"picked":"Calculated Gamble","floor":14},{"not_picked":["Bullet Time","Unload"],"picked":"Atom Bomb","floor":16},{"not_picked":["Acrobatics","hubris:Counter","Slice"],"picked":"SKIP","floor":18},{"not_picked":["Cloak And Dagger","Underhanded Strike"],"picked":"Footwork+1","floor":22},{"not_picked":["Dagger Spray","Sneak Up"],"picked":"Escape Plan","floor":23},{"not_picked":["Quick Slash+1","Underhanded Strike"],"picked":"PiercingWail","floor":24},{"not_picked":["Bouncing Flask","Distraction"],"picked":"Venomology","floor":25},{"not_picked":["Sneak Up","Distraction","Outmaneuver"],"picked":"SKIP","floor":29},{"not_picked":["Acrobatics","Finisher","Deadly Poison"],"picked":"SKIP","floor":31},{"not_picked":["Poison Darts","Glass Knife"],"picked":"After Image","floor":33},{"not_picked":["Underhanded Strike","ReplayTheSpireMod:Shiv Toss"],"picked":"Skewer","floor":35},{"not_picked":["Poisoned Stab+1","Acrobatics+1","Dagger Throw"],"picked":"SKIP","floor":36},{"not_picked":["Purity","Survey Options"],"picked":"Mind Blast","floor":37},{"not_picked":["Madness","Dramatic Entrance"],"picked":"Mayhem","floor":37},{"not_picked":["ReplayTheSpireMod:Uncanny Aura","Swift Strike"],"picked":"Dark Shackles","floor":37},{"not_picked":["Slice","Deflect","Quick Slash"],"picked":"SKIP","floor":38},{"not_picked":["Dagger Spray","Slice","Poisoned Stab"],"picked":"SKIP","floor":39},{"not_picked":["Replay:Poison Smokescreen","Cloak And Dagger"],"picked":"Leg Sweep","floor":41},{"not_picked":["Venomology","Underhanded Strike+1"],"picked":"ReplayTheSpireMod:Tripwire+1","floor":47},{"not_picked":["Distraction","Prepared+1"],"picked":"Blur","floor":48}],"player_experience":1336622,"relics_obtained":[{"floor":8,"key":"Onion Ring"},{"floor":9,"key":"War Paint"},{"floor":23,"key":"Bag of Preparation"},{"floor":25,"key":"ReplayTheSpireMod:Lightbulb"},{"floor":26,"key":"Golden Egg"},{"floor":31,"key":"PreservedInsect"},{"floor":43,"key":"Bag of Marbles"},{"floor":45,"key":"Molten Egg 2"}],"event_choices":[{"damage_healed":0,"gold_gain":0,"player_choice":"Shed Blood","damage_taken":23,"max_hp_gain":5,"max_hp_loss":0,"event_name":"Forgotten Altar","floor":19,"gold_loss":0},{"damage_healed":0,"gold_gain":50,"player_choice":"Stole From Cult","damage_taken":0,"max_hp_gain":0,"max_hp_loss":0,"event_name":"Nest","floor":20,"gold_loss":0},{"damage_healed":0,"gold_gain":0,"player_choice":"Obtained Relic","damage_taken":0,"relics_obtained":["Tiny Chest"],"max_hp_gain":0,"max_hp_loss":0,"event_name":"Addict","floor":28,"gold_loss":85},{"damage_healed":0,"gold_gain":0,"player_choice":"Memory 3","damage_taken":10,"max_hp_gain":0,"max_hp_loss":0,"event_name":"SensoryStone","floor":37,"gold_loss":0}],"is_beta":false,"boss_relics":[{"not_picked":["Ectoplasm","Kintsugi"],"picked":"Painkiller Herb"},{"not_picked":["Black Star","Tiny House"],"picked":"ReplayTheSpireMod:Onyx Gauntlets"}],"items_purged_floors":[4,11],"is_endless":false,"potions_floor_spawned":[2,8,10,14,23,24,25,29,33,35,47,48],"ascension_level":17}