{"gold_per_floor":[20,20,36,36,47,47,74,74,145,177,190,190,190,203,203,203],"floor_reached":16,"playtime":527,"items_purged":[],"score":220,"play_id":"2c259c55-21fd-4bf9-9ef4-3e9cda1db247","local_time":"20181029215315","is_ascension_mode":true,"campfire_choices":[{"data":"Dagger Spray","floor":6,"key":"SMITH"},{"floor":8,"key":"REST"},{"floor":13,"key":"REST"},{"data":"Neutralize","floor":15,"key":"SMITH"}],"neow_cost":"NO_GOLD","seed_source_timestamp":238563669186169,"circlet_count":0,"master_deck":["Defend_G","Defend_G","Defend_G","Strike_G","Strike_G","Strike_G","Survivor","Neutralize+1","AscendersBane","Dagger Spray+1","Cloak And Dagger","Blur","Deflect"],"relics":["Ring of the Snake","Boot","Gremlin Horn","Ninja Scroll"],"potions_floor_usage":[7,10,16,16],"damage_taken":[{"damage":9,"enemies":"Jaw Worm","floor":1,"turns":7},{"damage":0,"enemies":"2 Louse","floor":3,"turns":3},{"damage":0,"enemies":"Cultist","floor":5,"turns":5},{"damage":37,"enemies":"Gremlin Nob","floor":7,"turns":5},{"damage":21,"enemies":"3 Sentries","floor":10,"turns":8},{"damage":0,"enemies":"Large Slime","floor":11,"turns":4},{"damage":0,"enemies":"Exordium Thugs","floor":14,"turns":2},{"damage":27,"enemies":"Slime Boss","floor":16,"turns":7}],"seed_played":"-4565236471428050137","potions_obtained":[{"floor":1,"key":"AttackPotion"},{"floor":7,"key":"SpeedPotion"},{"floor":11,"key":"SkillPotion"},{"floor":14,"key":"EssenceOfSteel"}],"is_trial":false,"path_per_floor":["M","?","M","$","M","R","E","R","T","E","M","?","R","M","R"],"character_chosen":"THE_SILENT","items_purchased":[],"campfire_rested":2,"item_purchase_floors":[],"current_hp_per_floor":[50,43,43,43,43,43,6,25,25,4,4,4,23,23,23,0],"gold":203,"neow_bonus":"REMOVE_TWO","is_prod":false,"is_daily":false,"chose_seed":false,"campfire_upgraded":2,"win_rate":0,"timestamp":1540867995,"path_taken":["M","?","M","?","M","R","E","R","T","E","M","?","R","?","R","BOSS"],"build_version":"2018-10-29v2","purchased_purges":0,"victory":false,"max_hp_per_floor":[66,66,66,66,66,66,66,66,66,66,66,66,66,66,66,66],"card_choices":[{"not_picked":["Heel Hook","Bane","Prepared"],"picked":"SKIP","floor":1},{"not_picked":["Noxious Fumes","Caltrops"],"picked":"Dagger Spray","floor":3},{"not_picked":["Flying Knee","Masterful Stab"],"picked":"Cloak And Dagger","floor":5},{"not_picked":["Endless Agony","Distraction","Outmaneuver"],"picked":"SKIP","floor":7},{"not_picked":["Bane","Skewer"],"picked":"Blur","floor":10},{"not_picked":["Poisoned Stab","Sucker Punch","Dagger Spray"],"picked":"SKIP","floor":11},{"not_picked":["Quick Slash","Dagger Throw"],"picked":"Deflect","floor":14}],"player_experience":725041,"relics_obtained":[{"floor":7,"key":"Boot"},{"floor":9,"key":"Gremlin Horn"},{"floor":10,"key":"Ninja Scroll"}],"event_choices":[{"cards_removed":["Defend_G"],"damage_healed":0,"gold_gain":0,"player_choice":"Card Removal","damage_taken":7,"max_hp_gain":0,"max_hp_loss":0,"event_name":"Golden Wing","floor":2,"gold_loss":0},{"cards_removed":["Strike_G"],"damage_healed":0,"gold_gain":0,"player_choice":"Forget","damage_taken":0,"max_hp_gain":0,"max_hp_loss":0,"event_name":"Living Wall","floor":12,"gold_loss":0}],"is_beta":true,"boss_relics":[],"items_purged_floors":[],"is_endless":false,"potions_floor_spawned":[1,7,11,14],"killed_by":"Slime Boss","ascension_level":20}