{"gold_per_floor":[119,138,35,53,73,73,106,106,130,130,130,157,177,195,195,195],"floor_reached":16,"playtime":426,"items_purged":["Strike_G"],"score":199,"play_id":"797bb0c1-060c-473b-b44a-0dd1f215ffe8","local_time":"20190210152108","is_ascension_mode":true,"campfire_choices":[{"data":"Flechettes","floor":6,"key":"SMITH"},{"data":"Neutralize","floor":8,"key":"SMITH"},{"data":"Leg Sweep","floor":15,"key":"SMITH"}],"neow_cost":"NONE","seed_source_timestamp":143272931787004,"circlet_count":0,"master_deck":["AscendersBane","Defend_G","Defend_G","Defend_G","Defend_G","Defend_G","Strike_G","Strike_G","Strike_G","Strike_G","Survivor","Neutralize+1","Dagger Spray","Flechettes+1","Poisoned Stab","PiercingWail","Slice","Backflip","Unload","Leg Sweep+1"],"relics":["Ring of the Snake","Orichalcum","Happy Flower","Lantern"],"potions_floor_usage":[7,16],"damage_taken":[{"damage":0,"enemies":"Cultist","floor":1,"turns":4},{"damage":0,"enemies":"2 Louse","floor":2,"turns":2},{"damage":7,"enemies":"Jaw Worm","floor":4,"turns":3},{"damage":8,"enemies":"Blue Slaver","floor":5,"turns":4},{"damage":35,"enemies":"Gremlin Nob","floor":7,"turns":5},{"damage":1,"enemies":"3 Louse","floor":13,"turns":3},{"damage":3,"enemies":"Large Slime","floor":14,"turns":3},{"damage":16,"enemies":"Hexaghost","floor":16,"turns":10}],"seed_played":"2520659108092636456","potions_obtained":[{"floor":2,"key":"Ancient Potion"},{"floor":4,"key":"GhostInAJar"},{"floor":7,"key":"Explosive Potion"}],"is_trial":false,"path_per_floor":["M","M","$","M","M","R","E","R","T","?","?","T","M","M","R","B"],"character_chosen":"THE_SILENT","items_purchased":["Poisoned Stab"],"campfire_rested":0,"item_purchase_floors":[3],"current_hp_per_floor":[65,65,65,58,50,50,15,15,15,15,20,20,19,16,16,0],"gold":195,"neow_bonus":"TEN_PERCENT_HP_BONUS","is_prod":false,"is_daily":false,"chose_seed":false,"campfire_upgraded":3,"win_rate":0,"timestamp":1549808468,"path_taken":["M","M","$","M","?","R","E","R","T","?","?","?","M","M","R","BOSS"],"build_version":"2019-01-23","purchased_purges":1,"victory":false,"max_hp_per_floor":[72,72,72,72,72,72,72,72,72,72,77,77,77,77,77,77],"card_choices":[{"not_picked":["Bane","Setup"],"picked":"Dagger Spray","floor":1},{"not_picked":["Bane","Skewer"],"picked":"Flechettes","floor":2},{"not_picked":["Riddle With Holes","Deflect"],"picked":"PiercingWail","floor":4},{"not_picked":["Blade Dance","Bane"],"picked":"Slice","floor":5},{"not_picked":["Outmaneuver","Dagger Spray"],"picked":"Backflip","floor":7},{"not_picked":["Poisoned Stab","Finisher"],"picked":"Unload","floor":13},{"not_picked":["Dodge and Roll","Finisher"],"picked":"Leg Sweep","floor":14}],"player_experience":1389187,"relics_obtained":[{"floor":7,"key":"Orichalcum"},{"floor":9,"key":"Happy Flower"},{"floor":12,"key":"Lantern"}],"event_choices":[{"damage_healed":0,"gold_gain":0,"player_choice":"Ignored","damage_taken":0,"max_hp_gain":0,"max_hp_loss":0,"event_name":"Shining Light","floor":10,"gold_loss":0},{"damage_healed":0,"gold_gain":0,"player_choice":"Donut","damage_taken":0,"max_hp_gain":5,"max_hp_loss":0,"event_name":"Big Fish","floor":11,"gold_loss":0}],"is_beta":false,"boss_relics":[],"items_purged_floors":[3],"is_endless":false,"potions_floor_spawned":[2,4,7],"killed_by":"Hexaghost","ascension_level":19}