{"gold_per_floor":[144,157,82,82,82,107,107,141,153,265,277,289,320,349,361,373],"floor_reached":16,"playtime":1101,"items_purged":["Dualcast"],"score":119,"play_id":"10ae9ce1-24a1-4cd9-b8b7-3739a9213f06","local_time":"20190209084745","is_ascension_mode":true,"campfire_choices":[{"floor":7,"key":"REST"},{"floor":12,"key":"REST"},{"data":"Zap","floor":15,"key":"SMITH"}],"neow_cost":"NONE","seed_source_timestamp":2706972981449123,"circlet_count":0,"master_deck":["Strike_B","Strike_B","Strike_B","Strike_B","Defend_B","Defend_B+1","Defend_B","Defend_B","Zap+1","Beam Cell+1","Coolheaded+1","Steam Power","Go for the Eyes"],"relics":["Cracked Core","Tiny Chest","Ornamental Fan","MawBank","Gremlin Horn"],"potions_floor_usage":[8,16],"damage_taken":[{"damage":4,"enemies":"2 Louse","floor":1,"turns":3},{"damage":10,"enemies":"Small Slimes","floor":2,"turns":4},{"damage":20,"enemies":"Gremlin Nob","floor":6,"turns":4},{"damage":41,"enemies":"3 Sentries","floor":8,"turns":11},{"damage":2,"enemies":"Cultist","floor":13,"turns":3},{"damage":2,"enemies":"Exordium Wildlife","floor":14,"turns":3},{"damage":33,"enemies":"Slime Boss","floor":16,"turns":6}],"seed_played":"-1327265456865568582","potions_obtained":[{"floor":2,"key":"SteroidPotion"},{"floor":6,"key":"FearPotion"},{"floor":8,"key":"PowerPotion"}],"is_trial":false,"path_per_floor":["M","M","$","?","?","E","R","E","T","?","$","R","M","M","R","B"],"character_chosen":"DEFECT","items_purchased":[],"campfire_rested":2,"item_purchase_floors":[],"current_hp_per_floor":[71,61,61,46,46,26,48,7,7,7,7,29,27,25,25,0],"gold":373,"neow_bonus":"RANDOM_COMMON_RELIC","is_prod":false,"is_daily":false,"chose_seed":false,"campfire_upgraded":1,"win_rate":0,"timestamp":1549723665,"path_taken":["M","M","$","?","?","E","R","E","T","?","$","R","?","M","R","BOSS"],"build_version":"2019-02-06","purchased_purges":1,"victory":false,"max_hp_per_floor":[75,75,75,75,75,75,75,75,75,75,75,75,75,75,75,75],"card_choices":[{"not_picked":["Streamline","Compile Driver"],"picked":"Beam Cell","floor":1},{"not_picked":["Tempest","Barrage"],"picked":"Coolheaded","floor":2},{"not_picked":["Turbo","Heatsinks"],"picked":"Steam Power","floor":6},{"not_picked":["Hello World","Storm","Recycle"],"picked":"SKIP","floor":8},{"not_picked":["Hologram","Rip and Tear","Defragment"],"picked":"SKIP","floor":13},{"not_picked":["Steam","Cold Snap"],"picked":"Go for the Eyes","floor":14}],"player_experience":54342,"relics_obtained":[{"floor":6,"key":"Ornamental Fan"},{"floor":8,"key":"MawBank"},{"floor":9,"key":"Gremlin Horn"}],"event_choices":[{"damage_healed":0,"gold_gain":0,"player_choice":"Entered Light","damage_taken":15,"max_hp_gain":0,"max_hp_loss":0,"event_name":"Shining Light","floor":4,"gold_loss":0,"cards_upgraded":["Defend_B","Coolheaded"]},{"damage_healed":0,"gold_gain":0,"player_choice":"Grow","damage_taken":0,"max_hp_gain":0,"max_hp_loss":0,"event_name":"Living Wall","floor":5,"gold_loss":0,"cards_upgraded":["Beam Cell"]},{"damage_healed":0,"gold_gain":100,"player_choice":"Pray","damage_taken":0,"max_hp_gain":0,"max_hp_loss":0,"event_name":"Golden Shrine","floor":10,"gold_loss":0}],"is_beta":true,"boss_relics":[],"items_purged_floors":[3],"is_endless":false,"potions_floor_spawned":[2,6,8],"killed_by":"Slime Boss","ascension_level":2}