{"gold_per_floor":[110,120,120,151,175,187,213,252,264,291,303,315,327,304,316,433,445,476,35,55,55,65,65,141,141,141,41,41,61,76,104,104,202,202,214,232,232,60,73,103,103,118,143,161,161,191,45,59,59,59],"floor_reached":50,"playtime":2931,"items_purged":["Strike_R","Strike_R","Strike_R","Sword Boomerang"],"score":524,"play_id":"1be3897e-8cc9-4b83-b003-c0e76882bc54","local_time":"20181120212210","is_ascension_mode":false,"campfire_choices":[{"data":"Bash","floor":6,"key":"SMITH"},{"data":"Pommel Strike","floor":11,"key":"SMITH"},{"data":"Shrug It Off","floor":13,"key":"SMITH"},{"data":"Pommel Strike","floor":15,"key":"SMITH"},{"floor":23,"key":"RECALL"},{"data":"Uppercut","floor":25,"key":"SMITH"},{"data":"Shrug It Off","floor":28,"key":"SMITH"},{"data":"Battle Trance","floor":32,"key":"SMITH"},{"data":"Infernal Blade","floor":41,"key":"SMITH"},{"floor":49,"key":"REST"}],"neow_cost":"NONE","seed_source_timestamp":249014527772719,"circlet_count":0,"master_deck":["Strike_R+1","Strike_R+1","Defend_R","Defend_R","Defend_R","Defend_R","Bash+1","Finesse+1","Pommel Strike+1","Shrug It Off+1","Cleave","Pommel Strike+1","Uppercut+1","Shrug It Off+1","Limit Break+1","Anger","Battle Trance+1","Pummel","Heavy Blade","Infernal Blade+1","Flex","Heavy Blade","Seeing Red"],"relics":["Burning Blood","MawBank","Paper Frog","Kunai","Busted Crown","Thread and Needle","Ornamental Fan","Gremlin Horn","Black Star","Smiling Mask","Regal Pillow","War Paint","Oddly Smooth Stone","Strawberry"],"potions_floor_usage":[5,20,31,31,40,42,50,50,50],"damage_taken":[{"damage":1,"enemies":"Cultist","floor":1,"turns":3},{"damage":4,"enemies":"Small Slimes","floor":2,"turns":3},{"damage":0,"enemies":"2 Louse","floor":4,"turns":3},{"damage":12,"enemies":"Looter","floor":5,"turns":3},{"damage":13,"enemies":"Large Slime","floor":7,"turns":6},{"damage":17,"enemies":"Gremlin Nob","floor":8,"turns":4},{"damage":11,"enemies":"Exordium Thugs","floor":10,"turns":7},{"damage":62,"enemies":"Hexaghost","floor":16,"turns":12},{"damage":0,"enemies":"Chosen","floor":18,"turns":4},{"damage":7,"enemies":"Spheric Guardian","floor":20,"turns":4},{"damage":0,"enemies":"3 Cultists","floor":22,"turns":4},{"damage":0,"enemies":"Snecko","floor":29,"turns":3},{"damage":0,"enemies":"Chosen and Byrds","floor":30,"turns":4},{"damage":5,"enemies":"Book of Stabbing","floor":31,"turns":4},{"damage":26,"enemies":"Automaton","floor":33,"turns":11},{"damage":2,"enemies":"Orb Walker","floor":35,"turns":4},{"damage":0,"enemies":"3 Shapes","floor":36,"turns":3},{"damage":20,"enemies":"Jaw Worm Horde","floor":39,"turns":4},{"damage":6,"enemies":"Giant Head","floor":40,"turns":8},{"damage":13,"enemies":"Maw","floor":42,"turns":6},{"damage":23,"enemies":"Writhing Mass","floor":44,"turns":6},{"damage":38,"enemies":"Reptomancer","floor":46,"turns":8},{"damage":0,"enemies":"Transient","floor":48,"turns":5},{"damage":71,"enemies":"Donu and Deca","floor":50,"turns":7}],"seed_played":"7411147274218795896","potions_obtained":[{"floor":2,"key":"GamblersBrew"},{"floor":4,"key":"Weak Potion"},{"floor":10,"key":"FairyPotion"},{"floor":16,"key":"Energy Potion"},{"floor":22,"key":"LiquidBronze"},{"floor":29,"key":"Fire Potion"},{"floor":39,"key":"AttackPotion"},{"floor":48,"key":"Ancient Potion"}],"is_trial":false,"path_per_floor":["M","M","?","M","M","R","M","E","T","M","R","?","R","?","R","B",null,"M","$","M","?","M","R","T","R","T","$","R","M","M","E","R","B",null,"M","M","?","$","M","E","R","M","T","M","?","E","$","M","R","B"],"character_chosen":"IRONCLAD","items_purchased":["Anger","Thread and Needle","Battle Trance","Flex","SkillPotion","Block Potion"],"campfire_rested":1,"item_purchase_floors":[19,19,19,38,47,47],"current_hp_per_floor":[80,80,77,80,74,74,67,56,56,51,51,35,35,55,55,7,80,80,80,79,79,80,80,80,80,80,80,80,80,80,80,80,60,80,80,80,80,80,66,66,66,59,59,42,42,17,17,23,64,0],"gold":59,"neow_bonus":"RANDOM_COLORLESS","is_prod":false,"is_daily":false,"chose_seed":false,"campfire_upgraded":8,"win_rate":0,"timestamp":1542766930,"path_taken":["M","?","?","M","M","R","M","E","T","M","R","?","R","?","R","BOSS","M","$","M","?","M","R","?","R","T","$","R","M","M","E","R","BOSS","M","M","?","$","M","E","R","M","T","M","?","E","$","?","R","BOSS"],"build_version":"2018-11-15","purchased_purges":4,"victory":false,"max_hp_per_floor":[80,80,80,80,80,80,80,80,80,80,80,80,80,80,80,80,80,80,80,80,80,80,80,80,80,80,80,80,80,80,80,80,80,80,80,80,80,80,80,80,80,80,80,80,80,87,87,87,87,87],"card_choices":[{"not_picked":["Thunderclap","Second Wind"],"picked":"Pommel Strike","floor":1},{"not_picked":["Twin Strike","Havoc"],"picked":"Shrug It Off","floor":2},{"not_picked":["Evolve","Blood for Blood"],"picked":"Cleave","floor":4},{"not_picked":["Clash","Bloodletting"],"picked":"Pommel Strike","floor":5},{"not_picked":["Entrench","Wild Strike"],"picked":"Uppercut","floor":7},{"not_picked":["Headbutt","Exhume"],"picked":"Shrug It Off","floor":8},{"not_picked":["Perfected Strike","Flex"],"picked":"Sword Boomerang","floor":10},{"not_picked":["Exhume","Offering"],"picked":"Limit Break","floor":16},{"not_picked":["Wild Strike"],"picked":"SKIP","floor":18},{"not_picked":["Dropkick+1"],"picked":"SKIP","floor":20},{"not_picked":["Twin Strike"],"picked":"SKIP","floor":22},{"not_picked":[],"picked":"Pummel","floor":29},{"not_picked":["Iron Wave"],"picked":"SKIP","floor":30},{"not_picked":[],"picked":"Heavy Blade","floor":31},{"not_picked":[],"picked":"Infernal Blade","floor":35},{"not_picked":["Clothesline"],"picked":"SKIP","floor":36},{"not_picked":["Sword Boomerang"],"picked":"SKIP","floor":39},{"not_picked":["Feel No Pain"],"picked":"SKIP","floor":40},{"not_picked":["Pommel Strike"],"picked":"SKIP","floor":42},{"not_picked":["Cleave+1"],"picked":"SKIP","floor":44},{"not_picked":[],"picked":"Heavy Blade","floor":46},{"not_picked":[],"picked":"Seeing Red","floor":48}],"player_experience":1737465,"relics_obtained":[{"floor":8,"key":"Paper Frog"},{"floor":9,"key":"Kunai"},{"floor":24,"key":"Ornamental Fan"},{"floor":31,"key":"Gremlin Horn"},{"floor":40,"key":"Smiling Mask"},{"floor":40,"key":"Regal Pillow"},{"floor":43,"key":"War Paint"},{"floor":46,"key":"Oddly Smooth Stone"},{"floor":46,"key":"Strawberry"}],"event_choices":[{"damage_healed":0,"gold_gain":0,"player_choice":"Success","damage_taken":3,"relics_obtained":["MawBank"],"max_hp_gain":0,"max_hp_loss":0,"event_name":"Scrap Ooze","floor":3,"gold_loss":0},{"damage_healed":0,"gold_gain":0,"player_choice":"Entered Light","damage_taken":16,"max_hp_gain":0,"max_hp_loss":0,"event_name":"Shining Light","floor":12,"gold_loss":0,"cards_upgraded":["Strike_R","Strike_R"]},{"damage_healed":20,"gold_gain":0,"player_choice":"Healed","damage_taken":0,"max_hp_gain":0,"max_hp_loss":0,"event_name":"The Cleric","floor":14,"gold_loss":35},{"damage_healed":0,"gold_gain":0,"player_choice":"Ignored","damage_taken":0,"max_hp_gain":0,"max_hp_loss":0,"event_name":"Mysterious Sphere","floor":37,"gold_loss":0},{"damage_healed":0,"gold_gain":0,"player_choice":"Ignored","damage_taken":0,"max_hp_gain":0,"max_hp_loss":0,"event_name":"Tomb of Lord Red Mask","floor":45,"gold_loss":0}],"is_beta":false,"boss_relics":[{"not_picked":["Mark of Pain","Runic Cube"],"picked":"Busted Crown"},{"not_picked":["Cursed Key","Calling Bell"],"picked":"Black Star"}],"items_purged_floors":[19,27,38,47],"is_endless":false,"potions_floor_spawned":[2,4,10,16,22,29,39,48],"killed_by":"Donu and Deca","ascension_level":0}