{"gold_per_floor":[116,128,178,7,27,27,53,53,79,93,93,93,18,29,29,101,101,101],"floor_reached":18,"playtime":572,"items_purged":["Strike_B"],"score":304,"play_id":"3c8ed253-76f9-4793-a9aa-4d1bcbdd65c6","local_time":"20190129184341","is_ascension_mode":true,"campfire_choices":[{"data":"Zap","floor":6,"key":"SMITH"},{"floor":8,"key":"REST"},{"data":"Doom and Gloom","floor":12,"key":"SMITH"},{"floor":15,"key":"REST"}],"neow_cost":"NONE","seed_source_timestamp":454736237072132,"circlet_count":0,"master_deck":["AscendersBane","Strike_B","Strike_B","Defend_B","Defend_B","Defend_B","Defend_B","Zap+1","Dualcast","Self Repair","Compile Driver","Gash","Doom and Gloom+1","Leap","Cold Snap","Recycle","Echo Form"],"relics":["Cracked Core","NeowsBlessing","Strawberry","Ancient Tea Set","Boot","Philosopher\u0027s Stone"],"potions_floor_usage":[16],"damage_taken":[{"damage":0,"enemies":"2 Louse","floor":1,"turns":1},{"damage":0,"enemies":"Cultist","floor":2,"turns":1},{"damage":0,"enemies":"Small Slimes","floor":5,"turns":1},{"damage":60,"enemies":"3 Sentries","floor":7,"turns":9},{"damage":14,"enemies":"Red Slaver","floor":10,"turns":3},{"damage":16,"enemies":"2 Fungi Beasts","floor":14,"turns":3},{"damage":9,"enemies":"The Guardian","floor":16,"turns":10},{"damage":70,"enemies":"3 Byrds","floor":18,"turns":4}],"seed_played":"5236755270934664730","potions_obtained":[{"floor":10,"key":"PowerPotion"},{"floor":14,"key":"SpeedPotion"},{"floor":16,"key":"Dexterity Potion"}],"is_trial":false,"path_per_floor":["M","M","?","$","M","R","E","R","T","M","?","R","$","M","R","B",null,"M"],"character_chosen":"DEFECT","items_purchased":["Strawberry"],"campfire_rested":2,"item_purchase_floors":[4],"current_hp_per_floor":[64,64,64,71,71,71,18,41,41,27,27,27,27,18,41,46,70,0],"gold":101,"neow_bonus":"THREE_ENEMY_KILL","is_prod":false,"is_daily":false,"chose_seed":false,"campfire_upgraded":2,"win_rate":0,"timestamp":1548805421,"path_taken":["M","M","?","?","M","R","E","R","T","M","?","R","$","?","R","BOSS","M"],"build_version":"2019-01-23","purchased_purges":1,"victory":false,"max_hp_per_floor":[71,71,71,78,78,78,78,78,78,78,78,78,78,78,78,78,78,78],"card_choices":[{"not_picked":["Turbo","Skim"],"picked":"Self Repair","floor":1},{"not_picked":["Turbo","Reinforced Body"],"picked":"Compile Driver","floor":2},{"not_picked":["Force Field","Reprogram"],"picked":"Gash","floor":5},{"not_picked":["White Noise","Reboot"],"picked":"Doom and Gloom","floor":7},{"not_picked":["Turbo","Chaos"],"picked":"Leap","floor":10},{"not_picked":["Hologram","Leap"],"picked":"Recycle","floor":14},{"not_picked":["Rainbow","Reboot"],"picked":"Echo Form","floor":16}],"player_experience":2209789,"relics_obtained":[{"floor":7,"key":"Ancient Tea Set"},{"floor":9,"key":"Boot"}],"event_choices":[{"damage_healed":0,"gold_gain":50,"player_choice":"Pray","damage_taken":0,"max_hp_gain":0,"max_hp_loss":0,"event_name":"Golden Shrine","floor":3,"gold_loss":0},{"damage_healed":0,"gold_gain":0,"cards_transformed":["Strike_B"],"player_choice":"Transformed","damage_taken":0,"max_hp_gain":0,"max_hp_loss":0,"event_name":"Transmorgrifier","floor":11,"gold_loss":0,"cards_obtained":["Cold Snap"]}],"is_beta":false,"boss_relics":[{"not_picked":["Runic Pyramid","Black Star"],"picked":"Philosopher\u0027s Stone"}],"items_purged_floors":[13],"is_endless":false,"potions_floor_spawned":[10,14,16],"killed_by":"3 Byrds","ascension_level":18}