{"gold_per_floor":[119,5,18,37,37,37,37,72,72,72,83,114,145,175,187,199],"floor_reached":16,"playtime":3243,"items_purged":["Shame"],"score":123,"play_id":"698e9bc1-6078-45f2-aeb1-9726081360d4","local_time":"20190210093844","is_ascension_mode":true,"campfire_choices":[{"data":"Fusion","floor":6,"key":"SMITH"},{"floor":15,"key":"REST"}],"neow_cost":"CURSE","seed_source_timestamp":939329877379785,"circlet_count":0,"master_deck":["Strike_B","Strike_B+1","Strike_B","Strike_B","Defend_B+1","Defend_B","Defend_B","Defend_B","Zap","Dualcast","Consume","Fusion+1","Go for the Eyes+1","Conserve Battery+1","Hologram+1","Coolheaded+1"],"relics":["Cracked Core","Thread and Needle","Toxic Egg 2","Blue Candle","MawBank"],"potions_floor_usage":[12,16,16],"damage_taken":[{"damage":0,"enemies":"Cultist","floor":1,"turns":3},{"damage":3,"enemies":"Jaw Worm","floor":3,"turns":3},{"damage":0,"enemies":"2 Louse","floor":4,"turns":4},{"damage":23,"enemies":"3 Sentries","floor":8,"turns":9},{"damage":13,"enemies":"Lots of Slimes","floor":11,"turns":5},{"damage":5,"enemies":"Lagavulin","floor":12,"turns":9},{"damage":0,"enemies":"2 Fungi Beasts","floor":13,"turns":4},{"damage":0,"enemies":"3 Louse","floor":14,"turns":4},{"damage":38,"enemies":"Hexaghost","floor":16,"turns":15}],"seed_played":"3555466779402369404","potions_obtained":[{"floor":4,"key":"SpeedPotion"},{"floor":8,"key":"Ancient Potion"},{"floor":11,"key":"Energy Potion"},{"floor":13,"key":"FocusPotion"}],"is_trial":false,"path_per_floor":["M","$","M","M","$","R","?","E","T","?","M","E","M","M","R","B"],"character_chosen":"DEFECT","items_purchased":["Fusion"],"campfire_rested":1,"item_purchase_floors":[2],"current_hp_per_floor":[75,75,72,72,72,72,57,34,34,34,21,16,16,16,38,0],"gold":199,"neow_bonus":"ONE_RARE_RELIC","is_prod":false,"is_daily":false,"chose_seed":false,"campfire_upgraded":1,"win_rate":0,"timestamp":1549753724,"path_taken":["M","$","M","M","?","R","?","E","T","?","?","E","M","M","R","BOSS"],"build_version":"2019-01-23","purchased_purges":1,"victory":false,"max_hp_per_floor":[75,75,75,75,75,75,75,75,75,75,75,75,75,75,75,75],"card_choices":[{"not_picked":["Auto Shields","Conserve Battery"],"picked":"Consume","floor":1},{"not_picked":["Beam Cell","Ball Lightning","Leap"],"picked":"SKIP","floor":3},{"not_picked":["Melter","Barrage"],"picked":"Go for the Eyes","floor":4},{"not_picked":["BootSequence","Coolheaded","Rebound"],"picked":"SKIP","floor":8},{"not_picked":["Gash","Leap+1"],"picked":"Conserve Battery+1","floor":11},{"not_picked":["Doom and Gloom","Beam Cell"],"picked":"Hologram+1","floor":12},{"not_picked":["Reprogram+1","Amplify+1"],"picked":"Coolheaded+1","floor":13},{"not_picked":["Sweeping Beam","Beam Cell","Leap+1"],"picked":"SKIP","floor":14}],"player_experience":554143,"relics_obtained":[{"floor":8,"key":"Toxic Egg 2"},{"floor":9,"key":"Blue Candle"},{"floor":12,"key":"MawBank"}],"event_choices":[{"damage_healed":0,"gold_gain":0,"player_choice":"Entered Light","damage_taken":15,"max_hp_gain":0,"max_hp_loss":0,"event_name":"Shining Light","floor":7,"gold_loss":0,"cards_upgraded":["Strike_B","Defend_B"]},{"damage_healed":0,"gold_gain":0,"player_choice":"Forge","damage_taken":0,"max_hp_gain":0,"max_hp_loss":0,"event_name":"Accursed Blacksmith","floor":10,"gold_loss":0,"cards_upgraded":["Go for the Eyes"]}],"is_beta":false,"boss_relics":[],"items_purged_floors":[2],"is_endless":false,"potions_floor_spawned":[4,8,11,13],"killed_by":"Hexaghost","ascension_level":2}