{"path_per_floor":["M","M","?","?","M","R","M","?","T","M","M","?","M","$","R","B",null,"M","M","M","M","?","R","?","?","T","$","R","M","?","?","R"],"character_chosen":"DEFECT","items_purchased":["Buffer","Buffer"],"gold_per_floor":[118,133,133,133,151,151,171,196,196,211,221,221,241,23,23,124,124,139,151,163,180,180,180,180,180,180,38,38,49,49,49,49,49],"floor_reached":33,"campfire_rested":5,"playtime":1262,"item_purchase_floors":[14,27],"current_hp_per_floor":[62,56,56,56,49,71,65,43,43,33,33,33,27,27,49,46,68,68,61,54,39,23,45,37,37,37,37,59,49,49,49,71,0],"items_purged":["Strike_B"],"gold":49,"score":311,"play_id":"167326fd-44bb-4bcc-9191-1090a344b029","local_time":"20180621224911","is_prod":false,"is_daily":false,"chose_seed":false,"is_ascension_mode":true,"campfire_upgraded":0,"win_rate":0,"timestamp":1529635751,"campfire_choices":[{"floor":6,"key":"REST"},{"floor":15,"key":"REST"},{"floor":23,"key":"REST"},{"floor":28,"key":"REST"},{"floor":32,"key":"REST"}],"path_taken":["M","M","?","?","M","R","M","?","T","M","M","?","?","$","R","BOSS","M","M","?","M","?","R","?","?","T","?","R","M","?","?","R","BOSS"],"build_version":"2018-06-14v2","seed_source_timestamp":673778563034515,"purchased_purges":1,"victory":false,"master_deck":["Strike_B","Strike_B","Defend_B","Defend_B","Defend_B","Zap+1","Dualcast","Consume","Melter","Leap","Storm","Streamline","Doom and Gloom","Buffer","Electrodynamics","Redo+1","Coolheaded","Cold Snap+1","Necronomicurse","Buffer","Electrodynamics"],"max_hp_per_floor":[75,75,75,75,75,75,75,75,75,75,75,75,75,75,75,75,75,75,75,75,75,75,75,75,75,75,75,75,75,75,75,75,75],"relics":["Cracked Core","Odd Mushroom","Torii","Nuclear Battery","Necronomicon","Darkstone Periapt"],"card_choices":[{"not_picked":["Undo","Leap"],"picked":"Consume","floor":1},{"not_picked":["Scrape","Tempest"],"picked":"Melter","floor":2},{"not_picked":["BootSequence","Undo"],"picked":"Leap","floor":5},{"not_picked":["Skim","Barrage"],"picked":"Storm","floor":7},{"not_picked":["Conserve Battery","Blizzard"],"picked":"Streamline","floor":8},{"not_picked":["Chaos","Ball Lightning"],"picked":"Doom and Gloom","floor":10},{"not_picked":["Stack","Lockon","FTL"],"picked":"SKIP","floor":11},{"not_picked":["Reinforced Body","Compile Driver","Barrage"],"picked":"SKIP","floor":13},{"not_picked":["Biased Cognition","Seek"],"picked":"Electrodynamics","floor":16},{"not_picked":["Stack","Conserve Battery"],"picked":"Redo+1","floor":18},{"not_picked":["Turbo+1","Reprogram"],"picked":"Coolheaded","floor":19},{"not_picked":["Hologram","Coolheaded"],"picked":"Cold Snap+1","floor":20},{"not_picked":["Aggregate","Lockon","Beam Cell"],"picked":"SKIP","floor":21},{"not_picked":["Sweeping Beam","Beam Cell"],"picked":"Electrodynamics","floor":29}],"player_experience":692647,"potions_floor_usage":[5,8,10,16,16,16,19,33],"damage_taken":[{"damage":6,"enemies":"2 Louse","floor":1,"turns":2},{"damage":6,"enemies":"Cultist","floor":2,"turns":3},{"damage":7,"enemies":"Jaw Worm","floor":5,"turns":2},{"damage":6,"enemies":"Blue Slaver","floor":7,"turns":4},{"damage":22,"floor":8,"turns":4},{"damage":10,"enemies":"Exordium Thugs","floor":10,"turns":4},{"damage":0,"enemies":"2 Fungi Beasts","floor":11,"turns":2},{"damage":6,"enemies":"3 Louse","floor":13,"turns":2},{"damage":3,"enemies":"Slime Boss","floor":16,"turns":9},{"damage":0,"enemies":"Spheric Guardian","floor":18,"turns":3},{"damage":7,"enemies":"3 Byrds","floor":19,"turns":2},{"damage":7,"enemies":"Sentry and Sphere","floor":20,"turns":3},{"damage":15,"enemies":"Snecko","floor":21,"turns":5},{"damage":10,"enemies":"Cultist and Chosen","floor":29,"turns":7},{"damage":79,"enemies":"Automaton","floor":33,"turns":6}],"relics_obtained":[{"floor":8,"key":"Odd Mushroom"},{"floor":9,"key":"Torii"},{"floor":22,"key":"Necronomicon"},{"floor":26,"key":"Darkstone Periapt"}],"event_choices":[{"event_name":"The Lab","player_choice":"Got Potions","floor":3,"damage_taken":0},{"event_name":"Living Wall","player_choice":"Forget","floor":4,"damage_taken":0},{"event_name":"Mushrooms","player_choice":"Fought Mushrooms","floor":8,"damage_taken":0},{"event_name":"Dead Adventurer","player_choice":"Searched \u00271\u0027 times","floor":12,"damage_taken":0},{"event_name":"Cursed Tome","player_choice":"Obtained Book","floor":22,"damage_taken":0},{"event_name":"Knowing Skull","player_choice":"","floor":24,"damage_taken":0},{"event_name":"Ghosts","player_choice":"Ignored","floor":25,"damage_taken":0},{"event_name":"Addict","player_choice":"Ignored","floor":30,"damage_taken":0},{"event_name":"Purifier","player_choice":"One Purge","floor":31,"damage_taken":0}],"boss_relics":[{"not_picked":["Runic Dome","Busted Crown"],"picked":"Nuclear Battery"}],"items_purged_floors":[14],"is_endless":false,"potions_floor_spawned":[1,5,8,11,16,21,29],"seed_played":"-4708325524338952406","killed_by":"Automaton","ascension_level":6,"potions_obtained":[{"floor":1,"key":"EssenceOfSteel"},{"floor":3,"key":"Fire Potion"},{"floor":3,"key":"Poison Potion"},{"floor":5,"key":"LiquidBronze"},{"floor":8,"key":"LiquidBronze"},{"floor":11,"key":"SkillPotion"},{"floor":16,"key":"LiquidBronze"},{"floor":21,"key":"Strength Potion"},{"floor":29,"key":"Ancient Potion"}],"is_trial":false}