{"gold_per_floor":[119,139,139,163,174,174,209,209,234,234,268,280,293,312,312,386,386,401,76,92,103,203,203,228,31,83,114,114,126,126,139,139,139],"floor_reached":33,"playtime":3039,"items_purged":["Strike_R"],"score":505,"play_id":"b5965f38-4c5b-4281-934c-51d9d4e19052","local_time":"20180704222812","is_ascension_mode":true,"campfire_choices":[{"data":"Pommel Strike","floor":6.0,"key":"SMITH"},{"data":"Barricade","floor":8.0,"key":"SMITH"},{"data":"Shrug It Off","floor":10.0,"key":"SMITH"},{"data":"Havoc","floor":15.0,"key":"SMITH"},{"data":"Uppercut","floor":23,"key":"SMITH"},{"data":"True Grit","floor":28,"key":"SMITH"},{"data":"Pommel Strike","floor":30,"key":"SMITH"},{"data":"Immolate","floor":32,"key":"SMITH"}],"neow_cost":"","seed_source_timestamp":496260302313814,"circlet_count":0,"master_deck":["Strike_R","Strike_R","Strike_R","Strike_R","Defend_R","Defend_R","Defend_R","Defend_R","Bash","AscendersBane","Shrug It Off+1","Clothesline+1","Pommel Strike+1","Barricade+1","Immolate+1","Havoc+1","Reaper","Uppercut+1","True Grit+1","Shrug It Off","Pommel Strike+1","Disarm","Shrug It Off","Metallicize+1"],"special_seed":0,"relics":["Burning Blood","Happy Flower","Dream Catcher","Orichalcum","Art of War","Runic Dome","Mercury Hourglass","Vajra","ClockworkSouvenir","Bag of Preparation","Blood Vial"],"potions_floor_usage":[24,24,33],"damage_taken":[{"damage":9.0,"enemies":"Jaw Worm","floor":1.0,"turns":3.0},{"damage":3.0,"enemies":"Cultist","floor":2.0,"turns":4.0},{"damage":0.0,"enemies":"2 Louse","floor":5.0,"turns":3.0},{"damage":14.0,"enemies":"Gremlin Nob","floor":7.0,"turns":4.0},{"damage":13.0,"enemies":"Lagavulin","floor":11.0,"turns":5.0},{"damage":6.0,"enemies":"Lots of Slimes","floor":12.0,"turns":2.0},{"damage":2.0,"enemies":"Blue Slaver","floor":13.0,"turns":2.0},{"damage":0.0,"enemies":"3 Louse","floor":14.0,"turns":2.0},{"damage":52.0,"enemies":"Hexaghost","floor":16.0,"turns":11.0},{"damage":11.0,"enemies":"3 Byrds","floor":18.0,"turns":4.0},{"damage":2.0,"enemies":"Chosen","floor":20.0,"turns":3.0},{"damage":17,"enemies":"3 Cultists","floor":21,"turns":4},{"damage":41,"enemies":"Slavers","floor":24,"turns":5},{"damage":13,"enemies":"Book of Stabbing","floor":27,"turns":5},{"damage":2,"enemies":"Chosen and Byrds","floor":29,"turns":4},{"damage":16,"enemies":"Snake Plant","floor":31,"turns":3},{"damage":98,"enemies":"Champ","floor":33,"turns":13}],"seed_played":"-6980237815150547865","potions_obtained":[{"floor":5.0,"key":"Poison Potion"},{"floor":7.0,"key":"SpeedPotion"},{"floor":12.0,"key":"Explosive Potion"},{"floor":16.0,"key":"Regen Potion"},{"floor":18.0,"key":"FearPotion"},{"floor":24,"key":"BloodPotion"},{"floor":27,"key":"Regen Potion"}],"is_trial":false,"path_per_floor":["M","M","?","T","M","R","E","R","T","R","E","M","M","M","R","B",null,"M","$","M","M","?","R","E","$","T","E","R","M","R","M","R"],"character_chosen":"IRONCLAD","items_purchased":["Mercury Hourglass","ClockworkSouvenir"],"campfire_rested":0,"item_purchase_floors":[],"current_hp_per_floor":[72,75,75,75,81,81,73,73,73,73,66,66,70,76,76,30,69,70,70,74,73,73,73,62,62,62,55,55,68,68,60,60,0],"gold":139,"neow_bonus":"","is_prod":false,"is_daily":false,"chose_seed":false,"campfire_upgraded":8,"win_rate":0,"timestamp":1530736092,"path_taken":["M","M","?","?","?","R","E","R","T","R","E","M","M","M","R","BOSS","M","$","M","M","?","R","E","$","T","E","R","M","R","M","R","BOSS"],"build_version":"2018-07-03","purchased_purges":1,"victory":false,"max_hp_per_floor":[82,82,82,82,82,82,82,82,82,82,82,82,82,82,82,82,82,82,82,82,82,82,82,82,82,82,82,82,82,82,82,82,82],"card_choices":[{"not_picked":["Dual Wield","Havoc"],"picked":"Shrug It Off","floor":1.0},{"not_picked":["Flex","Heavy Blade"],"picked":"Clothesline","floor":2.0},{"not_picked":["Flex","Anger"],"picked":"Pommel Strike","floor":5.0},{"not_picked":["Clash","Feel No Pain"],"picked":"Barricade","floor":7.0},{"not_picked":["Carnage","Heavy Blade"],"picked":"Immolate","floor":11.0},{"not_picked":["Headbutt","Perfected Strike","Thunderclap"],"picked":"SKIP","floor":12.0},{"not_picked":["Headbutt","Rage"],"picked":"Havoc","floor":13.0},{"not_picked":["Armaments","Anger","Flex"],"picked":"SKIP","floor":14.0},{"not_picked":["Bludgeon","Double Tap"],"picked":"Reaper","floor":16.0},{"not_picked":["Wild Strike","True Grit"],"picked":"Uppercut","floor":18.0},{"not_picked":["Bloodletting","Cleave"],"picked":"True Grit","floor":20.0},{"not_picked":["Thunderclap","Cleave"],"picked":"Shrug It Off","floor":21},{"not_picked":["Armaments","Carnage"],"picked":"Pommel Strike","floor":24},{"not_picked":["Clash","Iron Wave"],"picked":"Disarm","floor":27},{"not_picked":["Carnage","Anger"],"picked":"Shrug It Off","floor":29},{"not_picked":["Havoc","Pommel Strike"],"picked":"Metallicize+1","floor":31}],"player_experience":254753,"relics_obtained":[{"floor":4.0,"key":"Happy Flower"},{"floor":7.0,"key":"Dream Catcher"},{"floor":9.0,"key":"Orichalcum"},{"floor":11.0,"key":"Art of War"},{"floor":24,"key":"Vajra"},{"floor":26,"key":"Bag of Preparation"},{"floor":27,"key":"Blood Vial"}],"event_choices":[{"event_name":"Upgrade Shrine","player_choice":"Upgraded","floor":3.0,"damage_taken":0.0},{"event_name":"Golden Shrine","player_choice":"Pray","floor":22,"damage_taken":0}],"boss_relics":[{"not_picked":["Orrery","Astrolabe"],"picked":"Runic Dome"}],"items_purged_floors":[],"is_endless":false,"potions_floor_spawned":[5,7,12,16,18,20,24,27,31],"killed_by":"Champ","ascension_level":14}