{"gold_per_floor":[109,209,220,233,251,277,290,290,372,372,386,414,434,239,239,337,337,348,363,363,381,480,509,509,519,601,601,613,613,613,72,72,72],"floor_reached":33,"playtime":1838,"items_purged":["Strike_G","Strike_G"],"score":304,"play_id":"52375cb2-4ba0-4b81-b3c7-4b5a36e970a4","local_time":"20181211175554","is_ascension_mode":false,"campfire_choices":[{"floor":8,"key":"REST"},{"floor":15,"key":"REST"},{"floor":24,"key":"REST"},{"data":"Distraction","floor":29,"key":"SMITH"},{"floor":32,"key":"REST"}],"neow_cost":"NONE","seed_source_timestamp":262388057359952,"circlet_count":0,"master_deck":["Defend_G","Defend_G","Defend_G","Defend_G","Defend_G","Strike_G","Strike_G","Strike_G","Survivor","Neutralize","Leg Sweep","Slice","Underhanded Strike","Riddle With Holes","Riddle With Holes","Riddle With Holes","Cloak And Dagger","Sucker Punch","Riddle With Holes","Backflip","Caltrops+1","Malaise","Footwork+1","Dash","Prepared","Riddle With Holes+1","Distraction+1","Noxious Fumes+1","Forethought"],"relics":["Ring of the Snake","NeowsBlessing","Boot","Frozen Egg 2","Torii","Runic Dome","Potion Belt","Ninja Scroll","MutagenicStrength","Juzu Bracelet","Thread and Needle"],"potions_floor_usage":[6,6,16,16,16,19,23,23],"damage_taken":[{"damage":0,"enemies":"2 Louse","floor":1,"turns":1},{"damage":0,"enemies":"Cultist","floor":3,"turns":1},{"damage":0,"enemies":"Small Slimes","floor":4,"turns":1},{"damage":18,"enemies":"Exordium Thugs","floor":5,"turns":7},{"damage":16,"enemies":"Gremlin Nob","floor":6,"turns":5},{"damage":0,"enemies":"Blue Slaver","floor":7,"turns":3},{"damage":4,"enemies":"2 Fungi Beasts","floor":11,"turns":3},{"damage":14,"enemies":"3 Sentries","floor":12,"turns":9},{"damage":7,"enemies":"Large Slime","floor":13,"turns":4},{"damage":13,"enemies":"The Guardian","floor":16,"turns":9},{"damage":2,"enemies":"Chosen","floor":18,"turns":3},{"damage":1,"enemies":"Spheric Guardian","floor":19,"turns":3},{"damage":3,"enemies":"3 Cultists","floor":21,"turns":6},{"damage":28,"enemies":"Slavers","floor":23,"turns":6},{"damage":2,"enemies":"Chosen and Byrds","floor":25,"turns":4},{"damage":15,"enemies":"Snake Plant","floor":28,"turns":2},{"damage":77,"enemies":"Collector","floor":33,"turns":7}],"seed_played":"6396492983602915355","potions_obtained":[{"floor":1,"key":"Block Potion"},{"floor":3,"key":"Swift Potion"},{"floor":7,"key":"Dexterity Potion"},{"floor":10,"key":"PowerPotion"},{"floor":10,"key":"Strength Potion"},{"floor":16,"key":"Regen Potion"},{"floor":18,"key":"AttackPotion"},{"floor":21,"key":"EssenceOfSteel"}],"is_trial":false,"path_per_floor":["M","?","M","M","M","E","M","R","T","?","M","E","M","$","R","B",null,"M","M","?","M","?","E","R","M","T","?","M","R","?","$","R","B"],"character_chosen":"THE_SILENT","items_purchased":["Backflip","Caltrops+1","Thread and Needle","Noxious Fumes+1","Forethought"],"campfire_rested":4,"item_purchase_floors":[14,14,31,31,31],"current_hp_per_floor":[70,70,70,70,52,36,36,57,57,57,53,39,32,32,53,40,70,68,67,67,64,64,48,69,67,67,67,52,52,52,52,70,0],"gold":72,"neow_bonus":"THREE_ENEMY_KILL","is_prod":false,"is_daily":false,"chose_seed":false,"campfire_upgraded":1,"win_rate":0,"timestamp":1544568954,"path_taken":["M","?","?","M","M","E","M","R","T","?","M","E","M","$","R","BOSS","M","M","?","M","?","E","R","M","T","?","M","R","?","?","R","BOSS"],"build_version":"2018-12-06","purchased_purges":2,"victory":false,"max_hp_per_floor":[70,70,70,70,70,70,70,70,70,70,70,70,70,70,70,70,70,70,70,70,70,70,70,70,70,70,70,70,70,70,70,70,70],"card_choices":[{"not_picked":["Underhanded Strike","Concentrate"],"picked":"Leg Sweep","floor":1},{"not_picked":["Tactician","Setup"],"picked":"Slice","floor":3},{"not_picked":["Blur","Poisoned Stab"],"picked":"Underhanded Strike","floor":4},{"not_picked":["Deflect","PiercingWail"],"picked":"Riddle With Holes","floor":5},{"not_picked":["Dodge and Roll","Skewer"],"picked":"Riddle With Holes","floor":6},{"not_picked":["Dagger Throw","Dodge and Roll"],"picked":"Riddle With Holes","floor":7},{"not_picked":["Wraith Form v2+1","Quick Slash"],"picked":"Cloak And Dagger","floor":11},{"not_picked":["Slice","Quick Slash"],"picked":"Sucker Punch","floor":12},{"not_picked":["Blade Dance","Prepared"],"picked":"Riddle With Holes","floor":13},{"not_picked":["Bullet Time","Unload"],"picked":"Malaise","floor":16},{"not_picked":["Poisoned Stab+1","Flying Knee+1"],"picked":"Footwork+1","floor":18},{"not_picked":["Bane","Cloak And Dagger+1"],"picked":"Dash","floor":19},{"not_picked":["Underhanded Strike","Catalyst+1"],"picked":"Prepared","floor":21},{"not_picked":["Grand Finale","Distraction+1","Underhanded Strike"],"picked":"SKIP","floor":23},{"not_picked":["Underhanded Strike","Prepared"],"picked":"Riddle With Holes+1","floor":25},{"not_picked":["Finisher","Prepared"],"picked":"Distraction","floor":28}],"player_experience":1856772,"relics_obtained":[{"floor":6,"key":"Boot"},{"floor":9,"key":"Frozen Egg 2"},{"floor":12,"key":"Torii"},{"floor":23,"key":"Potion Belt"},{"floor":26,"key":"Ninja Scroll"}],"event_choices":[{"damage_healed":0,"gold_gain":100,"player_choice":"Pray","damage_taken":0,"max_hp_gain":0,"max_hp_loss":0,"event_name":"Golden Shrine","floor":2,"gold_loss":0},{"damage_healed":0,"gold_gain":0,"player_choice":"Got Potions","damage_taken":0,"max_hp_gain":0,"max_hp_loss":0,"event_name":"Lab","floor":10,"gold_loss":0},{"damage_healed":0,"gold_gain":0,"player_choice":"Ignored","damage_taken":0,"max_hp_gain":0,"max_hp_loss":0,"event_name":"Ghosts","floor":20,"gold_loss":0},{"damage_healed":0,"gold_gain":99,"player_choice":"Stole From Cult","damage_taken":0,"max_hp_gain":0,"max_hp_loss":0,"event_name":"Nest","floor":22,"gold_loss":0},{"damage_healed":0,"gold_gain":0,"player_choice":"Inject Mutagens","damage_taken":0,"relics_obtained":["MutagenicStrength"],"max_hp_gain":0,"max_hp_loss":0,"event_name":"Drug Dealer","floor":27,"gold_loss":0},{"damage_healed":0,"gold_gain":0,"player_choice":"Opened","damage_taken":0,"relics_obtained":["Juzu Bracelet"],"max_hp_gain":0,"max_hp_loss":0,"event_name":"The Mausoleum","floor":30,"gold_loss":0}],"is_beta":false,"boss_relics":[{"not_picked":["HoveringKite","Astrolabe"],"picked":"Runic Dome"}],"items_purged_floors":[14,31],"is_endless":false,"potions_floor_spawned":[1,3,7,12,16,18,21],"killed_by":"Collector","ascension_level":0}