{"gold_per_floor":[115,290,290,306,7,7,7,21,21,21,21,38,38,113,113,215,215,228,228,478,490,116,116,130,130,153,153,4,14,14,14,14,114,114,132,132,132,150,170,197,197,197,223,223,223,143,143,7,7,7],"floor_reached":50,"playtime":1225,"items_purged":["Normality","Regret"],"score":551,"play_id":"0c4f00ec-1f55-4893-a1f4-94731600d20c","local_time":"20180727202104","is_ascension_mode":false,"campfire_choices":[{"data":"Finisher","floor":6,"key":"SMITH"},{"data":"Neutralize","floor":11,"key":"SMITH"},{"data":"Bouncing Flask","floor":13,"key":"SMITH"},{"data":"Bane","floor":15,"key":"SMITH"},{"floor":23,"key":"REST"},{"floor":27,"key":"REST"},{"floor":32,"key":"REST"},{"floor":41,"key":"REST"},{"floor":44,"key":"REST"},{"floor":49,"key":"REST"}],"neow_cost":"NONE","seed_source_timestamp":27574202511148,"circlet_count":0,"master_deck":["Defend_G","Defend_G","Defend_G","Defend_G","Defend_G","Strike_G+1","Strike_G","Strike_G","Strike_G","Survivor","Neutralize+1","Flying Knee","Finisher+1","Bane+1","Bouncing Flask+1","Bullet Time","Outmaneuver+1","Crippling Poison","Poisoned Stab+1","Bouncing Flask+1","Distraction+1","Wraith Form v2","Outmaneuver+1","Writhe","Outmaneuver","Dagger Spray+1","Terror","Doubt","Wraith Form v2"],"relics":["Ring of the Snake","Strawberry","Spirit Poop","Juzu Bracelet","Bag of Preparation","Darkstone Periapt","Incense Burner","Lizard Tail","Vajra","Centennial Puzzle","Whetstone","Busted Crown","Lantern","Happy Flower","Bottled Tornado"],"potions_floor_usage":[18,21,33,40,40,50],"damage_taken":[{"damage":8,"enemies":"Jaw Worm","floor":1,"turns":4},{"damage":1,"enemies":"2 Louse","floor":4,"turns":3},{"damage":0,"enemies":"Small Slimes","floor":8,"turns":3},{"damage":12,"enemies":"3 Louse","floor":12,"turns":2},{"damage":34,"enemies":"Hexaghost","floor":16,"turns":8},{"damage":40,"enemies":"Shell Parasite","floor":18,"turns":6},{"damage":24,"enemies":"2 Thieves","floor":21,"turns":5},{"damage":31,"enemies":"Centurion and Healer","floor":24,"turns":5},{"damage":21,"enemies":"Slaver and Parasite","floor":29,"turns":5},{"damage":40,"enemies":"Collector","floor":33,"turns":10},{"damage":42,"enemies":"3 Darklings","floor":35,"turns":5},{"damage":5,"enemies":"Flame Bruiser 1 Orb","floor":38,"turns":6},{"damage":27,"enemies":"4 Shapes","floor":39,"turns":4},{"damage":15,"enemies":"Giant Head","floor":40,"turns":8},{"damage":177,"enemies":"Awakened One","floor":50,"turns":14}],"seed_played":"1522480392039295449","potions_obtained":[{"floor":8,"key":"SteroidPotion"},{"floor":12,"key":"GhostInAJar"},{"floor":16,"key":"Fruit Juice"},{"floor":33,"key":"Energy Potion"},{"floor":38,"key":"FearPotion"},{"floor":40,"key":"Energy Potion"}],"is_trial":false,"path_per_floor":["M","?","?","M","$","R","?","M","T","$","R","M","R","?","R","B",null,"M","?","?","M","$","R","M","?","T","R","$","M","$","?","R","B",null,"M","?","?","M","M","E","R","?","T","R","T","$","?","$","R"],"character_chosen":"THE_SILENT","items_purchased":["Juzu Bracelet","Bag of Preparation","Vajra","Centennial Puzzle","Dexterity Potion","Terror","Wraith Form v2"],"campfire_rested":6,"item_purchase_floors":[5,5,22,22,28,46,48],"current_hp_per_floor":[69,69,69,68,68,68,74,74,74,74,74,62,62,51,51,17,83,48,48,54,30,30,58,27,27,27,55,55,34,34,15,44,4,99,57,57,88,83,56,41,72,72,72,103,103,103,111,111,111,0],"gold":7,"neow_bonus":"RANDOM_COMMON_RELIC","is_prod":false,"is_daily":false,"chose_seed":false,"campfire_upgraded":4,"win_rate":0,"timestamp":1532688664,"path_taken":["M","?","?","M","$","R","?","M","T","$","R","M","R","?","R","BOSS","M","?","?","M","$","R","M","?","T","R","?","M","$","?","R","BOSS","M","?","?","M","M","E","R","?","T","R","?","?","?","$","R","BOSS"],"build_version":"2018-07-26","purchased_purges":2,"victory":false,"max_hp_per_floor":[77,77,77,77,77,77,83,83,83,83,83,83,83,83,83,83,83,88,88,94,94,94,94,94,94,94,94,94,94,94,99,99,99,99,99,99,105,105,105,105,105,105,105,105,105,105,111,111,111,111],"card_choices":[{"not_picked":["Sucker Punch","Acrobatics"],"picked":"Flying Knee","floor":1},{"not_picked":["Tactician","Dagger Spray"],"picked":"Finisher","floor":4},{"not_picked":["Concentrate","PiercingWail"],"picked":"Bane","floor":8},{"not_picked":["Slice","Flying Knee"],"picked":"Bouncing Flask","floor":12},{"not_picked":["Glass Knife","Grand Finale"],"picked":"Bullet Time","floor":16},{"not_picked":["Poisoned Stab","Setup"],"picked":"Outmaneuver+1","floor":18},{"not_picked":["Setup","Acrobatics+1"],"picked":"Poisoned Stab","floor":21},{"not_picked":["Poisoned Stab+1","Sucker Punch"],"picked":"Bouncing Flask+1","floor":24},{"not_picked":["All Out Attack","Concentrate"],"picked":"Distraction+1","floor":29},{"not_picked":["Die Die Die","Burst"],"picked":"Wraith Form v2","floor":33},{"not_picked":[],"picked":"Outmaneuver+1","floor":35},{"not_picked":["Cloak And Dagger"],"picked":"SKIP","floor":38},{"not_picked":[],"picked":"Outmaneuver","floor":39},{"not_picked":[],"picked":"Dagger Spray+1","floor":40}],"player_experience":269287,"relics_obtained":[{"floor":9,"key":"Incense Burner"},{"floor":26,"key":"Whetstone"},{"floor":40,"key":"Lantern"},{"floor":43,"key":"Happy Flower"},{"floor":45,"key":"Bottled Tornado"}],"event_choices":[{"event_name":"Liars Game","player_choice":"agreed","floor":2,"damage_taken":0},{"event_name":"Bonfire Elementals","player_choice":"CURSE","floor":3,"damage_taken":0},{"event_name":"Accursed Blacksmith","player_choice":"Rummage","floor":7,"damage_taken":0},{"event_name":"World of Goop","player_choice":"Gather Gold","floor":14,"damage_taken":0},{"event_name":"The Library","player_choice":"Read","floor":19,"damage_taken":0},{"event_name":"Golden Shrine","player_choice":"Desecrate","floor":20,"damage_taken":0},{"event_name":"Ghosts","player_choice":"Ignored","floor":25,"damage_taken":0},{"event_name":"Forgotten Altar","player_choice":"Shed Blood","floor":31,"damage_taken":0},{"event_name":"Mysterious Sphere","player_choice":"Ignore","floor":36,"damage_taken":0},{"event_name":"Winding Halls","player_choice":"Writhe","floor":37,"damage_taken":0},{"event_name":"Falling","player_choice":"Removed Attack","floor":42,"damage_taken":0},{"event_name":"MindBloom","player_choice":"Heal","floor":47,"damage_taken":0}],"is_beta":false,"boss_relics":[{"not_picked":["Coffee Dripper","Black Star"],"picked":"Lizard Tail"},{"not_picked":["Ring of the Serpent","Astrolabe"],"picked":"Busted Crown"}],"items_purged_floors":[22,28],"is_endless":false,"potions_floor_spawned":[8,12,16,33,38,40],"killed_by":"Awakened One","ascension_level":0}