{"gold_per_floor":[114,127,56,56,80,80,103,103,103,103,103,13,43,43],"floor_reached":14,"playtime":343,"items_purged":[],"score":137,"play_id":"f1b52b24-1f00-4b55-a8e5-f44830394811","local_time":"20181019145800","is_ascension_mode":true,"campfire_choices":[{"data":"Zap","floor":6,"key":"SMITH"},{"data":"Sunder","floor":10,"key":"SMITH"}],"neow_cost":"NONE","seed_source_timestamp":819166667810345,"circlet_count":0,"master_deck":["Strike_B","Strike_B","Strike_B","Strike_B","Defend_B","Defend_B","Defend_B","Defend_B","Zap+1","Dualcast","AscendersBane","Leap","Gash","Sunder+1","Capacitor","Sweeping Beam","Glacier","Coolheaded","Gash"],"relics":["Cracked Core","Golden Idol","Prayer Wheel","Bottled Tornado","MawBank","Odd Mushroom"],"potions_floor_usage":[],"damage_taken":[{"damage":4,"enemies":"Jaw Worm","floor":1,"turns":3},{"damage":3,"enemies":"2 Louse","floor":2,"turns":3},{"damage":0,"enemies":"Small Slimes","floor":5,"turns":3},{"damage":8,"enemies":"Looter","floor":7,"turns":3},{"damage":18,"enemies":"The Mushroom Lair","floor":13,"turns":4},{"damage":12,"enemies":"Red Slaver","floor":14,"turns":1}],"seed_played":"-5194951392050311194","potions_obtained":[{"floor":2,"key":"GamblersBrew"},{"floor":7,"key":"LiquidBronze"},{"floor":13,"key":"Swift Potion"}],"is_trial":false,"path_per_floor":["M","M","$","?","M","R","M","?","T","R","?","$","?"],"character_chosen":"DEFECT","items_purchased":["Sunder","Glacier","Coolheaded"],"campfire_rested":0,"item_purchase_floors":[3,12,12],"current_hp_per_floor":[67,64,64,64,64,64,56,56,56,56,30,30,12,0],"gold":43,"neow_bonus":"TEN_PERCENT_HP_BONUS","is_prod":false,"is_daily":false,"chose_seed":false,"campfire_upgraded":2,"win_rate":0,"timestamp":1539975480,"path_taken":["M","M","$","?","M","R","M","?","T","R","?","$","?","M"],"build_version":"2018-10-18","purchased_purges":0,"victory":false,"max_hp_per_floor":[78,78,78,71,71,71,71,71,71,71,71,71,71,71],"card_choices":[{"not_picked":["Ball Lightning","Rip and Tear"],"picked":"Leap","floor":1},{"not_picked":["Steam","Double Energy"],"picked":"Gash","floor":2},{"not_picked":["Loop","Stack"],"picked":"Capacitor","floor":5},{"not_picked":["Compile Driver","Amplify"],"picked":"Sweeping Beam","floor":7},{"not_picked":["Barrage","Rebound"],"picked":"Gash","floor":13}],"player_experience":1553243,"relics_obtained":[{"floor":9,"key":"Bottled Tornado"},{"floor":13,"key":"Odd Mushroom"}],"event_choices":[{"damage_healed":0,"gold_gain":0,"player_choice":"Lose Max HP","damage_taken":0,"relics_obtained":["Golden Idol"],"max_hp_gain":0,"max_hp_loss":7,"event_name":"Golden Idol","floor":4,"gold_loss":0},{"damage_healed":0,"gold_gain":0,"player_choice":"Gave Potion","damage_taken":0,"relics_obtained":["Prayer Wheel"],"max_hp_gain":0,"max_hp_loss":0,"event_name":"WeMeetAgain","floor":8,"gold_loss":0},{"damage_healed":0,"gold_gain":0,"player_choice":"Success","damage_taken":26,"relics_obtained":["MawBank"],"max_hp_gain":0,"max_hp_loss":0,"event_name":"Scrap Ooze","floor":11,"gold_loss":0},{"damage_healed":0,"gold_gain":0,"player_choice":"Fought Mushrooms","damage_taken":0,"max_hp_gain":0,"max_hp_loss":0,"event_name":"Mushrooms","floor":13,"gold_loss":0}],"is_beta":false,"boss_relics":[],"items_purged_floors":[],"is_endless":false,"potions_floor_spawned":[2,7,13],"killed_by":"Red Slaver","ascension_level":15}