{"gold_per_floor":[417,429,443,117,117,117,135,156,156,182,182,196,196,206,206,301,301,316,98,98,109,123,153,153,188,188,188,188,188,188,205,205,308,308,327,12,30,30,41,41,52,70,70,89,121,121,147,201,201,201],"floor_reached":51,"playtime":2168,"items_purged":["Strike_G"],"score":897,"play_id":"7941c404-b23d-418a-bea8-a18b9aec5811","local_time":"20180629142132","daily_mods":["Heirloom"],"is_ascension_mode":false,"campfire_choices":[{"data":"Echo Form","floor":6,"key":"SMITH"},{"data":"Demon Form","floor":11,"key":"SMITH"},{"data":"Wraith Form v2","floor":13,"key":"SMITH"},{"data":"A Thousand Cuts","floor":15,"key":"SMITH"},{"data":"Wraith Form v2","floor":24,"key":"SMITH"},{"data":"Riddle With Holes","floor":27,"key":"SMITH"},{"data":"A Thousand Cuts","floor":30,"key":"SMITH"},{"floor":32,"key":"REST"},{"data":"Predator","floor":40,"key":"SMITH"},{"data":"Dash","floor":46,"key":"SMITH"},{"data":"Leg Sweep","floor":49,"key":"SMITH"}],"neow_cost":"","seed_source_timestamp":0,"circlet_count":0,"master_deck":["Defend_G","Defend_G","Defend_G","Defend_G","Defend_G","Strike_G","Strike_G","Strike_G","Strike_G","Survivor","Neutralize","Demon Form+1","Wraith Form v2+1","Echo Form+1","Leg Sweep+1","Riddle With Holes+1","Dash+1","A Thousand Cuts+1","Wraith Form v2+1","Bouncing Flask+1","Underhanded Strike+1","Calculated Gamble+1","Choke+1","A Thousand Cuts+1","Predator+1","Storm of Steel+1","Riddle With Holes+1","Crippling Poison+1"],"relics":["Snecko Eye","Old Coin","Mercury Hourglass","Question Card","Odd Mushroom","Toxic Egg 2","Ornamental Fan","Sozu","Bag of Marbles","Nilry\u0027s Codex","Tough Bandages","Blood Vial","Calipers","Orrery","Tingsha","Boot","Dream Catcher","Ice Cream","Du-Vu Doll"],"potions_floor_usage":[3,48,50,50],"damage_taken":[{"damage":2,"enemies":"Jaw Worm","floor":1,"turns":5},{"damage":1,"enemies":"2 Louse","floor":2,"turns":3},{"damage":0,"enemies":"Cultist","floor":3,"turns":4},{"damage":0,"enemies":"3 Louse","floor":7,"turns":4},{"damage":4,"floor":8,"turns":4},{"damage":16,"enemies":"Gremlin Nob","floor":10,"turns":5},{"damage":1,"enemies":"Exordium Wildlife","floor":12,"turns":4},{"damage":3,"enemies":"Gremlin Gang","floor":14,"turns":3},{"damage":1,"enemies":"Slime Boss","floor":16,"turns":4},{"damage":0,"enemies":"2 Thieves","floor":18,"turns":3},{"damage":1,"enemies":"Chosen","floor":21,"turns":3},{"damage":0,"enemies":"3 Cultists","floor":22,"turns":3},{"damage":17,"enemies":"Slavers","floor":23,"turns":5},{"damage":0,"enemies":"Book of Stabbing","floor":25,"turns":5},{"damage":0,"enemies":"Snake Plant","floor":31,"turns":3},{"damage":0,"enemies":"Champ","floor":33,"turns":7},{"damage":0,"enemies":"3 Darklings","floor":35,"turns":4},{"damage":0,"enemies":"3 Shapes","floor":37,"turns":3},{"damage":0,"enemies":"Maw","floor":39,"turns":5},{"damage":1,"enemies":"Sphere and 2 Shapes","floor":41,"turns":4},{"damage":0,"enemies":"3 Darklings","floor":42,"turns":2},{"damage":0,"enemies":"4 Shapes","floor":44,"turns":3},{"damage":0,"enemies":"Nemesis","floor":45,"turns":3},{"damage":0,"enemies":"Giant Head","floor":47,"turns":6},{"damage":2,"floor":48,"turns":2},{"damage":5,"enemies":"Time Eater","floor":50,"turns":7}],"seed_played":"-5886351265936471718","potions_obtained":[{"floor":1,"key":"Fruit Juice"},{"floor":8,"key":"PowerPotion"},{"floor":12,"key":"SpeedPotion"},{"floor":14,"key":"Weak Potion"}],"is_trial":true,"path_per_floor":["M","M","M","$","?","R","M","?","T","E","R","M","R","M","R","B",null,"M","$","?","M","M","E","R","E","T","R","?","?","R","M","R","B",null,"M","$","M","?","M","R","M","M","T","M","E","R","E","?","R","B"],"character_chosen":"THE_SILENT","items_purchased":["Mercury Hourglass","Bag of Marbles","Bouncing Flask+1","Tingsha"],"campfire_rested":1,"item_purchase_floors":[4,19,19,36],"current_hp_per_floor":[68,67,72,72,69,69,69,65,65,49,49,48,48,45,45,44,75,75,75,59,58,58,41,41,41,41,41,41,41,41,43,65,67,75,75,75,75,75,75,75,74,75,75,75,75,75,75,73,73,70],"gold":201,"neow_bonus":"","is_prod":false,"is_daily":false,"chose_seed":false,"campfire_upgraded":10,"win_rate":0,"timestamp":1530274892,"path_taken":["M","M","M","$","?","R","M","?","T","E","R","M","R","?","R","BOSS","M","$","?","M","M","E","R","E","T","R","?","?","R","M","R","BOSS","M","$","M","?","M","R","?","M","T","M","E","R","E","?","R","BOSS"],"build_version":"2018-06-28","purchased_purges":1,"victory":true,"max_hp_per_floor":[70,70,75,75,75,75,75,75,75,75,75,75,75,75,75,75,75,75,75,75,75,75,75,75,75,75,75,75,75,75,75,75,75,75,75,75,75,75,75,75,75,75,75,75,75,75,75,75,75,75],"card_choices":[{"not_picked":["Backstab","Expertise","Catalyst"],"picked":"SKIP","floor":1},{"not_picked":["Sucker Punch","Blade Dance"],"picked":"Leg Sweep","floor":2},{"not_picked":["Sucker Punch","Outmaneuver","All Out Attack"],"picked":"SKIP","floor":3},{"not_picked":["Bane","Leg Sweep","Dagger Spray"],"picked":"Riddle With Holes","floor":7},{"not_picked":["Deflect+1","Quick Slash","Crippling Poison+1"],"picked":"Dash","floor":10},{"not_picked":["Distraction+1","Deflect+1","Dagger Spray"],"picked":"A Thousand Cuts","floor":12},{"not_picked":["Outmaneuver+1","Sucker Punch","Noxious Fumes","Deadly Poison+1"],"picked":"SKIP","floor":14},{"not_picked":["After Image","Storm of Steel+1","Burst+1"],"picked":"Wraith Form v2","floor":16},{"not_picked":["Deadly Poison+1","Dodge and Roll+1","Cloak And Dagger+1","Quick Slash+1"],"picked":"SKIP","floor":18},{"not_picked":["Quick Slash","Deadly Poison+1","Deflect+1","All Out Attack"],"picked":"SKIP","floor":21},{"not_picked":["Expertise+1","Slice","Dodge and Roll+1"],"picked":"Underhanded Strike+1","floor":22},{"not_picked":["Grand Finale","Unload","Acrobatics+1"],"picked":"Calculated Gamble+1","floor":23},{"not_picked":["Dagger Throw","Bane","Eviscerate"],"picked":"Choke+1","floor":25},{"not_picked":["Bane","PiercingWail+1","Slice","Prepared+1"],"picked":"SKIP","floor":31},{"not_picked":["Wraith Form v2","Venomology+1","Phantasmal Killer+1"],"picked":"Storm of Steel+1","floor":33},{"not_picked":["Expertise+1","Deadly Poison+1","Dagger Throw"],"picked":"Riddle With Holes+1","floor":34},{"not_picked":["Escape Plan+1","Infinite Blades+1","Flying Knee","Doppelganger+1"],"picked":"SKIP","floor":35},{"not_picked":["Blade Dance+1","Bane","Catalyst+1","PiercingWail+1"],"picked":"SKIP","floor":37},{"not_picked":["Prepared+1","Backstab","Deadly Poison+1","Slice+1"],"picked":"SKIP","floor":39},{"not_picked":["Skewer","Cloak And Dagger+1","Dodge and Roll+1","Bane+1"],"picked":"SKIP","floor":41},{"not_picked":["Die Die Die","Acrobatics+1","Skewer"],"picked":"Crippling Poison+1","floor":42},{"not_picked":["Deflect+1","Setup+1","Dodge and Roll+1","Underhanded Strike+1"],"picked":"SKIP","floor":44},{"not_picked":["Doppelganger+1","Backflip+1","Skewer+1","Catalyst+1"],"picked":"SKIP","floor":45},{"not_picked":["Prepared+1","Flechettes+1","Noxious Fumes+1","Poisoned Stab+1"],"picked":"SKIP","floor":47}],"player_experience":949318,"relics_obtained":[{"floor":8,"key":"Odd Mushroom"},{"floor":9,"key":"Toxic Egg 2"},{"floor":10,"key":"Ornamental Fan"},{"floor":20,"key":"Nilry\u0027s Codex"},{"floor":23,"key":"Tough Bandages"},{"floor":25,"key":"Blood Vial"},{"floor":26,"key":"Calipers"},{"floor":43,"key":"Boot"},{"floor":45,"key":"Dream Catcher"},{"floor":47,"key":"Ice Cream"},{"floor":48,"key":"Du-Vu Doll"}],"event_choices":[{"event_name":"Scrap Ooze","player_choice":"success","floor":5,"damage_taken":3},{"event_name":"Mushrooms","player_choice":"Fought Mushrooms","floor":8,"damage_taken":0},{"event_name":"Cursed Tome","player_choice":"Obtained Book","floor":20,"damage_taken":0},{"event_name":"Vampires","player_choice":"Ignored","floor":28,"damage_taken":0},{"event_name":"Match and Keep!","player_choice":"2 cards matched","floor":29,"damage_taken":0},{"event_name":"Wheel of Change","player_choice":"Full Heal","floor":38,"damage_taken":0},{"event_name":"Mysterious Sphere","player_choice":"Fight","floor":48,"damage_taken":0}],"boss_relics":[{"not_picked":["Lizard Tail","Fusion Hammer"],"picked":"Sozu"},{"not_picked":["Cursed Key","Velvet Choker"],"picked":"Orrery"}],"items_purged_floors":[4],"is_endless":false,"potions_floor_spawned":[1,8,12,14,21,22,37,39,41,47,48],"ascension_level":0}