{"gold_per_floor":[112,112,131,141,141,141,154,185,211,231,231,243,254,269,269,367,367,379,379,379,390,67,67,83,83,83,83,99,112,112,126,126,226,226,246,258,80,90,190,190,225,225,250,263,263,263,263,30,30,30],"floor_reached":51,"playtime":3056,"items_purged":["Defend_B"],"score":933,"play_id":"bc2223a8-0e8c-441a-957f-70a9ba2f3224","local_time":"20190105001125","is_ascension_mode":true,"campfire_choices":[{"data":"Zap","floor":6.0,"key":"SMITH"},{"data":"Defragment","floor":11.0,"key":"SMITH"},{"floor":15.0,"key":"REST"},{"data":"Barrage","floor":23,"key":"SMITH"},{"data":"White Noise","floor":25,"key":"SMITH"},{"data":"Reinforced Body","floor":30,"key":"SMITH"},{"data":"Machine Learning","floor":32,"key":"SMITH"},{"data":"Apotheosis","floor":40,"key":"SMITH"},{"data":"Glacier","floor":42,"key":"SMITH"},{"data":"Undo","floor":47,"key":"SMITH"},{"floor":49,"key":"REST"}],"neow_cost":"NONE","seed_source_timestamp":257032524485166,"circlet_count":0,"master_deck":["Strike_B","Strike_B","Strike_B","Defend_B","Defend_B","Defend_B","Zap+1","Dualcast","Echo Form","Ball Lightning","Streamline","BootSequence","Reinforced Body+1","Barrage+1","Defragment+1","Undo+1","Machine Learning+1","Glacier+1","Ghostly","Ghostly","Ghostly","Ghostly","Ghostly","Cold Snap","White Noise+1","J.A.X.","Coolheaded","Streamline+1","Electrodynamics","Blizzard+1","Apotheosis+1","Conserve Battery+1","Capacitor","Blind"],"special_seed":0,"relics":["Cracked Core","Anchor","Potion Belt","PreservedInsect","Cursed Key","Kunai","White Beast Statue","Dead Branch","Omamori","Lantern","DataDisk"],"potions_floor_usage":[31,33,33,33,35,41,50,50,50,50,50],"damage_taken":[{"damage":5.0,"enemies":"Small Slimes","floor":1.0,"turns":3.0},{"damage":0.0,"enemies":"2 Louse","floor":3.0,"turns":2.0},{"damage":0.0,"enemies":"Jaw Worm","floor":4.0,"turns":3.0},{"damage":0.0,"enemies":"3 Louse","floor":7.0,"turns":3.0},{"damage":11.0,"enemies":"3 Sentries","floor":8.0,"turns":7.0},{"damage":5.0,"enemies":"Large Slime","floor":10.0,"turns":5.0},{"damage":0.0,"enemies":"Blue Slaver","floor":12.0,"turns":2.0},{"damage":2.0,"enemies":"Looter","floor":13.0,"turns":3.0},{"damage":2.0,"enemies":"Large Slime","floor":14.0,"turns":4.0},{"damage":2.0,"enemies":"Slime Boss","floor":16.0,"turns":6.0},{"damage":0.0,"enemies":"3 Byrds","floor":18.0,"turns":5.0},{"damage":6,"enemies":"Spheric Guardian","floor":21,"turns":6},{"damage":6,"enemies":"Snake Plant","floor":24,"turns":6},{"damage":0,"enemies":"Cultist and Chosen","floor":28,"turns":7},{"damage":0,"enemies":"Centurion and Healer","floor":29,"turns":7},{"damage":0,"enemies":"Snake Plant","floor":31,"turns":6},{"damage":2,"enemies":"Champ","floor":33,"turns":9},{"damage":1,"enemies":"3 Shapes","floor":35,"turns":6},{"damage":0,"enemies":"3 Darklings","floor":36,"turns":4},{"damage":2,"enemies":"Spire Growth","floor":38,"turns":7},{"damage":0,"enemies":"Mind Bloom Boss Battle","floor":39,"turns":6},{"damage":4,"enemies":"Giant Head","floor":41,"turns":8},{"damage":0,"enemies":"4 Shapes","floor":44,"turns":4},{"damage":7,"enemies":"Donu and Deca","floor":50,"turns":10}],"seed_played":"9020390730711641139","potions_obtained":[{"floor":3.0,"key":"Swift Potion"},{"floor":4.0,"key":"Weak Potion"},{"floor":8.0,"key":"PowerPotion"},{"floor":12.0,"key":"EntropicBrew"},{"floor":13.0,"key":"Strength Potion"},{"floor":24,"key":"FearPotion"},{"floor":29,"key":"Energy Potion"},{"floor":33,"key":"AttackPotion"},{"floor":35,"key":"EssenceOfSteel"},{"floor":36,"key":"Dexterity Potion"},{"floor":38,"key":"LiquidBronze"},{"floor":39,"key":"AttackPotion"},{"floor":41,"key":"Strength Potion"}],"is_trial":false,"path_per_floor":["M","?","M","M","?","R","M","E","T","M","R","M","M","M","R","B",null,"M","?","?","M","$","R","M","R","T","?","M","M","R","M","R","B",null,"M","M","$","M","?","R","E","R","T","M","?","?","R","$","R","B",null],"character_chosen":"DEFECT","items_purchased":["Kunai","Apotheosis","DataDisk","Blind"],"campfire_rested":2,"item_purchase_floors":[22,37,48,48],"current_hp_per_floor":[63,56,56,56,49,49,49,38,38,33,33,33,31,29,51,49,69,69,37,37,31,31,31,25,25,25,25,25,25,25,25,25,23,34,33,33,33,31,31,31,27,27,27,27,27,27,27,27,35,28],"gold":30,"neow_bonus":"ONE_RANDOM_RARE_CARD","is_prod":false,"is_daily":false,"chose_seed":false,"campfire_upgraded":9,"win_rate":0,"timestamp":1546614685,"path_taken":["M","?","M","M","?","R","M","E","T","M","R","M","M","M","R","BOSS","M","?","?","M","$","R","M","R","T","?","M","M","R","M","R","BOSS","M","M","$","M","?","R","E","R","T","M","?","?","R","$","R","BOSS"],"build_version":"2019-01-03v3","purchased_purges":1,"victory":true,"max_hp_per_floor":[75,75,75,75,75,75,75,75,75,75,75,75,75,75,75,75,75,75,37,37,37,37,37,37,37,37,37,37,37,37,37,37,37,37,37,37,37,37,37,37,37,37,37,37,35,35,35,35,35,35],"card_choices":[{"not_picked":["Cold Snap","Compile Driver"],"picked":"Ball Lightning","floor":1.0},{"not_picked":["Reboot","Compile Driver"],"picked":"Streamline","floor":3.0},{"not_picked":["Turbo","Skim"],"picked":"BootSequence","floor":4.0},{"not_picked":["Barrage","Steam Power"],"picked":"Reinforced Body","floor":7.0},{"not_picked":["Static Discharge","Heatsinks"],"picked":"Barrage","floor":8.0},{"not_picked":["Gash","Coolheaded"],"picked":"Defragment","floor":10.0},{"not_picked":["Steam","Streamline"],"picked":"Undo","floor":12.0},{"not_picked":["Leap","Storm","Melter"],"picked":"SKIP","floor":13.0},{"not_picked":["Stack","Chaos","Beam Cell"],"picked":"SKIP","floor":14.0},{"not_picked":["Hyperbeam","Echo Form"],"picked":"Machine Learning","floor":16.0},{"not_picked":["Auto Shields","Hologram"],"picked":"Glacier","floor":18.0},{"not_picked":["Steam","Turbo"],"picked":"Cold Snap","floor":21},{"not_picked":["Conserve Battery","Tempest"],"picked":"White Noise","floor":24},{"not_picked":["Streamline","Go for the Eyes"],"picked":"Coolheaded","floor":28},{"not_picked":["Genetic Algorithm","Leap"],"picked":"Streamline+1","floor":29},{"not_picked":["Lockon+1","Glacier","Steam"],"picked":"SKIP","floor":31},{"not_picked":["Amplify","Hyperbeam"],"picked":"Electrodynamics","floor":33},{"not_picked":["Ball Lightning","Leap"],"picked":"Blizzard+1","floor":35},{"not_picked":["Hello World+1","Coolheaded+1","Redo"],"picked":"SKIP","floor":36},{"not_picked":["BootSequence","White Noise"],"picked":"Conserve Battery+1","floor":38},{"not_picked":["Hologram","Melter+1","Self Repair+1"],"picked":"SKIP","floor":41},{"not_picked":["Hello World+1","Turbo+1"],"picked":"Capacitor","floor":44}],"player_experience":328202,"relics_obtained":[{"floor":8.0,"key":"Potion Belt"},{"floor":9.0,"key":"PreservedInsect"},{"floor":39,"key":"Dead Branch"},{"floor":41,"key":"Omamori"},{"floor":43,"key":"Lantern"}],"event_choices":[{"damage_healed":0.0,"max_hp_gain":0.0,"max_hp_loss":0.0,"gold_gain":0.0,"event_name":"Scrap Ooze","player_choice":"Success","floor":2.0,"gold_loss":0.0,"damage_taken":7.0,"relics_obtained":["Anchor"]},{"cards_removed":["Strike_B"],"damage_healed":0.0,"max_hp_gain":0.0,"max_hp_loss":0.0,"gold_gain":0.0,"event_name":"Golden Wing","player_choice":"Card Removal","floor":5.0,"gold_loss":0.0,"damage_taken":7.0},{"damage_healed":0.0,"max_hp_gain":0.0,"max_hp_loss":38.0,"gold_gain":0.0,"event_name":"Ghosts","player_choice":"Became a Ghost","floor":19.0,"gold_loss":0.0,"damage_taken":0.0,"cards_obtained":["Ghostly","Ghostly","Ghostly","Ghostly","Ghostly"]},{"damage_healed":0,"gold_gain":0,"player_choice":"Ignored","damage_taken":0,"max_hp_gain":0,"max_hp_loss":0,"event_name":"The Mausoleum","floor":20,"gold_loss":0},{"damage_healed":0,"gold_gain":0,"player_choice":"Obtain J.A.X.","damage_taken":0,"max_hp_gain":0,"max_hp_loss":0,"event_name":"Drug Dealer","floor":27,"gold_loss":0,"cards_obtained":["J.A.X."]},{"damage_healed":0,"gold_gain":0,"player_choice":"Fight","damage_taken":0,"max_hp_gain":0,"max_hp_loss":0,"event_name":"MindBloom","floor":39,"gold_loss":0},{"damage_healed":0,"gold_gain":0,"player_choice":"Max HP","damage_taken":0,"max_hp_gain":0,"max_hp_loss":2,"event_name":"Winding Halls","floor":45,"gold_loss":0},{"damage_healed":0,"gold_gain":0,"player_choice":"Ignored","damage_taken":0,"max_hp_gain":0,"max_hp_loss":0,"event_name":"Tomb of Lord Red Mask","floor":46,"gold_loss":0}],"is_beta":false,"boss_relics":[{"not_picked":["Orrery","Runic Pyramid"],"picked":"Cursed Key"},{"not_picked":["FrozenCore","Sozu"],"picked":"White Beast Statue"}],"items_purged_floors":[22],"is_endless":false,"potions_floor_spawned":[3,4,8,12,13,24,29,33,35,36,38,39,41,44],"ascension_level":8}