{"gold_per_floor":[209,209,220,140,153,153,180,180,253,272,272,298,298,332,332,406,406,420,438,438,457,457,457,48,75,75,75,75,75,101,111,111,187,187,198,214,224,224,44,79,79,111,136,164,92,106,117,147,147,147],"floor_reached":50,"playtime":2474,"items_purged":[],"score":1297,"play_id":"7a5cc946-bc60-4e03-8881-9e7482235829","local_time":"20180717151801","is_ascension_mode":true,"campfire_choices":[{"data":"Neutralize","floor":6.0,"key":"SMITH"},{"data":"Dash","floor":8.0,"key":"SMITH"},{"floor":13.0,"key":"REST"},{"data":"1","floor":15.0,"key":"LIFT"},{"floor":23,"key":"REST"},{"data":"After Image","floor":27,"key":"SMITH"},{"data":"2","floor":32,"key":"LIFT"},{"data":"3","floor":41,"key":"LIFT"},{"data":"Footwork","floor":49,"key":"SMITH"}],"neow_cost":"NONE","seed_source_timestamp":0,"circlet_count":0,"master_deck":["Defend_G","Defend_G","Defend_G","Defend_G","Defend_G","Strike_G","Strike_G","Strike_G","Survivor","Neutralize+1","AscendersBane","Poisoned Stab","Dash+1","Leg Sweep","Flying Knee","Infinite Blades","Dagger Spray","Backstab","Terror","After Image+1","Crippling Poison+1","Acrobatics","Cloak And Dagger","Footwork+1","Deflect","Deflect","Apotheosis","Finisher+1","Backflip","Footwork","PiercingWail+1","Flechettes+1"],"special_seed":0,"relics":["Ring of the Snake","Boot","Bottled Tornado","Bag of Preparation","Ninja Scroll","Girya","Busted Crown","Nilry\u0027s Codex","Mango","Oddly Smooth Stone","Ornamental Fan","Happy Flower","Sozu","Torii","Lantern","Potion Belt","Juzu Bracelet","Molten Egg 2"],"potions_floor_usage":[21,33,50],"damage_taken":[{"damage":5.0,"enemies":"2 Louse","floor":1.0,"turns":3.0},{"damage":0.0,"enemies":"Cultist","floor":3.0,"turns":4.0},{"damage":0.0,"enemies":"Jaw Worm","floor":5.0,"turns":4.0},{"damage":9.0,"enemies":"3 Sentries","floor":7.0,"turns":11.0},{"damage":0.0,"enemies":"3 Louse","floor":10.0,"turns":4.0},{"damage":2.0,"enemies":"Lagavulin","floor":12.0,"turns":8.0},{"damage":4.0,"enemies":"3 Sentries","floor":14.0,"turns":5.0},{"damage":0,"enemies":"Slime Boss","floor":16,"turns":7},{"damage":8,"enemies":"Spheric Guardian","floor":18,"turns":4},{"damage":0,"enemies":"3 Byrds","floor":19,"turns":3},{"damage":3,"enemies":"Slaver and Parasite","floor":21,"turns":5},{"damage":14,"enemies":"Slavers","floor":25,"turns":6},{"damage":0,"enemies":"Book of Stabbing","floor":30,"turns":8},{"damage":0,"enemies":"Cultist and Chosen","floor":31,"turns":6},{"damage":20,"enemies":"Collector","floor":33,"turns":9},{"damage":0,"enemies":"Flame Bruiser 1 Orb","floor":35,"turns":4},{"damage":2,"enemies":"3 Darklings","floor":36,"turns":6},{"damage":0,"enemies":"Sphere and 2 Shapes","floor":37,"turns":6},{"damage":8,"enemies":"2 Orb Walkers","floor":40,"turns":6},{"damage":1,"enemies":"Nemesis","floor":42,"turns":7},{"damage":0,"enemies":"Giant Head","floor":44,"turns":8},{"damage":0,"enemies":"4 Shapes","floor":46,"turns":5},{"damage":0,"enemies":"Maw","floor":47,"turns":7},{"damage":0,"enemies":"2 Orb Walkers","floor":48,"turns":5},{"damage":58,"enemies":"Time Eater","floor":50,"turns":15}],"seed_played":"-3376934169569775210","potions_obtained":[{"floor":3.0,"key":"Swift Potion"},{"floor":10.0,"key":"Ancient Potion"},{"floor":16,"key":"Block Potion"},{"floor":25,"key":"PowerPotion"}],"is_trial":false,"path_per_floor":["M","?","M","$","M","R","E","R","T","M","?","E","R","E","R","B",null,"M","M","?","M","?","R","$","E","T","R","$","?","E","M","R","B",null,"M","M","M","?","$","E","R","E","T","E","$","M","M","E","R"],"character_chosen":"THE_SILENT","items_purchased":["Leg Sweep","Footwork","Mango","Deflect","Apotheosis","Footwork"],"campfire_rested":2,"item_purchase_floors":[4,24,24,24,39,45],"current_hp_per_floor":[54,54,54,54,54,54,45,45,45,45,19,17,36,32,32,32,58,50,50,29,26,26,45,59,45,45,45,45,45,45,45,45,25,66,66,64,64,64,64,56,56,55,55,55,55,55,55,55,55,0],"gold":147,"neow_bonus":"HUNDRED_GOLD","is_prod":false,"is_daily":false,"chose_seed":false,"campfire_upgraded":4,"win_rate":0,"timestamp":1531833481,"path_taken":["M","?","M","$","M","R","E","R","T","M","?","E","R","E","R","BOSS","M","M","?","M","?","R","$","E","T","R","?","?","E","M","R","BOSS","M","?","M","?","$","E","R","E","T","E","$","M","M","E","R","BOSS"],"build_version":"2018-07-12","purchased_purges":0,"victory":false,"max_hp_per_floor":[66,66,66,66,66,66,66,66,66,66,66,66,66,66,66,66,66,66,66,66,66,66,66,80,80,80,80,80,80,80,80,80,80,80,80,80,80,80,80,80,80,80,80,80,80,80,80,80,80,80],"card_choices":[{"not_picked":["Bane","Heel Hook"],"picked":"Poisoned Stab","floor":1.0},{"not_picked":["Sucker Punch","All Out Attack"],"picked":"Dash","floor":3.0},{"not_picked":["Prepared","Sucker Punch"],"picked":"Flying Knee","floor":5.0},{"not_picked":["Skewer","Bane"],"picked":"Infinite Blades","floor":7.0},{"not_picked":["Underhanded Strike","Poisoned Stab"],"picked":"Dagger Spray","floor":10.0},{"not_picked":["Underhanded Strike","PiercingWail"],"picked":"Backstab","floor":12.0},{"not_picked":["Distraction","Prepared"],"picked":"Terror","floor":14.0},{"not_picked":["Die Die Die","Corpse Explosion"],"picked":"After Image","floor":16},{"not_picked":["Deadly Poison"],"picked":"SKIP","floor":18},{"not_picked":[],"picked":"Crippling Poison+1","floor":19},{"not_picked":[],"picked":"Acrobatics","floor":21},{"not_picked":[],"picked":"Deflect","floor":25},{"not_picked":["Eviscerate"],"picked":"SKIP","floor":30},{"not_picked":["Eviscerate"],"picked":"SKIP","floor":30},{"not_picked":["Prepared"],"picked":"SKIP","floor":31},{"not_picked":["Dagger Throw"],"picked":"SKIP","floor":35},{"not_picked":["Dagger Spray"],"picked":"SKIP","floor":36},{"not_picked":["Deadly Poison"],"picked":"SKIP","floor":37},{"not_picked":[],"picked":"Finisher+1","floor":40},{"not_picked":[],"picked":"Backflip","floor":42},{"not_picked":["Bane+1"],"picked":"SKIP","floor":44},{"not_picked":[],"picked":"PiercingWail+1","floor":46},{"not_picked":[],"picked":"Flechettes+1","floor":47},{"not_picked":["Catalyst"],"picked":"SKIP","floor":48}],"player_experience":1069789,"relics_obtained":[{"floor":7.0,"key":"Boot"},{"floor":9.0,"key":"Bottled Tornado"},{"floor":12.0,"key":"Ninja Scroll"},{"floor":14.0,"key":"Girya"},{"floor":20,"key":"Nilry\u0027s Codex"},{"floor":25,"key":"Oddly Smooth Stone"},{"floor":26,"key":"Ornamental Fan"},{"floor":30,"key":"Happy Flower"},{"floor":40,"key":"Torii"},{"floor":42,"key":"Lantern"},{"floor":43,"key":"Potion Belt"},{"floor":44,"key":"Juzu Bracelet"},{"floor":48,"key":"Molten Egg 2"}],"event_choices":[{"event_name":"Purifier","player_choice":"One Purge","floor":2.0,"damage_taken":0.0},{"event_name":"Scrap Ooze","player_choice":"success","floor":11.0,"damage_taken":26.0},{"event_name":"Cursed Tome","player_choice":"Obtained Book","floor":20,"damage_taken":0},{"event_name":"The Library","player_choice":"Read","floor":22,"damage_taken":0},{"event_name":"Beggar","player_choice":"Ignored","floor":29,"damage_taken":0},{"event_name":"Falling","player_choice":"Removed Attack","floor":38,"damage_taken":0}],"boss_relics":[{"not_picked":["Lizard Tail","Snecko Eye"],"picked":"Busted Crown"},{"not_picked":["Coffee Dripper","Eternal Feather"],"picked":"Sozu"}],"items_purged_floors":[],"is_endless":false,"potions_floor_spawned":[3,10,16,19,25,31,36,42,46,47],"killed_by":"Time Eater","ascension_level":15}