{"gold_per_floor":[360,460,478,478,36,79,95,95,95,41,57,6,45,65,65,191,191,206,222,242,98,98,98],"floor_reached":23,"playtime":1079,"items_purged":["Strike_R"],"score":226,"play_id":"e66fc391-a63a-4bff-95d1-6ef8440aa4dd","local_time":"20190211011950","is_ascension_mode":false,"campfire_choices":[{"data":"Apotheosis","floor":8,"key":"SMITH"},{"data":"Demon Form","floor":15,"key":"SMITH"}],"neow_cost":"TEN_PERCENT_HP_LOSS","seed_source_timestamp":28269531542900,"circlet_count":0,"master_deck":["Strike_R","Strike_R","Strike_R","Strike_R","Defend_R","Defend_R","Defend_R","Defend_R","Bash","Pommel Strike","Shrug It Off","Headbutt","Apotheosis+1","Ghostly Armor","Shrug It Off","Demon Form+1","Shrug It Off","Flame Barrier","Reaper","Cleave","Feel No Pain"],"relics":["Burning Blood","Golden Idol","Singing Bowl","Ornamental Fan","Paper Frog","Ancient Tea Set","Runic Dome","Self Forming Clay"],"potions_floor_usage":[23],"damage_taken":[{"damage":10,"enemies":"Jaw Worm","floor":1,"turns":4},{"damage":1,"enemies":"Cultist","floor":3,"turns":3},{"damage":27,"enemies":"3 Sentries","floor":6,"turns":8},{"damage":5,"enemies":"Small Slimes","floor":7,"turns":4},{"damage":3,"enemies":"Exordium Thugs","floor":11,"turns":6},{"damage":0,"enemies":"Lagavulin","floor":13,"turns":7},{"damage":0,"enemies":"Red Slaver","floor":14,"turns":4},{"damage":22,"enemies":"The Guardian","floor":16,"turns":8},{"damage":0,"enemies":"Spheric Guardian","floor":18,"turns":5},{"damage":0,"enemies":"3 Byrds","floor":19,"turns":1},{"damage":49,"enemies":"Cultist and Chosen","floor":20,"turns":8},{"damage":34,"enemies":"Gremlin Leader","floor":23,"turns":3}],"seed_played":"-2672783456769317925","potions_obtained":[{"floor":3,"key":"Poison Potion"},{"floor":11,"key":"Weak Potion"},{"floor":13,"key":"Ancient Potion"},{"floor":16,"key":"Dexterity Potion"}],"is_trial":false,"path_per_floor":["M","?","M","?","$","E","M","R","T","$","M","$","E","M","R","B",null,"M","M","M","$","T","E"],"character_chosen":"IRONCLAD","items_purchased":["Singing Bowl","Headbutt","Apotheosis","Shrug It Off","Shrug It Off","Feel No Pain"],"campfire_rested":0,"item_purchase_floors":[5,5,5,10,12,21],"current_hp_per_floor":[68,68,72,67,67,46,49,49,49,49,52,52,60,66,66,50,71,73,73,34,34,34,0],"gold":98,"neow_bonus":"TWO_FIFTY_GOLD","is_prod":false,"is_daily":false,"chose_seed":false,"campfire_upgraded":2,"win_rate":0,"timestamp":1549869590,"path_taken":["M","?","?","?","$","E","M","R","T","$","M","?","E","?","R","BOSS","M","M","M","$","?","E"],"build_version":"2019-01-23","purchased_purges":1,"victory":false,"max_hp_per_floor":[72,72,72,67,67,67,69,69,69,69,69,69,71,71,71,71,71,73,73,75,75,75,75],"card_choices":[{"not_picked":["Clash","Havoc"],"picked":"Pommel Strike","floor":1},{"not_picked":["Reckless Charge","Cleave"],"picked":"Shrug It Off","floor":3},{"not_picked":["Clash","Twin Strike"],"picked":"Ghostly Armor","floor":6},{"not_picked":["Wild Strike","Havoc","Thunderclap"],"picked":"Singing Bowl","floor":7},{"not_picked":["Metallicize","Anger"],"picked":"Demon Form","floor":11},{"not_picked":["Ghostly Armor","Sentinel","Spot Weakness"],"picked":"Singing Bowl","floor":13},{"not_picked":["Wild Strike","Bloodletting"],"picked":"Flame Barrier","floor":14},{"not_picked":["Brutality","Offering"],"picked":"Reaper","floor":16},{"not_picked":["Power Through","Searing Blow","Sentinel+1"],"picked":"Singing Bowl","floor":18},{"not_picked":["Feel No Pain","Entrench"],"picked":"Cleave","floor":19},{"not_picked":["Flex","True Grit","Perfected Strike"],"picked":"Singing Bowl","floor":20}],"player_experience":783604,"relics_obtained":[{"floor":6,"key":"Ornamental Fan"},{"floor":9,"key":"Paper Frog"},{"floor":13,"key":"Ancient Tea Set"},{"floor":22,"key":"Self Forming Clay"}],"event_choices":[{"damage_healed":0,"gold_gain":100,"player_choice":"Gold","damage_taken":0,"max_hp_gain":0,"max_hp_loss":0,"event_name":"Wheel of Change","floor":2,"gold_loss":0},{"damage_healed":0,"gold_gain":0,"player_choice":"Lose Max HP","damage_taken":0,"relics_obtained":["Golden Idol"],"max_hp_gain":0,"max_hp_loss":5,"event_name":"Golden Idol","floor":4,"gold_loss":0}],"is_beta":false,"boss_relics":[{"not_picked":["Black Star","Calling Bell"],"picked":"Runic Dome"}],"items_purged_floors":[21],"is_endless":false,"potions_floor_spawned":[3,11,13,16,20],"killed_by":"Gremlin Leader","ascension_level":0}