{"path_per_floor":["M","M","M","M","?","E","?","E","T","$","R","M","R","M","R","B",null,"M","$","?","M","M","R","M","R","T","M","M","M","M","E","R"],"character_chosen":"IRONCLAD","items_purchased":["Mercury Hourglass","Blood for Blood","Headbutt","Swift Potion"],"gold_per_floor":[111,121,140,151,201,227,227,263,263,21,21,42,42,65,65,185,185,201,26,26,46,70,70,88,88,157,171,196,215,238,272,272,272],"floor_reached":33,"campfire_rested":2,"playtime":2514,"current_hp_per_floor":[80,78,80,68,68,47,47,32,32,32,54,60,60,67,67,60,74,66,66,50,59,53,53,35,35,35,29,21,28,24,11,33,0],"items_purged":[],"gold":272,"score":283,"play_id":"b64bfe37-3e56-41e0-b53d-355014dce715","local_time":"20180521123556","is_prod":false,"is_daily":false,"chose_seed":false,"is_ascension_mode":false,"campfire_upgraded":4,"timestamp":1526920556,"campfire_choices":[{"floor":11,"key":"REST"},{"data":"Anger","floor":13,"key":"SMITH"},{"data":"Rampage","floor":15,"key":"SMITH"},{"data":"Searing Blow+1","floor":23,"key":"SMITH"},{"data":"Anger","floor":25,"key":"SMITH"},{"floor":32,"key":"REST"}],"path_taken":["M","M","M","M","?","E","?","E","T","$","R","M","R","M","R","BOSS","M","$","?","M","M","R","M","R","T","M","M","M","M","E","R","BOSS"],"build_version":"2018-05-17","seed_source_timestamp":30958199029681,"purchased_purges":0,"victory":false,"master_deck":["Strike_R","Strike_R","Strike_R","Strike_R","Strike_R","Defend_R","Defend_R","Defend_R","Defend_R","Bash","Shrug It Off","Shockwave","Clothesline","Anger+1","Rampage+1","Headbutt","Pommel Strike","Cleave","Demon Form","Anger+1","Blood for Blood","Headbutt","Necronomicurse","Searing Blow+2","Armaments","Thunderclap","Shockwave+1","Ghostly Armor","Headbutt+1","Heavy Blade","Rage"],"max_hp_per_floor":[80,80,80,80,80,80,74,74,74,74,74,74,74,74,74,74,74,74,74,74,74,74,74,74,74,74,74,74,74,74,74,74,74],"relics":["Burning Blood","Magic Flower","Golden Idol","Bronze Scales","Paper Frog","Mercury Hourglass","Velvet Choker","Necronomicon","Toolbox","Unceasing Top"],"card_choices":[{"not_picked":["Pummel","Battle Trance"],"picked":"Shrug It Off","floor":1},{"not_picked":["Twin Strike","Feel No Pain"],"picked":"Shockwave","floor":2},{"not_picked":["Power Through","Flex"],"picked":"Clothesline","floor":3},{"not_picked":["Second Wind","Perfected Strike"],"picked":"Anger","floor":4},{"not_picked":["Whirlwind","Perfected Strike"],"picked":"Rampage","floor":6},{"not_picked":["Shrug It Off","Disarm"],"picked":"Headbutt","floor":8},{"not_picked":["Sword Boomerang","Warcry"],"picked":"Pommel Strike","floor":12},{"not_picked":["True Grit","Pommel Strike"],"picked":"Cleave","floor":14},{"not_picked":["Feed","Juggernaut"],"picked":"Demon Form","floor":16},{"not_picked":["Pommel Strike","Flex"],"picked":"Anger","floor":18},{"not_picked":["Cleave","Iron Wave"],"picked":"Searing Blow+1","floor":21},{"not_picked":["Perfected Strike+1","Double Tap"],"picked":"Armaments","floor":22},{"not_picked":["Rupture","Heavy Blade"],"picked":"Thunderclap","floor":24},{"not_picked":["Flex+1","Disarm"],"picked":"Shockwave+1","floor":27},{"not_picked":["Warcry+1","Pommel Strike"],"picked":"Ghostly Armor","floor":28},{"not_picked":["Searing Blow+1","Sword Boomerang+1"],"picked":"Headbutt+1","floor":29},{"not_picked":["Brutality","Thunderclap"],"picked":"Heavy Blade","floor":30},{"not_picked":["Power Through","Twin Strike"],"picked":"Rage","floor":31}],"player_experience":26662,"potions_floor_usage":[4,8,16,28,31,31,31,33],"damage_taken":[{"damage":3,"enemies":"Jaw Worm","floor":1,"turns":6},{"damage":8,"enemies":"Small Slimes","floor":2,"turns":3},{"damage":2,"enemies":"2 Louse","floor":3,"turns":3},{"damage":18,"enemies":"Exordium Wildlife","floor":4,"turns":6},{"damage":27,"enemies":"3 Sentries","floor":6,"turns":9},{"damage":24,"enemies":"Gremlin Nob","floor":8,"turns":4},{"damage":3,"enemies":"3 Louse","floor":12,"turns":2},{"damage":2,"enemies":"Looter","floor":14,"turns":3},{"damage":16,"enemies":"Slime Boss","floor":16,"turns":6},{"damage":17,"enemies":"Shell Parasite","floor":18,"turns":3},{"damage":0,"enemies":"Chosen","floor":21,"turns":3},{"damage":15,"enemies":"Snake Plant","floor":22,"turns":2},{"damage":27,"enemies":"Centurion and Healer","floor":24,"turns":3},{"damage":15,"enemies":"Cultist and Chosen","floor":27,"turns":4},{"damage":17,"enemies":"Snecko","floor":28,"turns":3},{"damage":2,"enemies":"Centurion and Healer","floor":29,"turns":3},{"damage":13,"enemies":"Chosen and Byrds","floor":30,"turns":5},{"damage":22,"enemies":"Slavers","floor":31,"turns":3},{"damage":44,"enemies":"Champ","floor":33,"turns":6}],"relics_obtained":[{"floor":6,"key":"Magic Flower"},{"floor":8,"key":"Bronze Scales"},{"floor":9,"key":"Paper Frog"},{"floor":20,"key":"Necronomicon"},{"floor":26,"key":"Toolbox"},{"floor":31,"key":"Unceasing Top"}],"event_choices":[{"event_name":"Golden Wing","player_choice":"Gained Gold","floor":5,"damage_taken":0},{"event_name":"Golden Idol","player_choice":"Lose Max HP","floor":7,"damage_taken":0},{"event_name":"Cursed Tome","player_choice":"Obtained Book","floor":20,"damage_taken":0}],"boss_relics":[{"not_picked":["Philosopher\u0027s Stone","Sozu"],"picked":"Velvet Choker"}],"potions_floor_spawned":[1,2,12,16,24,29,30,31],"seed_played":"-7667780334248160595","killed_by":"Champ","ascension_level":0,"potions_obtained":[{"floor":1,"key":"Energy Potion"},{"floor":2,"key":"Poison Potion"},{"floor":12,"key":"GamblersBrew"},{"floor":16,"key":"Explosive Potion"},{"floor":24,"key":"Ancient Potion"},{"floor":29,"key":"Explosive Potion"},{"floor":31,"key":"Weak Potion"}],"is_trial":false}