{"path_per_floor":["M","?","M","M","?","R","?","M","T","$","E","T","M","E","R","B",null,"M","$","M","M","?","E","M"],"character_chosen":"THE_SILENT","items_purchased":["Accuracy","Apotheosis","Noxious Fumes","Escape Plan"],"gold_per_floor":[110,110,129,145,145,145,145,162,218,70,99,172,183,211,211,316,316,326,15,33,46,46,72,84,84],"floor_reached":25,"campfire_rested":1,"playtime":2979,"item_purchase_floors":[10,19,19,19],"current_hp_per_floor":[70,63,63,63,63,63,63,54,54,54,43,43,43,43,70,34,70,58,58,40,30,30,13,3,0],"items_purged":["Strike_G"],"gold":84,"score":258,"play_id":"d83988c7-b990-4db7-8412-7c5e8104f029","local_time":"20180605211843","is_prod":false,"is_daily":false,"chose_seed":false,"is_ascension_mode":false,"campfire_upgraded":1,"win_rate":0,"timestamp":1528247923,"campfire_choices":[{"data":"Infinite Blades","floor":6,"key":"SMITH"},{"floor":15,"key":"REST"}],"path_taken":["M","?","M","M","?","R","?","?","T","?","E","?","M","E","R","BOSS","M","$","M","M","?","E","M","E"],"build_version":"2018-05-31","seed_source_timestamp":441031139891655,"purchased_purges":1,"victory":false,"master_deck":["Defend_G","Defend_G","Defend_G","Defend_G","Defend_G","Survivor","Neutralize","All Out Attack","Quick Slash","Backflip","Distraction","Infinite Blades+1","Terror","Dash","Accuracy","Dagger Throw","Cloak And Dagger","Predator","Wraith Form v2","Expertise","Apotheosis","Noxious Fumes","Escape Plan","Backflip","Dagger Spray","Backflip","Prepared"],"max_hp_per_floor":[70,70,70,70,70,70,70,70,70,70,70,70,70,70,70,70,70,70,70,70,70,70,70,70,70],"relics":["Ring of the Snake","Tiny Chest","Bag of Marbles","Matryoshka","Regal Pillow","Sozu","Mercury Hourglass"],"card_choices":[{"not_picked":["Outmaneuver","Calculated Gamble"],"picked":"Quick Slash","floor":1},{"not_picked":["Slice","Leg Sweep"],"picked":"Backflip","floor":3},{"not_picked":["Dagger Spray","Sucker Punch"],"picked":"Distraction","floor":4},{"not_picked":["Backstab","Distraction"],"picked":"Dash","floor":8},{"not_picked":["Unload","Slice"],"picked":"Dagger Throw","floor":11},{"not_picked":["Endless Agony","Poisoned Stab"],"picked":"Cloak And Dagger","floor":13},{"not_picked":["Dagger Throw","Dodge and Roll"],"picked":"Predator","floor":14},{"not_picked":["Venomology","Envenom"],"picked":"Wraith Form v2","floor":16},{"not_picked":["Slice","Flechettes"],"picked":"Expertise","floor":18},{"not_picked":["Flying Knee","Prepared+1"],"picked":"Backflip","floor":20},{"not_picked":["Blade Dance","Outmaneuver"],"picked":"Dagger Spray","floor":21},{"not_picked":["Venomology","Eviscerate"],"picked":"Backflip","floor":23},{"not_picked":["Dagger Throw","Deflect+1"],"picked":"Prepared","floor":24}],"player_experience":368891,"potions_floor_usage":[14,16,16,21],"damage_taken":[{"damage":0,"enemies":"Cultist","floor":1,"turns":4},{"damage":0,"enemies":"Jaw Worm","floor":3,"turns":4},{"damage":0,"enemies":"2 Louse","floor":4,"turns":2},{"damage":9,"enemies":"Exordium Wildlife","floor":8,"turns":4},{"damage":11,"enemies":"3 Sentries","floor":11,"turns":6},{"damage":0,"enemies":"Blue Slaver","floor":13,"turns":3},{"damage":0,"enemies":"Gremlin Nob","floor":14,"turns":3},{"damage":36,"enemies":"Hexaghost","floor":16,"turns":11},{"damage":12,"enemies":"2 Thieves","floor":18,"turns":4},{"damage":18,"enemies":"Chosen","floor":20,"turns":5},{"damage":10,"enemies":"Slaver and Parasite","floor":21,"turns":7},{"damage":17,"enemies":"Book of Stabbing","floor":23,"turns":7},{"damage":10,"enemies":"Centurion and Healer","floor":24,"turns":7},{"damage":10,"enemies":"Gremlin Leader","floor":25,"turns":6}],"relics_obtained":[{"floor":9,"key":"Tiny Chest"},{"floor":11,"key":"Bag of Marbles"},{"floor":12,"key":"Matryoshka"},{"floor":14,"key":"Regal Pillow"},{"floor":23,"key":"Mercury Hourglass"}],"event_choices":[{"event_name":"Golden Wing","player_choice":"Card Removal","floor":2,"damage_taken":0},{"event_name":"Living Wall","player_choice":"Change","floor":5,"damage_taken":0},{"event_name":"Transmorgrifier","player_choice":"Transform","floor":7,"damage_taken":0},{"event_name":"Drug Dealer","player_choice":"Ignored","floor":22,"damage_taken":0}],"boss_relics":[{"not_picked":["Runic Dome","Cursed Key"],"picked":"Sozu"}],"items_purged_floors":[10],"potions_floor_spawned":[8,11,14,16,21,23],"seed_played":"-4014147017933767161","killed_by":"Gremlin Leader","ascension_level":0,"potions_obtained":[{"floor":8,"key":"SteroidPotion"},{"floor":11,"key":"Fire Potion"},{"floor":14,"key":"Swift Potion"},{"floor":16,"key":"EssenceOfSteel"}],"is_trial":false}