{"gold_per_floor":[118,118,132,132,144,171,171,200,200,219,219,232,244,16,16,93,93,103,103,113,38,54,54,72,84,84,84,47,47,64,64],"floor_reached":31,"playtime":2304,"items_purged":["Combust"],"score":431,"play_id":"42456778-991b-4ad9-b3c1-99c8c33b9b04","local_time":"20190118144230","is_ascension_mode":true,"campfire_choices":[{"floor":7,"key":"REST"},{"floor":11,"key":"REST"},{"floor":15,"key":"REST"},{"floor":23,"key":"REST"},{"floor":29,"key":"REST"}],"neow_cost":"NONE","seed_source_timestamp":110468495306352,"circlet_count":0,"master_deck":["AscendersBane","Strike_R+1","Strike_R","Defend_R","Defend_R","Defend_R","Defend_R","Bash","Clothesline","Disarm","Pommel Strike+1","Anger","Rage","Shrug It Off","Anger","Pommel Strike","Anger","Havoc","Dark Embrace","True Grit","Sword Boomerang","Power Through","Pummel","Clash","Ghostly Armor","Headbutt+1","Anger+1","Metallicize+1","Anger","Rampage","Thunderclap"],"relics":["Burning Blood","NeowsBlessing","Dodecahedron","Odd Mushroom","Whetstone","Orichalcum","Paper Frog","Nloth\u0027s Gift"],"potions_floor_usage":[6,6,16,24],"damage_taken":[{"damage":0,"enemies":"Cultist","floor":1,"turns":1},{"damage":0,"enemies":"Jaw Worm","floor":3,"turns":1},{"damage":0,"enemies":"2 Louse","floor":5,"turns":1},{"damage":52,"enemies":"Lagavulin","floor":6,"turns":8},{"damage":33,"enemies":"The Mushroom Lair","floor":8,"turns":5},{"damage":10,"enemies":"Exordium Wildlife","floor":10,"turns":4},{"damage":6,"enemies":"Looter","floor":12,"turns":3},{"damage":6,"enemies":"Gremlin Gang","floor":13,"turns":5},{"damage":54,"enemies":"Slime Boss","floor":16,"turns":15},{"damage":29,"enemies":"Spheric Guardian","floor":18,"turns":7},{"damage":14,"enemies":"Shell Parasite","floor":20,"turns":8},{"damage":20,"enemies":"Snake Plant","floor":22,"turns":6},{"damage":30,"enemies":"Snecko","floor":24,"turns":7},{"damage":3,"enemies":"Centurion and Healer","floor":25,"turns":7},{"damage":28,"enemies":"Cultist and Chosen","floor":30,"turns":8},{"damage":31,"enemies":"Snake Plant","floor":31,"turns":3}],"seed_played":"-692895403564984728","potions_obtained":[{"floor":1,"key":"Ancient Potion"},{"floor":3,"key":"Fire Potion"},{"floor":12,"key":"Dexterity Potion"},{"floor":22,"key":"Regen Potion"}],"is_trial":false,"path_per_floor":["M","?","M","?","M","E","R","?","T","M","R","M","M","$","R","B",null,"M","?","M","$","M","R","M","M","T","?","$","R","M","M"],"character_chosen":"IRONCLAD","items_purchased":["Orichalcum","Anger","Havoc","Rampage"],"campfire_rested":5,"item_purchase_floors":[14,14,14,28],"current_hp_per_floor":[74,74,75,68,74,28,50,23,23,19,41,41,41,41,63,15,60,37,37,29,29,15,37,28,31,31,31,31,53,31,0],"gold":64,"neow_bonus":"THREE_ENEMY_KILL","is_prod":false,"is_daily":false,"chose_seed":false,"campfire_upgraded":0,"win_rate":0,"timestamp":1547840550,"path_taken":["M","?","?","?","M","E","R","?","T","M","R","M","M","?","R","BOSS","M","?","?","$","M","R","M","M","T","?","?","R","?","M"],"build_version":"2019-01-17v2","purchased_purges":1,"victory":false,"max_hp_per_floor":[75,75,75,75,75,75,75,75,75,75,75,75,75,75,75,75,75,75,75,75,75,75,75,75,75,75,75,75,75,75,75],"card_choices":[{"not_picked":["Infernal Blade","Reckless Charge"],"picked":"Clothesline","floor":1},{"not_picked":["Cleave","Infernal Blade"],"picked":"Disarm","floor":3},{"not_picked":["Sentinel","Heavy Blade"],"picked":"Pommel Strike","floor":5},{"not_picked":["Carnage","Havoc"],"picked":"Anger","floor":6},{"not_picked":["Juggernaut","Pommel Strike"],"picked":"Rage","floor":8},{"not_picked":["Flex","Clothesline"],"picked":"Shrug It Off","floor":10},{"not_picked":["Flex","Iron Wave"],"picked":"Anger","floor":12},{"not_picked":["Seeing Red","Berserk"],"picked":"Pommel Strike","floor":13},{"not_picked":["Double Tap","Barricade"],"picked":"Dark Embrace","floor":16},{"not_picked":["Feel No Pain","Dual Wield"],"picked":"True Grit","floor":17},{"not_picked":["Iron Wave","Perfected Strike"],"picked":"Sword Boomerang","floor":17},{"not_picked":["Blood for Blood","Body Slam"],"picked":"Power Through","floor":17},{"not_picked":["Warcry","Heavy Blade"],"picked":"Pummel","floor":17},{"not_picked":["Body Slam","Cleave"],"picked":"Clash","floor":17},{"not_picked":["Cleave+1","Sword Boomerang"],"picked":"Ghostly Armor","floor":18},{"not_picked":["Rupture","Armaments"],"picked":"Headbutt+1","floor":20},{"not_picked":["Body Slam","True Grit+1"],"picked":"Anger+1","floor":22},{"not_picked":["Rage","Clash"],"picked":"Metallicize+1","floor":24},{"not_picked":["Intimidate","Armaments"],"picked":"Anger","floor":25},{"not_picked":["Twin Strike","Armaments"],"picked":"Thunderclap","floor":30}],"player_experience":2157673,"relics_obtained":[{"floor":6,"key":"Dodecahedron"},{"floor":8,"key":"Odd Mushroom"},{"floor":9,"key":"Whetstone"},{"floor":26,"key":"Paper Frog"}],"event_choices":[{"cards_removed":["Strike_R"],"damage_healed":0,"gold_gain":0,"player_choice":"Purged","damage_taken":0,"max_hp_gain":0,"max_hp_loss":0,"event_name":"Purifier","floor":2,"gold_loss":0},{"cards_removed":["Strike_R"],"damage_healed":0,"gold_gain":0,"player_choice":"Card Removal","damage_taken":7,"max_hp_gain":0,"max_hp_loss":0,"event_name":"Golden Wing","floor":4,"gold_loss":0},{"damage_healed":0,"gold_gain":0,"player_choice":"Fought Mushrooms","damage_taken":0,"max_hp_gain":0,"max_hp_loss":0,"event_name":"Mushrooms","floor":8,"gold_loss":0},{"damage_healed":0,"gold_gain":0,"cards_transformed":["Strike_R"],"player_choice":"Transformed","damage_taken":0,"max_hp_gain":0,"max_hp_loss":0,"event_name":"Transmorgrifier","floor":19,"gold_loss":0,"cards_obtained":["Combust"]},{"damage_healed":0,"gold_gain":0,"player_choice":"Traded Relic","damage_taken":0,"relics_obtained":["Nloth\u0027s Gift"],"max_hp_gain":0,"max_hp_loss":0,"event_name":"N\u0027loth","floor":27,"relics_lost":["Orrery"],"gold_loss":0}],"is_beta":false,"boss_relics":[{"not_picked":["Velvet Choker","Snecko Eye"],"picked":"Orrery"}],"items_purged_floors":[21],"is_endless":false,"potions_floor_spawned":[1,3,12,22],"killed_by":"Snake Plant","ascension_level":14}