{"gold_per_floor":[114,114,38,52,65,65,100,100,100,100,112,112,129,129,129,230,230,248,347,262,295,309,309,336,336,361,377,63,63,73,93,93,93],"floor_reached":33,"playtime":1050,"items_purged":["Strike_R"],"score":424,"play_id":"66fdf975-743d-4ab4-ba30-fb95611c69c2","local_time":"20190205145355","is_ascension_mode":true,"campfire_choices":[{"data":"Uppercut","floor":6,"key":"SMITH"},{"data":"Iron Wave","floor":10,"key":"SMITH"},{"data":"Whirlwind","floor":12,"key":"SMITH"},{"data":"Havoc","floor":15,"key":"SMITH"},{"floor":23,"key":"REST"},{"data":"Bludgeon","floor":25,"key":"SMITH"},{"data":"PanicButton","floor":29,"key":"SMITH"},{"floor":32,"key":"REST"}],"neow_cost":"NONE","seed_source_timestamp":1141364858157416,"circlet_count":0,"master_deck":["AscendersBane","Strike_R","Strike_R","Strike_R","Defend_R","Defend_R","Defend_R","Defend_R","Bash+1","Havoc+1","Clothesline","Flex+1","Shrug It Off+1","Iron Wave+1","Uppercut+1","Whirlwind+1","Evolve","Bludgeon+1","Shockwave+1","Warcry+1","PanicButton+1"],"relics":["Burning Blood","Self Forming Clay","Boot","Question Card","Runic Dome","Shuriken","Red Mask","Pear","War Paint","Anchor"],"potions_floor_usage":[7,16,16,18,21,24,27],"damage_taken":[{"damage":8,"enemies":"2 Louse","floor":1,"turns":3},{"damage":8,"enemies":"Small Slimes","floor":4,"turns":4},{"damage":4,"enemies":"Jaw Worm","floor":5,"turns":3},{"damage":29,"enemies":"3 Sentries","floor":7,"turns":8},{"damage":4,"enemies":"Looter","floor":11,"turns":2},{"damage":0,"enemies":"Large Slime","floor":13,"turns":3},{"damage":18,"enemies":"Slime Boss","floor":16,"turns":9},{"damage":4,"enemies":"3 Byrds","floor":18,"turns":3},{"damage":41,"enemies":"Masked Bandits","floor":21,"turns":5},{"damage":8,"enemies":"2 Thieves","floor":22,"turns":3},{"damage":24,"enemies":"Gremlin Leader","floor":24,"turns":5},{"damage":7,"enemies":"Snake Plant","floor":27,"turns":3},{"damage":14,"enemies":"Shelled Parasite and Fungi","floor":30,"turns":4},{"damage":0,"enemies":"Chosen and Byrds","floor":31,"turns":5},{"damage":101,"enemies":"Collector","floor":33,"turns":7}],"seed_played":"-3619975929967824932","potions_obtained":[{"floor":4,"key":"Energy Potion"},{"floor":11,"key":"Explosive Potion"},{"floor":13,"key":"Block Potion"},{"floor":16,"key":"SkillPotion"},{"floor":18,"key":"Dexterity Potion"},{"floor":21,"key":"FearPotion"},{"floor":24,"key":"Poison Potion"},{"floor":31,"key":"Explosive Potion"}],"is_trial":false,"path_per_floor":["M","?","$","M","M","R","E","?","T","R","M","R","M","?","R","B",null,"M","?","?","?","M","R","E","R","T","M","$","R","M","M","R","B"],"character_chosen":"IRONCLAD","items_purchased":["Flex","Shrug It Off","Anchor","PanicButton"],"campfire_rested":2,"item_purchase_floors":[3,3,28,28],"current_hp_per_floor":[70,70,70,68,70,70,47,47,47,47,49,49,55,80,80,68,77,79,79,79,44,42,66,58,58,58,57,57,57,49,55,82,0],"gold":93,"neow_bonus":"TRANSFORM_CARD","is_prod":false,"is_daily":false,"chose_seed":false,"campfire_upgraded":6,"win_rate":0,"timestamp":1549346035,"path_taken":["M","?","$","M","M","R","E","?","T","R","M","R","M","?","R","BOSS","M","?","?","?","M","R","E","R","T","?","$","R","M","M","R","BOSS"],"build_version":"2019-01-23","purchased_purges":1,"victory":false,"max_hp_per_floor":[80,80,80,80,80,80,80,80,80,80,80,80,80,80,80,80,80,80,80,80,80,80,80,90,90,90,90,90,90,90,90,90,90],"card_choices":[{"not_picked":["Cleave","Havoc"],"picked":"Clothesline","floor":1},{"not_picked":["Cleave","Body Slam"],"picked":"Iron Wave","floor":4},{"not_picked":["Thunderclap","Metallicize"],"picked":"Uppercut","floor":5},{"not_picked":["Clothesline","Searing Blow","Iron Wave"],"picked":"SKIP","floor":7},{"not_picked":["Pommel Strike","Iron Wave","Flex"],"picked":"Whirlwind","floor":11},{"not_picked":["Cleave","Armaments","Infernal Blade"],"picked":"Evolve","floor":13},{"not_picked":["Impervious","Brutality","Dark Embrace"],"picked":"Bludgeon","floor":16},{"not_picked":["Twin Strike","Searing Blow","Wild Strike"],"picked":"Shockwave+1","floor":18},{"not_picked":["Headbutt","Perfected Strike","Warcry","Uppercut"],"picked":"SKIP","floor":22},{"not_picked":["Anger","True Grit","Sentinel"],"picked":"Warcry+1","floor":24},{"not_picked":["Fiend Fire","Pommel Strike","Heavy Blade","Armaments"],"picked":"SKIP","floor":27},{"not_picked":["Havoc","Pommel Strike","Clothesline","Bloodletting"],"picked":"SKIP","floor":30},{"not_picked":["Infernal Blade","Anger","Shrug It Off","Thunderclap"],"picked":"SKIP","floor":31}],"player_experience":469413,"relics_obtained":[{"floor":7,"key":"Self Forming Clay"},{"floor":9,"key":"Question Card"},{"floor":21,"key":"Red Mask"},{"floor":24,"key":"Pear"},{"floor":26,"key":"War Paint"}],"event_choices":[{"damage_healed":0,"gold_gain":0,"player_choice":"Grow","damage_taken":0,"max_hp_gain":0,"max_hp_loss":0,"event_name":"Living Wall","floor":2,"gold_loss":0,"cards_upgraded":["Bash"]},{"damage_healed":0,"gold_gain":0,"player_choice":"Searched \u00271\u0027 times","damage_taken":0,"relics_obtained":["Boot"],"max_hp_gain":0,"max_hp_loss":0,"event_name":"Dead Adventurer","floor":8,"gold_loss":0},{"damage_healed":26,"gold_gain":0,"player_choice":"Banana","damage_taken":0,"max_hp_gain":0,"max_hp_loss":0,"event_name":"Big Fish","floor":14,"gold_loss":0},{"damage_healed":0,"gold_gain":99,"player_choice":"Stole From Cult","damage_taken":0,"max_hp_gain":0,"max_hp_loss":0,"event_name":"Nest","floor":19,"gold_loss":0},{"damage_healed":0,"gold_gain":0,"player_choice":"Obtained Relic","damage_taken":0,"relics_obtained":["Shuriken"],"max_hp_gain":0,"max_hp_loss":0,"event_name":"Addict","floor":20,"gold_loss":85},{"damage_healed":0,"gold_gain":0,"player_choice":"Fought Bandits","damage_taken":0,"max_hp_gain":0,"max_hp_loss":0,"event_name":"Masked Bandits","floor":21,"gold_loss":0}],"is_beta":false,"boss_relics":[{"not_picked":["Philosopher\u0027s Stone","Calling Bell"],"picked":"Runic Dome"}],"items_purged_floors":[28],"is_endless":false,"potions_floor_spawned":[4,11,13,16,18,21,24,31],"killed_by":"Collector","ascension_level":12}