{"gold_per_floor":[113,132,9,20,20,20,51,51,74,86,112,158,180,207,219,330,342,344,356,381,393,405,417,441,453,511,523,549,49,0,17,17,117,117,128,128,128,128,3,3,3,21,48,73,0,16,28,28,28,28],"floor_reached":51,"playtime":2749,"items_purged":["Strike_G","Strike_G","Writhe"],"score":758,"play_id":"479cafb3-d810-4b09-82f1-066d336d9640","local_time":"20181030122132","is_ascension_mode":true,"campfire_choices":[{"data":"Neutralize","floor":6.0,"key":"SMITH"},{"data":"Cloak And Dagger","floor":8.0,"key":"SMITH"},{"data":"Endless Agony","floor":10.0,"key":"SMITH"},{"floor":15.0,"key":"REST"},{"data":"Backflip","floor":23.0,"key":"SMITH"},{"floor":27.0,"key":"REST"},{"floor":32.0,"key":"REST"},{"data":"Sucker Punch","floor":40,"key":"SMITH"},{"floor":49,"key":"REST"}],"neow_cost":"NONE","seed_source_timestamp":0,"circlet_count":0,"master_deck":["Defend_G","Defend_G","Defend_G","Defend_G","Defend_G+1","Strike_G","Strike_G","Survivor","Neutralize+1","Endless Agony+1","Quick Slash","Sucker Punch+1","Cloak And Dagger+1","Unload","Dodge and Roll+1","Predator","Noxious Fumes","Unload","Backflip+1","Well Laid Plans","Deadly Poison+1","Flying Knee","Dagger Throw","Blur","Backstab","Burst","PiercingWail+1","Panacea","Neutralize","Malaise","Catalyst+1","Parasite","Deadly Poison"],"special_seed":0,"relics":["Ring of the Snake","Orichalcum","Bronze Scales","MawBank","Kunai","Orrery","Regal Pillow","Bag of Marbles","War Paint","Medical Kit","Sozu","Smiling Mask","Singing Bowl","Red Mask"],"potions_floor_usage":[44,44],"damage_taken":[{"damage":2.0,"enemies":"Small Slimes","floor":1.0,"turns":4.0},{"damage":0.0,"enemies":"Jaw Worm","floor":2.0,"turns":4.0},{"damage":0.0,"enemies":"Cultist","floor":4.0,"turns":3.0},{"damage":12.0,"enemies":"Gremlin Nob","floor":7.0,"turns":5.0},{"damage":6.0,"enemies":"3 Louse","floor":11.0,"turns":3.0},{"damage":6.0,"enemies":"Lagavulin","floor":12.0,"turns":5.0},{"damage":0.0,"enemies":"2 Fungi Beasts","floor":13.0,"turns":3.0},{"damage":0.0,"enemies":"Red Slaver","floor":14.0,"turns":3.0},{"damage":18.0,"enemies":"Hexaghost","floor":16.0,"turns":9.0},{"damage":8.0,"enemies":"2 Thieves","floor":18.0,"turns":4.0},{"damage":0.0,"enemies":"3 Byrds","floor":20.0,"turns":3.0},{"damage":4.0,"enemies":"Sentry and Sphere","floor":21.0,"turns":3.0},{"damage":8.0,"enemies":"Centurion and Healer","floor":24.0,"turns":8.0},{"damage":15.0,"enemies":"Snake Plant","floor":28.0,"turns":4.0},{"damage":13.0,"enemies":"3 Cultists","floor":31.0,"turns":6.0},{"damage":29,"enemies":"Automaton","floor":33,"turns":15},{"damage":1,"enemies":"Orb Walker","floor":35,"turns":4},{"damage":4,"enemies":"3 Shapes","floor":42,"turns":4},{"damage":16,"enemies":"Reptomancer","floor":44,"turns":8},{"damage":15,"enemies":"Spire Growth","floor":46,"turns":6},{"damage":15,"enemies":"Writhing Mass","floor":47,"turns":6},{"damage":48,"enemies":"Donu and Deca","floor":50,"turns":12}],"seed_played":"-3652489405717208935","potions_obtained":[{"floor":1.0,"key":"Dexterity Potion"},{"floor":7.0,"key":"LiquidBronze"},{"floor":11.0,"key":"Swift Potion"},{"floor":13.0,"key":"FearPotion"},{"floor":14.0,"key":"SmokeBomb"},{"floor":28.0,"key":"GamblersBrew"},{"floor":31.0,"key":"Weak Potion"}],"is_trial":false,"path_per_floor":["M","M","$","M","?","R","E","R","T","R","M","E","M","M","R","B",null,"M","?","M","M","T","R","M","?","T","R","M","$","?","M","R","B",null,"M","?","?","?","$","R","?","M","T","E","?","M","M","?","R","B"],"character_chosen":"THE_SILENT","items_purchased":["Sucker Punch","Blur","War Paint","Medical Kit"],"campfire_rested":4,"item_purchase_floors":[3,29,29,29],"current_hp_per_floor":[68,68,68,68,68,68,56,56,56,56,50,44,44,44,65,47,70,62,62,62,58,58,58,50,50,50,70,55,55,55,42,70,41,70,69,69,70,70,70,70,70,66,66,52,52,39,24,24,61,13],"gold":28,"neow_bonus":"RANDOM_COMMON_RELIC","is_prod":false,"is_daily":false,"chose_seed":false,"campfire_upgraded":5,"win_rate":0,"timestamp":1540920092,"path_taken":["M","M","$","M","?","R","E","R","T","R","?","E","M","M","R","BOSS","M","?","M","M","?","R","?","?","T","R","M","$","?","M","R","BOSS","M","?","?","?","$","R","?","M","T","E","?","M","?","?","R","BOSS"],"build_version":"2018-10-29v2","purchased_purges":3,"victory":true,"max_hp_per_floor":[70,70,70,70,70,70,70,70,70,70,70,70,70,70,70,70,70,70,70,70,70,70,70,70,70,70,70,70,70,70,70,70,70,70,70,70,70,70,70,70,70,70,70,72,72,74,74,74,74,74],"card_choices":[{"not_picked":["Backflip","Reflex"],"picked":"Endless Agony","floor":1.0},{"not_picked":["Cloak And Dagger","Prepared"],"picked":"Quick Slash","floor":2.0},{"not_picked":["Endless Agony","Blade Dance","Backflip"],"picked":"SKIP","floor":4.0},{"not_picked":["Acrobatics","Slice"],"picked":"Cloak And Dagger","floor":7.0},{"not_picked":["Concentrate","Masterful Stab"],"picked":"Unload","floor":11.0},{"not_picked":["Underhanded Strike","Distraction"],"picked":"Dodge and Roll","floor":12.0},{"not_picked":["Outmaneuver","Concentrate"],"picked":"Predator","floor":13.0},{"not_picked":["Skewer","Eviscerate"],"picked":"Noxious Fumes","floor":14.0},{"not_picked":["Venomology","Grand Finale"],"picked":"Unload","floor":16.0},{"not_picked":["PiercingWail","Blade Dance"],"picked":"Backflip","floor":17.0},{"not_picked":["Leg Sweep","Tools of the Trade"],"picked":"Well Laid Plans","floor":17.0},{"not_picked":["Prepared","Blade Dance"],"picked":"Deadly Poison","floor":17.0},{"not_picked":["Cloak And Dagger","Quick Slash","Flechettes+1"],"picked":"SKIP","floor":18.0},{"not_picked":["Skewer","Outmaneuver","Predator"],"picked":"SKIP","floor":20.0},{"not_picked":["Outmaneuver","Endless Agony+1"],"picked":"Flying Knee","floor":24.0},{"not_picked":["Catalyst","Heel Hook"],"picked":"Dagger Throw","floor":28.0},{"not_picked":["Sucker Punch+1","Masterful Stab"],"picked":"Backstab","floor":31.0},{"not_picked":["Unload","Grand Finale"],"picked":"Burst","floor":33},{"not_picked":["Flying Knee+1","Predator"],"picked":"PiercingWail+1","floor":35},{"not_picked":["The Bomb","Flash of Steel"],"picked":"Panacea","floor":38},{"not_picked":["Leg Sweep","Finisher+1"],"picked":"Catalyst+1","floor":42},{"not_picked":["Blade Dance+1","Dagger Spray+1","Bullet Time"],"picked":"Singing Bowl","floor":44},{"not_picked":["Deadly Poison","Dagger Spray","All Out Attack"],"picked":"Singing Bowl","floor":46},{"not_picked":["Dagger Spray+1","PiercingWail"],"picked":"Deadly Poison","floor":47}],"player_experience":491752,"relics_obtained":[{"floor":7.0,"key":"Bronze Scales"},{"floor":9.0,"key":"MawBank"},{"floor":12.0,"key":"Kunai"},{"floor":22.0,"key":"Regal Pillow"},{"floor":26.0,"key":"Bag of Marbles"},{"floor":43,"key":"Smiling Mask"},{"floor":44,"key":"Singing Bowl"}],"event_choices":[{"damage_healed":0.0,"max_hp_gain":0.0,"max_hp_loss":0.0,"gold_gain":0.0,"event_name":"Liars Game","player_choice":"Ignored","floor":5.0,"gold_loss":0.0,"damage_taken":0.0},{"damage_healed":0.0,"max_hp_gain":0.0,"max_hp_loss":0.0,"gold_gain":0.0,"event_name":"Cursed Tome","player_choice":"Ignored","floor":19.0,"gold_loss":0.0,"damage_taken":0.0},{"damage_healed":0.0,"max_hp_gain":0.0,"max_hp_loss":0.0,"gold_gain":0.0,"event_name":"Upgrade Shrine","player_choice":"Upgraded","floor":25.0,"gold_loss":0.0,"damage_taken":0.0,"cards_upgraded":["Dodge and Roll"]},{"damage_healed":0.0,"max_hp_gain":0.0,"max_hp_loss":0.0,"gold_gain":0.0,"event_name":"Masked Bandits","player_choice":"Paid Fearfully","floor":30.0,"gold_loss":49.0,"damage_taken":0.0},{"cards_removed":["Strike_G"],"damage_healed":0,"gold_gain":0,"player_choice":"Removed Attack","damage_taken":0,"max_hp_gain":0,"max_hp_loss":0,"event_name":"Falling","floor":36,"gold_loss":0},{"damage_healed":18,"gold_gain":0,"player_choice":"Writhe","damage_taken":0,"max_hp_gain":0,"max_hp_loss":0,"event_name":"Winding Halls","floor":37,"gold_loss":0,"cards_obtained":["Writhe"]},{"damage_healed":0,"gold_gain":0,"player_choice":"Memory 1","damage_taken":0,"max_hp_gain":0,"max_hp_loss":0,"event_name":"SensoryStone","floor":38,"gold_loss":0},{"damage_healed":0,"gold_gain":0,"player_choice":"2 cards matched","damage_taken":0,"max_hp_gain":0,"max_hp_loss":0,"event_name":"Match and Keep!","floor":41,"gold_loss":0,"cards_obtained":["Neutralize","Malaise"]},{"damage_healed":0,"gold_gain":0,"player_choice":"Paid","damage_taken":0,"relics_obtained":["Red Mask"],"max_hp_gain":0,"max_hp_loss":0,"event_name":"Tomb of Lord Red Mask","floor":45,"gold_loss":73},{"damage_healed":0,"gold_gain":0,"player_choice":"Ignored","damage_taken":0,"max_hp_gain":0,"max_hp_loss":0,"event_name":"Mysterious Sphere","floor":48,"gold_loss":0}],"is_beta":true,"boss_relics":[{"not_picked":["Runic Dome","Philosopher\u0027s Stone"],"picked":"Orrery"},{"not_picked":["Snecko Eye","HoveringKite"],"picked":"Sozu"}],"items_purged_floors":[3,29,39],"is_endless":false,"potions_floor_spawned":[1,7,11,13,14,28,31,42,46,47],"ascension_level":3}