{"gold_per_floor":[118,132,132,142,156,188,200,212,224,271,283,295],"floor_reached":12,"playtime":323,"items_purged":[],"score":167,"play_id":"040fa2ac-8c04-4e29-b5e9-d62d8438504a","local_time":"20190129191410","is_ascension_mode":true,"campfire_choices":[{"floor":8,"key":"REST"}],"neow_cost":"NONE","seed_source_timestamp":456795888785958,"circlet_count":0,"master_deck":["AscendersBane","Strike_B","Strike_B","Defend_B","Defend_B","Defend_B","Defend_B","Zap","Dualcast","Ball Lightning","Defragment","Static Discharge","Go for the Eyes","White Noise","Coolheaded"],"relics":["Cracked Core","NeowsBlessing","MawBank","Darkstone Periapt","Calipers"],"potions_floor_usage":[10],"damage_taken":[{"damage":0,"enemies":"2 Louse","floor":1,"turns":1},{"damage":0,"enemies":"Cultist","floor":2,"turns":1},{"damage":0,"enemies":"Jaw Worm","floor":4,"turns":1},{"damage":17,"enemies":"Looter","floor":5,"turns":3},{"damage":26,"enemies":"Gremlin Nob","floor":6,"turns":4},{"damage":34,"enemies":"Lagavulin","floor":10,"turns":7},{"damage":9,"enemies":"Exordium Wildlife","floor":12,"turns":1}],"seed_played":"-4538988022411469280","potions_obtained":[{"floor":1,"key":"SpeedPotion"},{"floor":6,"key":"GamblersBrew"},{"floor":10,"key":"PowerPotion"}],"is_trial":false,"path_per_floor":["M","M","?","M","M","E","?","R","T","E","?","M"],"character_chosen":"DEFECT","items_purchased":[],"campfire_rested":1,"item_purchase_floors":[],"current_hp_per_floor":[64,64,64,64,47,21,21,42,42,8,8,0],"gold":295,"neow_bonus":"THREE_ENEMY_KILL","is_prod":false,"is_daily":false,"chose_seed":false,"campfire_upgraded":0,"win_rate":0,"timestamp":1548807250,"path_taken":["M","M","?","?","M","E","?","R","T","E","?","?"],"build_version":"2019-01-23","purchased_purges":0,"victory":false,"max_hp_per_floor":[71,71,71,71,71,71,71,71,71,71,71,71],"card_choices":[{"not_picked":["Double Energy","Streamline"],"picked":"Ball Lightning","floor":1},{"not_picked":["Steam","Leap"],"picked":"Defragment","floor":2},{"not_picked":["Undo","Go for the Eyes"],"picked":"Static Discharge","floor":4},{"not_picked":["Rebound","Double Energy"],"picked":"Go for the Eyes","floor":5},{"not_picked":["Tempest","Redo"],"picked":"White Noise","floor":6},{"not_picked":["Meteor Strike","Hyperbeam"],"picked":"Coolheaded","floor":10}],"player_experience":2211750,"relics_obtained":[{"floor":6,"key":"MawBank"},{"floor":9,"key":"Darkstone Periapt"},{"floor":10,"key":"Calipers"}],"event_choices":[{"cards_removed":["Strike_B"],"damage_healed":0,"gold_gain":0,"player_choice":"Offered Basic","damage_taken":0,"max_hp_gain":0,"max_hp_loss":0,"event_name":"Bonfire Elementals","floor":3,"gold_loss":0},{"cards_removed":["Strike_B"],"damage_healed":0,"gold_gain":0,"player_choice":"Forget","damage_taken":0,"max_hp_gain":0,"max_hp_loss":0,"event_name":"Living Wall","floor":7,"gold_loss":0},{"damage_healed":0,"gold_gain":0,"player_choice":"Ignored","damage_taken":0,"max_hp_gain":0,"max_hp_loss":0,"event_name":"Golden Wing","floor":11,"gold_loss":0}],"is_beta":false,"boss_relics":[],"items_purged_floors":[],"is_endless":false,"potions_floor_spawned":[1,6,10],"killed_by":"Exordium Wildlife","ascension_level":18}