{"gold_per_floor":[118,193,193,203,213,23,40,56,56,56,56,56,81,7,7,135,135,153,153,168,193,193,193,118,133,133,157,157,157,233,253,253,253],"floor_reached":33,"playtime":1627,"items_purged":["Strike_B"],"score":339,"play_id":"70534df2-5371-4e7e-aac7-17393097d214","local_time":"20180714225358","is_ascension_mode":false,"campfire_choices":[{"floor":10,"key":"REST"},{"data":"Zap","floor":12,"key":"SMITH"},{"floor":15,"key":"REST"},{"floor":23,"key":"REST"},{"floor":29,"key":"REST"},{"floor":32,"key":"REST"}],"neow_cost":"","seed_source_timestamp":0,"circlet_count":0,"master_deck":["Strike_B","Strike_B","Strike_B","Defend_B","Defend_B","Defend_B","Defend_B","Zap+1","Dualcast","Doom and Gloom","Scrape","Jack Of All Trades","Leap","Gash","Steam","Leap","Skim","All For One","Hyperbeam","Cold Snap","Coolheaded","FTL","Gash+1","Go for the Eyes","Leap","Go for the Eyes"],"special_seed":17727,"relics":["Cracked Core","ClockworkSouvenir","Gremlin Horn","Golden Idol","Inserter","Bag of Marbles","Mummified Hand"],"potions_floor_usage":[16,16,18,27],"damage_taken":[{"damage":0,"enemies":"Small Slimes","floor":1,"turns":2},{"damage":6,"enemies":"Jaw Worm","floor":4,"turns":3},{"damage":6,"enemies":"Cultist","floor":5,"turns":3},{"damage":17,"enemies":"Gremlin Gang","floor":7,"turns":3},{"damage":0,"enemies":"Exordium Wildlife","floor":8,"turns":2},{"damage":2,"enemies":"Blue Slaver","floor":13,"turns":3},{"damage":43,"enemies":"The Guardian","floor":16,"turns":12},{"damage":29,"enemies":"3 Byrds","floor":18,"turns":4},{"damage":26,"enemies":"Shell Parasite","floor":20,"turns":5},{"damage":6,"enemies":"Centurion and Healer","floor":21,"turns":5},{"damage":10,"enemies":"Snecko","floor":25,"turns":6},{"damage":15,"enemies":"Snake Plant","floor":27,"turns":4},{"damage":12,"enemies":"Slaver and Parasite","floor":31,"turns":6},{"damage":45,"enemies":"Champ","floor":33,"turns":13}],"seed_played":"7470747963023662286","potions_obtained":[{"floor":1,"key":"Ancient Potion"},{"floor":13,"key":"Weak Potion"},{"floor":16,"key":"Dexterity Potion"},{"floor":18,"key":"Energy Potion"},{"floor":21,"key":"Poison Potion"}],"is_trial":true,"path_per_floor":["M","?","?","M","M","$","M","M","T","R","?","R","M","$","R","B",null,"M","?","M","M","?","R","$","M","T","M","?","R","T","M","R"],"character_chosen":"DEFECT","items_purchased":["ClockworkSouvenir","All For One"],"campfire_rested":5,"item_purchase_floors":[6,14],"current_hp_per_floor":[75,64,64,58,52,52,35,35,35,57,39,39,37,37,59,16,75,46,46,20,14,14,36,36,26,26,11,11,33,33,21,43,0],"gold":253,"neow_bonus":"","is_prod":false,"is_daily":false,"chose_seed":false,"campfire_upgraded":1,"win_rate":0,"timestamp":1531623238,"path_taken":["M","?","?","M","M","?","M","?","T","R","?","R","M","$","R","BOSS","M","?","M","?","?","R","$","M","T","M","?","R","?","M","R","BOSS"],"build_version":"2018-07-12","purchased_purges":1,"victory":false,"max_hp_per_floor":[75,75,75,75,75,75,75,75,75,75,75,75,75,75,75,75,75,75,75,75,75,75,75,75,75,75,75,75,75,75,75,75,75],"card_choices":[{"not_picked":["Auto Shields","Turbo"],"picked":"Doom and Gloom","floor":1},{"not_picked":["Storm","Compile Driver"],"picked":"Leap","floor":4},{"not_picked":["Meteor Strike","Leap"],"picked":"Gash","floor":5},{"not_picked":["Force Field","Cold Snap"],"picked":"Steam","floor":7},{"not_picked":["Rebound","Consume"],"picked":"Leap","floor":8},{"not_picked":["Sweeping Beam","Coolheaded"],"picked":"Skim","floor":13},{"not_picked":["Machine Learning","Amplify"],"picked":"Hyperbeam","floor":16},{"not_picked":["Sweeping Beam+1","Barrage"],"picked":"Cold Snap","floor":18},{"not_picked":["Lockon+1","Coolheaded"],"picked":"Gash+1","floor":20},{"not_picked":["Cold Snap","Force Field+1"],"picked":"Go for the Eyes","floor":21},{"not_picked":["Skim","Sunder+1"],"picked":"Leap","floor":25},{"not_picked":["Rebound","Multi-Cast"],"picked":"Go for the Eyes","floor":27},{"not_picked":["Defragment","Conserve Battery","Streamline"],"picked":"SKIP","floor":31}],"player_experience":1105603,"relics_obtained":[{"floor":9,"key":"Gremlin Horn"},{"floor":26,"key":"Bag of Marbles"},{"floor":30,"key":"Mummified Hand"}],"event_choices":[{"event_name":"World of Goop","player_choice":"Gather Gold","floor":2,"damage_taken":0},{"event_name":"Match and Keep!","player_choice":"2 cards matched","floor":3,"damage_taken":0},{"event_name":"Golden Idol","player_choice":"Take Damage","floor":11,"damage_taken":0},{"event_name":"Match and Keep!","player_choice":"2 cards matched","floor":19,"damage_taken":0},{"event_name":"Addict","player_choice":"Ignored","floor":22,"damage_taken":0},{"event_name":"Cursed Tome","player_choice":"Ignored","floor":28,"damage_taken":0}],"boss_relics":[{"not_picked":["Fusion Hammer","Pandora\u0027s Box"],"picked":"Inserter"}],"items_purged_floors":[24],"is_endless":true,"potions_floor_spawned":[1,13,16,18,21],"killed_by":"Champ","ascension_level":0}