{"gold_per_floor":[362,377,393,12,12,38,38,71,98,125,142,142,36,51,51,148,148,159,159,169,184,112,112],"floor_reached":23,"playtime":1592,"items_purged":[],"score":285,"play_id":"8ae7ee96-b77a-49f8-a464-06c8094765b9","local_time":"20180711084929","is_ascension_mode":true,"campfire_choices":[{"data":"True Grit","floor":7,"key":"SMITH"},{"data":"Feel No Pain","floor":15,"key":"SMITH"}],"neow_cost":"CURSE","seed_source_timestamp":13354310975022,"circlet_count":0,"master_deck":["Strike_R+1","Strike_R+1","Strike_R+1","Strike_R+1","Strike_R+1","Defend_R+1","Defend_R+1","Defend_R+1","Defend_R+1","Bash+1","Decay","Carnage","Flame Barrier","True Grit+1","Dropkick","Injury","Sword Boomerang","Cleave","Feel No Pain+1","True Grit","Parasite","Metallicize","Battle Trance","Sever Soul","Impervious","Headbutt","Corruption"],"relics":["Burning Blood","Du-Vu Doll","Lantern","Centennial Puzzle","Oddly Smooth Stone","Ice Cream","Eternal Feather"],"potions_floor_usage":[6,8,16,20,23],"damage_taken":[{"damage":13,"enemies":"Jaw Worm","floor":1,"turns":4},{"damage":1,"enemies":"Cultist","floor":2,"turns":3},{"damage":12,"enemies":"Small Slimes","floor":3,"turns":3},{"damage":27,"enemies":"Lagavulin","floor":6,"turns":5},{"damage":16,"enemies":"Gremlin Nob","floor":8,"turns":3},{"damage":10,"enemies":"Lagavulin","floor":10,"turns":3},{"damage":0,"enemies":"Blue Slaver","floor":11,"turns":4},{"damage":23,"enemies":"Large Slime","floor":14,"turns":6},{"damage":37,"enemies":"The Guardian","floor":16,"turns":12},{"damage":6,"enemies":"Spheric Guardian","floor":18,"turns":9},{"damage":16,"enemies":"3 Byrds","floor":20,"turns":4},{"damage":31,"enemies":"Snake Plant","floor":21,"turns":6},{"damage":32,"enemies":"Book of Stabbing","floor":23,"turns":4}],"seed_played":"7492455558704333601","potions_obtained":[{"floor":1,"key":"Fruit Juice"},{"floor":3,"key":"FearPotion"},{"floor":10,"key":"Weak Potion"},{"floor":16,"key":"FearPotion"},{"floor":21,"key":"Swift Potion"}],"is_trial":false,"path_per_floor":["M","M","M","$","?","E","R","E","T","E","M","?","$","M","R","B",null,"M","?","M","M","$"],"character_chosen":"IRONCLAD","items_purchased":["Du-Vu Doll","True Grit","Dropkick","Metallicize","Battle Trance","Corruption"],"campfire_rested":0,"item_purchase_floors":[4,4,4,13,13,22],"current_hp_per_floor":[65,70,64,64,64,48,48,38,38,34,40,61,61,44,44,13,67,67,67,57,32,32,0],"gold":112,"neow_bonus":"TWO_FIFTY_GOLD","is_prod":false,"is_daily":false,"chose_seed":false,"campfire_upgraded":2,"win_rate":0,"timestamp":1531316969,"path_taken":["M","M","M","$","?","E","R","E","T","E","M","?","$","M","R","BOSS","M","?","M","M","$","E"],"build_version":"2018-07-10","purchased_purges":0,"victory":false,"max_hp_per_floor":[80,80,80,80,80,85,85,85,85,85,85,85,85,85,85,85,85,85,85,85,85,85,85],"card_choices":[{"not_picked":["Dropkick","Thunderclap"],"picked":"Carnage","floor":1},{"not_picked":["Body Slam","Headbutt","Sentinel"],"picked":"SKIP","floor":2},{"not_picked":["Clash","Entrench"],"picked":"Flame Barrier","floor":3},{"not_picked":["Inflame","Perfected Strike"],"picked":"Sword Boomerang","floor":6},{"not_picked":["Perfected Strike","Spot Weakness"],"picked":"Cleave","floor":8},{"not_picked":["Heavy Blade","Power Through"],"picked":"Feel No Pain","floor":10},{"not_picked":["Perfected Strike","Heavy Blade"],"picked":"True Grit","floor":11},{"not_picked":["Shockwave","Rampage"],"picked":"Sever Soul","floor":14},{"not_picked":["Bludgeon","Reaper"],"picked":"Impervious","floor":16},{"not_picked":["Thunderclap","Entrench+1","Shrug It Off"],"picked":"SKIP","floor":18},{"not_picked":["Sword Boomerang","Searing Blow","Twin Strike"],"picked":"SKIP","floor":20},{"not_picked":["Spot Weakness","Thunderclap+1"],"picked":"Headbutt","floor":21}],"player_experience":280943,"relics_obtained":[{"floor":6,"key":"Lantern"},{"floor":8,"key":"Centennial Puzzle"},{"floor":9,"key":"Oddly Smooth Stone"},{"floor":10,"key":"Ice Cream"}],"event_choices":[{"event_name":"Accursed Blacksmith","player_choice":"Forge","floor":5,"damage_taken":0},{"event_name":"Mushrooms","player_choice":"Healed and dodged fight","floor":12,"damage_taken":0},{"event_name":"Back to Basics","player_choice":"Simplicity","floor":19,"damage_taken":0}],"boss_relics":[{"not_picked":["White Beast Statue","Coffee Dripper"],"picked":"Eternal Feather"}],"items_purged_floors":[],"is_endless":false,"potions_floor_spawned":[1,3,10,16,21],"killed_by":"Book of Stabbing","ascension_level":7}