{"gold_per_floor":[109,34,52,52,0,0,39,39,69,83,96,117,117,142,142,273,273,298,318,336,69,84,84,120,120,170,185,95,111,111,124,124,243,243,261,41,41,60,75,75,91,91,91,122,122,122,157,0,0,0],"floor_reached":51,"playtime":3385,"items_purged":["Defend_G","Defend_G","Strike_G"],"score":829,"play_id":"df196ec7-6fb5-4018-9813-f8711e541181","local_time":"20190208232939","is_ascension_mode":false,"campfire_choices":[{"data":"Neutralize","floor":6,"key":"SMITH"},{"data":"Flechettes","floor":8,"key":"SMITH"},{"floor":13,"key":"REST"},{"data":"Outmaneuver","floor":15,"key":"SMITH"},{"data":"Burst","floor":23,"key":"SMITH"},{"data":"Adrenaline","floor":25,"key":"SMITH"},{"data":"Noxious Fumes","floor":32,"key":"SMITH"},{"data":"Well Laid Plans","floor":40,"key":"SMITH"},{"data":"Adrenaline","floor":42,"key":"SMITH"},{"data":"Doppelganger","floor":46,"key":"SMITH"},{"data":"Acrobatics","floor":49,"key":"SMITH"}],"neow_cost":"NONE","seed_source_timestamp":26334668480475,"circlet_count":0,"master_deck":["Defend_G","Defend_G","Survivor","Neutralize+1","Flechettes+1","Backflip+1","Acrobatics","Outmaneuver+1","Noxious Fumes+1","Escape Plan","Blur","Crippling Poison","Adrenaline+1","Backstab+1","Dash+1","Distraction+1","Heel Hook+1","Quick Slash","Burst+1","Distraction+1","Doppelganger+1","Footwork","Acrobatics+1","Adrenaline+1","Flash of Steel","Well Laid Plans+1","Noxious Fumes+1","Tactician+1","The Bomb+1","Backflip+1"],"relics":["Ring of the Snake","Golden Idol","Dream Catcher","Happy Flower","Tiny Chest","Astrolabe","Calipers","Oddly Smooth Stone","Bronze Scales","Runic Dome","Toxic Egg 2","Bottled Lightning","Blood Vial","Dodecahedron","Red Mask"],"potions_floor_usage":[11,16,24,24,24,24,44,44,50],"damage_taken":[{"damage":0,"enemies":"Small Slimes","floor":1,"turns":3},{"damage":0,"enemies":"Cultist","floor":3,"turns":4},{"damage":36,"enemies":"Lagavulin","floor":7,"turns":12},{"damage":0,"enemies":"Jaw Worm","floor":10,"turns":2},{"damage":10,"enemies":"Gremlin Gang","floor":11,"turns":6},{"damage":3,"enemies":"Exordium Thugs","floor":12,"turns":6},{"damage":0,"enemies":"Red Slaver","floor":14,"turns":5},{"damage":9,"enemies":"Hexaghost","floor":16,"turns":10},{"damage":2,"enemies":"Shell Parasite","floor":18,"turns":5},{"damage":6,"enemies":"Chosen","floor":19,"turns":5},{"damage":6,"enemies":"3 Cultists","floor":20,"turns":6},{"damage":12,"enemies":"Snake Plant","floor":22,"turns":6},{"damage":0,"enemies":"Book of Stabbing","floor":24,"turns":5},{"damage":0,"enemies":"Snecko","floor":27,"turns":3},{"damage":0,"enemies":"Shelled Parasite and Fungi","floor":29,"turns":5},{"damage":0,"enemies":"Centurion and Healer","floor":31,"turns":9},{"damage":0,"enemies":"Automaton","floor":33,"turns":9},{"damage":0,"enemies":"3 Darklings","floor":35,"turns":3},{"damage":7,"enemies":"3 Shapes","floor":38,"turns":3},{"damage":0,"enemies":"3 Darklings","floor":39,"turns":4},{"damage":0,"enemies":"Transient","floor":41,"turns":5},{"damage":17,"enemies":"Reptomancer","floor":44,"turns":4},{"damage":0,"enemies":"Nemesis","floor":47,"turns":5},{"damage":21,"enemies":"Time Eater","floor":50,"turns":11}],"seed_played":"6734275759077698509","potions_obtained":[{"floor":10,"key":"Fire Potion"},{"floor":11,"key":"Energy Potion"},{"floor":12,"key":"LiquidBronze"},{"floor":16,"key":"Poison Potion"},{"floor":20,"key":"FearPotion"},{"floor":22,"key":"EntropicBrew"},{"floor":31,"key":"Ancient Potion"},{"floor":33,"key":"PowerPotion"},{"floor":44,"key":"GamblersBrew"}],"is_trial":false,"path_per_floor":["M","$","M","?","?","R","E","R","T","M","M","M","R","M","R","B",null,"M","M","M","$","M","R","E","R","T","M","?","M","T","M","R","B",null,"M","$","T","M","M","R","M","R","T","E","?","R","E","?","R","B",null],"character_chosen":"THE_SILENT","items_purchased":["Quick Slash","Burst","Flash of Steel"],"campfire_rested":1,"item_purchase_floors":[21,21,36],"current_hp_per_floor":[70,70,70,65,65,65,29,29,29,29,19,16,35,35,35,26,65,63,57,51,51,39,39,39,39,39,39,39,39,39,39,39,39,65,65,65,65,58,58,58,58,58,58,41,41,41,43,43,43,24],"gold":0,"neow_bonus":"TRANSFORM_CARD","is_prod":false,"is_daily":false,"chose_seed":false,"campfire_upgraded":10,"win_rate":0.0,"timestamp":1549664979,"path_taken":["M","$","M","?","?","R","E","R","T","M","M","?","R","M","R","BOSS","M","M","M","$","M","R","E","R","T","M","?","?","?","M","R","BOSS","M","$","?","M","M","R","M","R","T","E","?","R","E","?","R","BOSS"],"build_version":"2019-01-23","purchased_purges":3,"victory":true,"max_hp_per_floor":[70,70,70,65,65,65,65,65,65,65,65,65,65,65,65,65,65,65,65,65,65,65,65,65,65,65,65,65,65,65,65,65,65,65,65,65,65,65,65,65,65,65,65,65,65,65,65,65,65,65],"card_choices":[{"not_picked":["Catalyst","Prepared"],"picked":"Backflip","floor":1},{"not_picked":["All Out Attack","Sucker Punch"],"picked":"Acrobatics","floor":3},{"not_picked":["A Thousand Cuts","Slice"],"picked":"Outmaneuver","floor":7},{"not_picked":["PiercingWail","Outmaneuver"],"picked":"Noxious Fumes","floor":10},{"not_picked":["Dodge and Roll","Underhanded Strike"],"picked":"Escape Plan","floor":11},{"not_picked":["Prepared","Deadly Poison"],"picked":"Blur","floor":12},{"not_picked":["Dodge and Roll","Infinite Blades"],"picked":"Crippling Poison","floor":13},{"not_picked":["Choke","Riddle With Holes","Wraith Form v2"],"picked":"SKIP","floor":14},{"not_picked":["Bullet Time","Storm of Steel"],"picked":"Adrenaline","floor":16},{"not_picked":["Crippling Poison","PiercingWail","Sucker Punch"],"picked":"SKIP","floor":18},{"not_picked":["Flying Knee","Dodge and Roll","Slice"],"picked":"SKIP","floor":19},{"not_picked":["Slice","PiercingWail+1"],"picked":"Heel Hook+1","floor":20},{"not_picked":["Backflip","Outmaneuver+1"],"picked":"Distraction+1","floor":22},{"not_picked":["PiercingWail","Accuracy"],"picked":"Doppelganger","floor":24},{"not_picked":["PiercingWail","Outmaneuver"],"picked":"Footwork","floor":27},{"not_picked":["Choke","Quick Slash"],"picked":"Acrobatics","floor":29},{"not_picked":["Underhanded Strike","Expertise","Bullet Time"],"picked":"SKIP","floor":31},{"not_picked":["After Image","A Thousand Cuts"],"picked":"Adrenaline","floor":33},{"not_picked":["Dagger Throw+1","Caltrops+1","Outmaneuver"],"picked":"SKIP","floor":35},{"not_picked":["Crippling Poison+1","Backstab+1"],"picked":"Well Laid Plans","floor":38},{"not_picked":["Sucker Punch","Deadly Poison+1","Choke"],"picked":"SKIP","floor":39},{"not_picked":["Dagger Spray+1","Predator+1"],"picked":"Noxious Fumes+1","floor":41},{"not_picked":["Poisoned Stab+1","Sucker Punch+1"],"picked":"Tactician+1","floor":44},{"not_picked":["Chrysalis+1","Enlightenment+1"],"picked":"The Bomb+1","floor":45},{"not_picked":["Masterful Stab","Blade Dance+1"],"picked":"Backflip+1","floor":47}],"player_experience":24179,"relics_obtained":[{"floor":7,"key":"Happy Flower"},{"floor":9,"key":"Tiny Chest"},{"floor":24,"key":"Calipers"},{"floor":26,"key":"Oddly Smooth Stone"},{"floor":30,"key":"Bronze Scales"},{"floor":37,"key":"Toxic Egg 2"},{"floor":43,"key":"Bottled Lightning"},{"floor":44,"key":"Blood Vial"},{"floor":47,"key":"Dodecahedron"}],"event_choices":[{"damage_healed":0,"gold_gain":0,"player_choice":"Lose Max HP","damage_taken":0,"relics_obtained":["Golden Idol"],"max_hp_gain":0,"max_hp_loss":5,"event_name":"Golden Idol","floor":4,"gold_loss":0},{"damage_healed":0,"gold_gain":0,"player_choice":"Paid Gold","damage_taken":0,"relics_obtained":["Dream Catcher"],"max_hp_gain":0,"max_hp_loss":0,"event_name":"WeMeetAgain","floor":5,"gold_loss":52},{"cards_removed":["Defend_G"],"damage_healed":0,"gold_gain":0,"player_choice":"Upgrade and Remove","damage_taken":0,"max_hp_gain":0,"max_hp_loss":0,"event_name":"Designer","floor":28,"gold_loss":90,"cards_upgraded":["Backflip"]},{"damage_healed":0,"gold_gain":0,"player_choice":"Memory 1","damage_taken":0,"max_hp_gain":0,"max_hp_loss":0,"event_name":"SensoryStone","floor":45,"gold_loss":0},{"damage_healed":0,"gold_gain":0,"player_choice":"Paid","damage_taken":0,"relics_obtained":["Red Mask"],"max_hp_gain":0,"max_hp_loss":0,"event_name":"Tomb of Lord Red Mask","floor":48,"gold_loss":157}],"is_beta":false,"boss_relics":[{"not_picked":["Black Star","Velvet Choker"],"picked":"Astrolabe"},{"not_picked":["Eternal Feather","Orrery"],"picked":"Runic Dome"}],"items_purged_floors":[2,21,36],"is_endless":false,"potions_floor_spawned":[10,11,12,16,20,22,31,33,38,44],"ascension_level":0}