{"gold_per_floor":[117,132,57,157,157,157,171,184,235,235,235,255,268,291,291,411,411,436,376],"floor_reached":19,"playtime":952,"items_purged":[],"score":233,"play_id":"68317d40-0bc4-4aa3-bc37-3eb9fd72503c","local_time":"20180709211437","is_ascension_mode":true,"campfire_choices":[{"floor":6,"key":"REST"},{"floor":11,"key":"REST"},{"floor":15,"key":"REST"}],"neow_cost":"","seed_source_timestamp":518896174520740,"circlet_count":0,"master_deck":["Strike_B","Strike_B","Strike_B","Strike_B","Defend_B","Defend_B","Defend_B","Defend_B","Zap","Dualcast","Capacitor","Barrage","Consume","Storm","Conserve Battery","Cold Snap","Defragment","Leap","Fission","Double Energy"],"relics":["Cracked Core","Golden Idol","Singing Bowl","Inserter"],"potions_floor_usage":[14,16,16,19],"damage_taken":[{"damage":4,"enemies":"Jaw Worm","floor":1,"turns":4},{"damage":5,"enemies":"Cultist","floor":2,"turns":4},{"damage":9,"enemies":"2 Louse","floor":7,"turns":3},{"damage":21,"enemies":"Blue Slaver","floor":8,"turns":4},{"damage":21,"enemies":"Large Slime","floor":12,"turns":6},{"damage":2,"enemies":"3 Louse","floor":13,"turns":3},{"damage":13,"enemies":"Looter","floor":14,"turns":3},{"damage":39,"enemies":"The Guardian","floor":16,"turns":12},{"damage":27,"enemies":"Shell Parasite","floor":18,"turns":12},{"damage":35,"enemies":"2 Thieves","floor":19,"turns":2}],"seed_played":"7387341764441304859","potions_obtained":[{"floor":1,"key":"Explosive Potion"},{"floor":13,"key":"SkillPotion"},{"floor":14,"key":"Swift Potion"},{"floor":16,"key":"FocusPotion"}],"is_trial":false,"path_per_floor":["M","M","$","?","?","R","M","M","T","?","R","M","M","M","R","B",null,"M"],"character_chosen":"DEFECT","items_purchased":["Consume"],"campfire_rested":3,"item_purchase_floors":[3],"current_hp_per_floor":[64,59,59,59,41,63,54,33,33,33,55,34,32,19,41,2,57,30,0],"gold":376,"neow_bonus":"","is_prod":false,"is_daily":false,"chose_seed":false,"campfire_upgraded":0,"win_rate":0,"timestamp":1531185277,"path_taken":["M","M","$","?","?","R","M","M","T","?","R","M","M","?","R","BOSS","M","M"],"build_version":"2018-07-05","purchased_purges":0,"victory":false,"max_hp_per_floor":[75,75,75,75,75,75,75,75,75,75,75,75,75,75,75,75,75,75,75],"card_choices":[{"not_picked":["Double Energy","Sweeping Beam"],"picked":"Capacitor","floor":1},{"not_picked":["Scrape","Compile Driver"],"picked":"Barrage","floor":2},{"not_picked":["Turbo","White Noise"],"picked":"Storm","floor":7},{"not_picked":["Stack","Reboot"],"picked":"Conserve Battery","floor":8},{"not_picked":["Barrage","Redo"],"picked":"Cold Snap","floor":12},{"not_picked":["White Noise","Cold Snap"],"picked":"Defragment","floor":13},{"not_picked":["Compile Driver","Barrage"],"picked":"Leap","floor":14},{"not_picked":["Core Surge","All For One"],"picked":"Fission","floor":16},{"not_picked":["Conserve Battery","Go for the Eyes+1"],"picked":"Double Energy","floor":18}],"player_experience":1021912,"relics_obtained":[{"floor":9,"key":"Singing Bowl"}],"event_choices":[{"event_name":"Golden Shrine","player_choice":"Pray","floor":4,"damage_taken":0},{"event_name":"Golden Idol","player_choice":"Take Damage","floor":5,"damage_taken":0},{"event_name":"The Woman in Blue","player_choice":"Bought 0 Potions","floor":10,"damage_taken":0}],"boss_relics":[{"not_picked":["Astrolabe","Eternal Feather"],"picked":"Inserter"}],"items_purged_floors":[],"is_endless":false,"potions_floor_spawned":[1,13,14,16],"killed_by":"2 Thieves","ascension_level":9}