{"gold_per_floor":[110,110,129,95,114,114,130,130,130,130,148,39,65,83,83,184,184,197,210,226,54,66,66,86,97,123,123,4,4,4,24,24,24],"floor_reached":33,"playtime":2434,"items_purged":["Strike_G","Defend_G"],"score":251,"play_id":"51db0859-8d92-43ed-acc7-371338f50949","local_time":"20190206212549","is_ascension_mode":false,"campfire_choices":[{"data":"Blur","floor":6,"key":"SMITH"},{"data":"Neutralize","floor":8,"key":"SMITH"},{"data":"Well Laid Plans","floor":15,"key":"SMITH"},{"data":"Eviscerate","floor":23,"key":"SMITH"},{"floor":27,"key":"REST"},{"floor":29,"key":"REST"},{"data":"Prepared","floor":32,"key":"SMITH"}],"neow_cost":"NONE","seed_source_timestamp":29232566316285,"circlet_count":0,"master_deck":["Defend_G","Defend_G","Defend_G","Strike_G+1","Strike_G","Strike_G","Strike_G","Survivor+1","Neutralize+1","Flying Knee","Well Laid Plans+1","Blur+1","Deflect","Slice","Flying Knee","Escape Plan","Tools of the Trade+1","PiercingWail+1","Eviscerate+1","Reflex","Noxious Fumes+1","Noxious Fumes+1","All Out Attack","Footwork+1","Prepared+1"],"relics":["Ring of the Snake","NeowsBlessing","Frozen Egg 2","Paper Crane","Empty Cage","Centennial Puzzle"],"potions_floor_usage":[13,20,20,22,31],"damage_taken":[{"damage":0,"enemies":"2 Louse","floor":1,"turns":1},{"damage":0,"enemies":"Jaw Worm","floor":3,"turns":1},{"damage":0,"enemies":"Cultist","floor":5,"turns":1},{"damage":10,"enemies":"Gremlin Gang","floor":7,"turns":7},{"damage":0,"enemies":"Red Slaver","floor":11,"turns":4},{"damage":8,"enemies":"3 Sentries","floor":13,"turns":10},{"damage":4,"enemies":"3 Louse","floor":14,"turns":4},{"damage":5,"enemies":"The Guardian","floor":16,"turns":20},{"damage":4,"enemies":"3 Byrds","floor":18,"turns":7},{"damage":7,"enemies":"Shell Parasite","floor":19,"turns":10},{"damage":2,"enemies":"Centurion and Healer","floor":20,"turns":9},{"damage":17,"enemies":"Chosen and Byrds","floor":22,"turns":6},{"damage":24,"enemies":"3 Cultists","floor":24,"turns":7},{"damage":12,"enemies":"Snake Plant","floor":25,"turns":5},{"damage":15,"enemies":"Snecko","floor":31,"turns":5},{"damage":36,"enemies":"Champ","floor":33,"turns":10}],"seed_played":"3145672134160063998","potions_obtained":[{"floor":1,"key":"AttackPotion"},{"floor":7,"key":"Explosive Potion"},{"floor":11,"key":"Fire Potion"},{"floor":19,"key":"AttackPotion"},{"floor":24,"key":"Ancient Potion"},{"floor":31,"key":"Explosive Potion"}],"is_trial":false,"path_per_floor":["M","?","M","$","M","R","M","R","T","?","M","$","E","M","R","B",null,"M","M","M","$","M","R","M","M","T","R","$","R","$","M","R","B"],"character_chosen":"THE_SILENT","items_purchased":["Well Laid Plans","Escape Plan","Noxious Fumes+1","Footwork+1","PowerPotion"],"campfire_rested":2,"item_purchase_floors":[4,12,21,28,28],"current_hp_per_floor":[70,56,56,56,56,56,46,46,46,46,46,46,38,34,34,29,70,66,59,57,57,40,40,16,4,4,25,25,46,46,31,31,0],"gold":24,"neow_bonus":"THREE_ENEMY_KILL","is_prod":false,"is_daily":false,"chose_seed":false,"campfire_upgraded":5,"win_rate":0.0,"timestamp":1549484749,"path_taken":["M","?","M","$","M","R","M","R","T","?","?","$","E","M","R","BOSS","M","?","?","$","M","R","M","M","T","R","$","R","?","M","R","BOSS"],"build_version":"2019-01-23","purchased_purges":2,"victory":false,"max_hp_per_floor":[70,70,70,70,70,70,70,70,70,70,70,70,70,70,70,70,70,70,70,70,70,70,70,70,70,70,70,70,70,70,70,70,70],"card_choices":[{"not_picked":["Bouncing Flask","Tactician"],"picked":"Flying Knee","floor":1},{"not_picked":["Riddle With Holes","Dagger Throw"],"picked":"Leg Sweep","floor":3},{"not_picked":["Backflip","Reflex"],"picked":"Blur","floor":5},{"not_picked":["Acrobatics","Deadly Poison"],"picked":"Deflect","floor":7},{"not_picked":["Underhanded Strike","Bouncing Flask"],"picked":"Flying Knee","floor":11},{"not_picked":["Flechettes","Underhanded Strike","Slice"],"picked":"SKIP","floor":13},{"not_picked":["Dagger Throw","Quick Slash","Flying Knee"],"picked":"SKIP","floor":14},{"not_picked":["Die Die Die","Bullet Time"],"picked":"Tools of the Trade+1","floor":16},{"not_picked":["Distraction","Acrobatics"],"picked":"PiercingWail+1","floor":18},{"not_picked":["Underhanded Strike","Blade Dance"],"picked":"Eviscerate","floor":19},{"not_picked":["Acrobatics","Prepared"],"picked":"Reflex","floor":20},{"not_picked":["Prepared","Poisoned Stab","Blade Dance"],"picked":"SKIP","floor":22},{"not_picked":["Sucker Punch","Dagger Spray"],"picked":"Noxious Fumes+1","floor":24},{"not_picked":["Masterful Stab+1","Endless Agony+1"],"picked":"All Out Attack","floor":25},{"not_picked":["Backflip","Deflect"],"picked":"Prepared","floor":31}],"player_experience":49,"relics_obtained":[{"floor":9,"key":"Frozen Egg 2"},{"floor":13,"key":"Paper Crane"},{"floor":26,"key":"Centennial Puzzle"}],"event_choices":[{"damage_healed":0,"gold_gain":0,"player_choice":"Entered Light","damage_taken":14,"max_hp_gain":0,"max_hp_loss":0,"event_name":"Shining Light","floor":2,"gold_loss":0,"cards_upgraded":["Survivor","Strike_G"]},{"damage_healed":0,"gold_gain":0,"player_choice":"1 cards matched","damage_taken":0,"max_hp_gain":0,"max_hp_loss":0,"event_name":"Match and Keep!","floor":10,"gold_loss":0,"cards_obtained":["Slice"]}],"is_beta":false,"boss_relics":[{"not_picked":["Astrolabe","Fusion Hammer"],"picked":"Empty Cage"}],"items_purged_floors":[12,21],"is_endless":false,"potions_floor_spawned":[1,7,11,19,24,31],"killed_by":"Champ","ascension_level":0}