{"gold_per_floor":[213,225,287,362,46,81,81,81,107,107,147,1,19,38,38,131,131,151,151,176,28,42,58,58,58],"floor_reached":25,"playtime":1311,"items_purged":["Strike_G","Strike_G","Shame"],"score":373,"play_id":"69685e46-38bf-4866-bf83-0edd86f0562d","local_time":"20181115200536","is_ascension_mode":true,"campfire_choices":[{"floor":8,"key":"REST"},{"floor":10,"key":"REST"},{"data":"Cloak And Dagger","floor":15,"key":"SMITH"}],"neow_cost":"NONE","seed_source_timestamp":859142108581655,"circlet_count":0,"master_deck":["AscendersBane","Defend_G","Defend_G","Defend_G","Defend_G","Defend_G","Strike_G","Strike_G","Strike_G","Survivor","Neutralize","Predator","PiercingWail","Blade Dance","Infinite Blades","Burst","Injury","Choke","Cloak And Dagger+1","Deadly Poison","Finisher","Corpse Explosion","Doubt","Injury","Cloak And Dagger","PiercingWail","Footwork"],"relics":["Ring of the Snake","Sundial","Vajra","Bag of Preparation","Golden Idol","Potion Belt","Strawberry","Calling Bell","Bag of Marbles","Singing Bowl","Mango"],"potions_floor_usage":[11,16,16,22],"damage_taken":[{"damage":1,"enemies":"Jaw Worm","floor":1,"turns":5},{"damage":4,"enemies":"Cultist","floor":2,"turns":3},{"damage":41,"enemies":"Lagavulin","floor":6,"turns":8},{"damage":13,"enemies":"Gremlin Nob","floor":11,"turns":4},{"damage":3,"enemies":"2 Louse","floor":13,"turns":3},{"damage":0,"enemies":"Exordium Wildlife","floor":14,"turns":2},{"damage":16,"enemies":"Slime Boss","floor":16,"turns":11},{"damage":28,"enemies":"Spheric Guardian","floor":18,"turns":5},{"damage":8,"enemies":"Chosen","floor":20,"turns":4},{"damage":10,"enemies":"Snake Plant","floor":22,"turns":5},{"damage":34,"enemies":"Shelled Parasite and Fungi","floor":23,"turns":8},{"damage":29,"enemies":"Snecko","floor":25,"turns":4}],"seed_played":"-6391940640910296395","potions_obtained":[{"floor":2,"key":"GhostInAJar"},{"floor":11,"key":"Block Potion"},{"floor":13,"key":"Block Potion"},{"floor":18,"key":"Weak Potion"}],"is_trial":false,"path_per_floor":["M","M","?","T","$","E","?","R","T","R","E","$","M","M","R","B",null,"M","$","M","$","M","M","?","M"],"character_chosen":"THE_SILENT","items_purchased":["Vajra","Blade Dance","Infinite Blades","Cloak And Dagger","PiercingWail"],"campfire_rested":2,"item_purchase_floors":[5,5,5,12,21],"current_hp_per_floor":[62,58,58,58,58,17,17,38,38,59,53,53,50,50,50,34,80,54,54,46,46,38,4,4,0],"gold":58,"neow_bonus":"HUNDRED_GOLD","is_prod":false,"is_daily":false,"chose_seed":false,"campfire_upgraded":1,"win_rate":0,"timestamp":1542330336,"path_taken":["M","M","?","?","$","E","?","R","T","R","E","?","M","?","R","BOSS","M","$","M","$","M","M","?","M"],"build_version":"2018-11-08","purchased_purges":3,"victory":false,"max_hp_per_floor":[70,70,70,70,70,70,70,70,70,70,77,77,77,77,77,77,91,93,93,93,93,95,95,95,95],"card_choices":[{"not_picked":["Dodge and Roll","Prepared"],"picked":"Predator","floor":1},{"not_picked":["Expertise","Heel Hook"],"picked":"PiercingWail","floor":2},{"not_picked":["Bane","Concentrate"],"picked":"Burst","floor":6},{"not_picked":["Bane","Well Laid Plans"],"picked":"Choke","floor":11},{"not_picked":["Deflect","All Out Attack"],"picked":"Deadly Poison","floor":13},{"not_picked":["Flying Knee","Sucker Punch"],"picked":"Finisher","floor":14},{"not_picked":["Grand Finale","Envenom"],"picked":"Corpse Explosion","floor":16},{"not_picked":["Well Laid Plans","Outmaneuver","Prepared"],"picked":"Singing Bowl","floor":18},{"not_picked":["Quick Slash","PiercingWail"],"picked":"Cloak And Dagger","floor":20},{"not_picked":["Deadly Poison","Calculated Gamble","Bullet Time"],"picked":"Singing Bowl","floor":22},{"not_picked":["PiercingWail","Dagger Spray"],"picked":"Footwork","floor":23}],"player_experience":1690326,"relics_obtained":[{"floor":4,"key":"Sundial"},{"floor":6,"key":"Bag of Preparation"},{"floor":9,"key":"Potion Belt"},{"floor":11,"key":"Strawberry"},{"floor":17,"key":"Bag of Marbles"},{"floor":17,"key":"Singing Bowl"},{"floor":17,"key":"Mango"}],"event_choices":[{"damage_healed":0,"gold_gain":62,"player_choice":"Gained Gold","damage_taken":0,"max_hp_gain":0,"max_hp_loss":0,"event_name":"Golden Wing","floor":3,"gold_loss":0},{"damage_healed":0,"gold_gain":0,"player_choice":"Take Wound","damage_taken":0,"relics_obtained":["Golden Idol"],"max_hp_gain":0,"max_hp_loss":0,"event_name":"Golden Idol","floor":7,"gold_loss":0,"cards_obtained":["Injury"]}],"is_beta":false,"boss_relics":[{"not_picked":["WristBlade","White Beast Statue"],"picked":"Calling Bell"}],"items_purged_floors":[5,12,21],"is_endless":false,"potions_floor_spawned":[2,11,13,18],"killed_by":"Snecko","ascension_level":13}