{"path_per_floor":["M","?","M","M","$","M","R","?","T","E","R","?","M","M","R"],"character_chosen":"THE_SILENT","items_purchased":["Happy Flower","Acrobatics"],"gold_per_floor":[116,191,202,221,17,27,27,27,106,144,144,144,162,176,176,176],"floor_reached":16,"campfire_rested":3,"playtime":1158,"item_purchase_floors":[5,5],"current_hp_per_floor":[69,58,54,54,54,50,70,53,53,5,26,26,25,23,44,0],"items_purged":[],"gold":176,"score":102,"play_id":"c93b2924-1986-4e8d-ac91-e574c926d135","local_time":"20180604101954","is_prod":false,"is_daily":false,"chose_seed":false,"is_ascension_mode":false,"campfire_upgraded":0,"win_rate":0.0,"timestamp":1528121994,"campfire_choices":[{"floor":7,"key":"REST"},{"floor":11,"key":"REST"},{"floor":15,"key":"REST"}],"path_taken":["M","?","M","M","$","M","R","?","T","E","R","?","M","M","R","BOSS"],"build_version":"2018-05-31","seed_source_timestamp":316935396989310,"purchased_purges":0,"victory":false,"master_deck":["Defend_G","Defend_G","Defend_G","Defend_G","Defend_G","Strike_G","Strike_G","Strike_G","Strike_G","Survivor","Neutralize","Tools of the Trade","Caltrops+1","PiercingWail","Caltrops","Acrobatics","Slice","PiercingWail","Dagger Spray","Prepared"],"max_hp_per_floor":[70,70,70,70,70,70,70,70,70,70,70,70,70,70,70,70],"relics":["Ring of the Snake","Happy Flower","Golden Idol","Centennial Puzzle","Oddly Smooth Stone"],"card_choices":[{"not_picked":["Predator","Backflip"],"picked":"Caltrops","floor":1},{"not_picked":["Riddle With Holes","Cloak And Dagger"],"picked":"PiercingWail","floor":3},{"not_picked":["Poisoned Stab","Sucker Punch"],"picked":"Caltrops","floor":4},{"not_picked":["Quick Slash","Deadly Poison"],"picked":"Slice","floor":6},{"not_picked":["Outmaneuver","Flying Knee"],"picked":"PiercingWail","floor":10},{"not_picked":["Deadly Poison","Night Terror"],"picked":"Dagger Spray","floor":13},{"not_picked":["Outmaneuver","Poisoned Stab"],"picked":"Prepared","floor":14}],"player_experience":323193,"potions_floor_usage":[14,16],"damage_taken":[{"damage":1,"enemies":"2 Louse","floor":1,"turns":4},{"damage":4,"enemies":"Jaw Worm","floor":3,"turns":7},{"damage":0,"enemies":"Small Slimes","floor":4,"turns":4},{"damage":4,"enemies":"3 Louse","floor":6,"turns":4},{"damage":48,"enemies":"Gremlin Nob","floor":10,"turns":6},{"damage":1,"enemies":"Blue Slaver","floor":13,"turns":5},{"damage":2,"enemies":"Gremlin Gang","floor":14,"turns":3},{"damage":46,"enemies":"The Guardian","floor":16,"turns":12}],"relics_obtained":[{"floor":9,"key":"Centennial Puzzle"},{"floor":10,"key":"Oddly Smooth Stone"}],"event_choices":[{"event_name":"World of Goop","player_choice":"Gather Gold","floor":2,"damage_taken":0},{"event_name":"Golden Idol","player_choice":"Take Damage","floor":8,"damage_taken":0},{"event_name":"Accursed Blacksmith","player_choice":"Forge","floor":12,"damage_taken":0}],"boss_relics":[],"items_purged_floors":[],"potions_floor_spawned":[1,6,13],"seed_played":"3748971005512911138","killed_by":"The Guardian","ascension_level":0,"potions_obtained":[{"floor":1,"key":"SpeedPotion"},{"floor":6,"key":"Dexterity Potion"},{"floor":13,"key":"Fire Potion"}],"is_trial":false}