{"gold_per_floor":[110,60,60,79,79,79,110,21,21,35,70,220,240,251,251,327,377,396,82,52,52],"floor_reached":21,"playtime":923,"items_purged":["Strike_B"],"score":417,"play_id":"ffd43a4e-8f97-411c-a81a-012d8d78bc33","local_time":"20190201142438","is_ascension_mode":true,"campfire_choices":[{"data":"Zap","floor":6,"key":"SMITH"},{"floor":15,"key":"REST"}],"neow_cost":"NONE","seed_source_timestamp":698013387833548,"circlet_count":0,"master_deck":["AscendersBane","Strike_B","Strike_B","Strike_B","Defend_B","Defend_B","Defend_B","Defend_B","Zap+1","Dualcast","Genetic Algorithm","Coolheaded","Reinforced Body","Rainbow","Self Repair","Conserve Battery","Capacitor","Doubt","Defragment","FTL","Thunder Strike+1","Doom and Gloom","Redo","Storm","Leap"],"relics":["Cracked Core","NeowsBlessing","Mummified Hand","Singing Bowl","Turnip","Calipers","Tiny House","Oddly Smooth Stone"],"potions_floor_usage":[16,16],"damage_taken":[{"damage":0,"enemies":"Jaw Worm","floor":1,"turns":1},{"damage":0,"enemies":"Cultist","floor":4,"turns":1},{"damage":0,"enemies":"Gremlin Nob","floor":7,"turns":1},{"damage":14,"enemies":"Small Slimes","floor":10,"turns":3},{"damage":17,"enemies":"3 Sentries","floor":11,"turns":9},{"damage":16,"enemies":"Exordium Thugs","floor":13,"turns":5},{"damage":16,"enemies":"Lots of Slimes","floor":14,"turns":4},{"damage":32,"enemies":"Slime Boss","floor":16,"turns":16},{"damage":29,"enemies":"Spheric Guardian","floor":18,"turns":6},{"damage":33,"enemies":"2 Thieves","floor":20,"turns":4},{"damage":23,"enemies":"Shelled Parasite and Fungi","floor":21,"turns":3}],"seed_played":"6257346408993813447","potions_obtained":[{"floor":1,"key":"Ancient Potion"},{"floor":7,"key":"Dexterity Potion"},{"floor":17,"key":"PowerPotion"}],"is_trial":false,"path_per_floor":["M","$","?","M","T","R","E","$","T","M","E","?","M","M","R","B",null,"M","$","M","M"],"character_chosen":"DEFECT","items_purchased":["Coolheaded","Self Repair","Storm","Oddly Smooth Stone"],"campfire_rested":1,"item_purchase_floors":[2,8,19,19],"current_hp_per_floor":[64,64,69,69,69,69,69,69,69,62,52,52,43,34,56,31,70,48,48,22,0],"gold":52,"neow_bonus":"THREE_ENEMY_KILL","is_prod":false,"is_daily":false,"chose_seed":false,"campfire_upgraded":1,"win_rate":0,"timestamp":1549049078,"path_taken":["M","$","?","M","?","R","E","?","T","?","E","?","M","M","R","BOSS","M","$","M","M"],"build_version":"2019-01-23","purchased_purges":1,"victory":false,"max_hp_per_floor":[71,71,76,76,76,76,76,76,76,76,76,76,76,76,76,76,81,81,81,81,81],"card_choices":[{"not_picked":["Skim","Sweeping Beam"],"picked":"Genetic Algorithm","floor":1},{"not_picked":["Compile Driver","Leap"],"picked":"Reinforced Body","floor":4},{"not_picked":["Streamline","Tempest"],"picked":"Rainbow","floor":7},{"not_picked":["Skim","Beam Cell"],"picked":"Conserve Battery","floor":10},{"not_picked":["Steam Power","Hello World"],"picked":"Capacitor","floor":11},{"not_picked":["Lockon","Compile Driver"],"picked":"Defragment","floor":13},{"not_picked":["Streamline","Hologram"],"picked":"FTL","floor":14},{"not_picked":["Multi-Cast","Amplify"],"picked":"Thunder Strike","floor":16},{"not_picked":["Beam Cell","Gash"],"picked":"Doom and Gloom","floor":17},{"not_picked":["Sweeping Beam","Thunder Strike"],"picked":"Redo","floor":18},{"not_picked":["Sweeping Beam","Compile Driver"],"picked":"Leap","floor":20}],"player_experience":2274182,"relics_obtained":[{"floor":5,"key":"Mummified Hand"},{"floor":7,"key":"Singing Bowl"},{"floor":9,"key":"Turnip"},{"floor":11,"key":"Calipers"}],"event_choices":[{"damage_healed":0,"gold_gain":0,"player_choice":"Donut","damage_taken":0,"max_hp_gain":5,"max_hp_loss":0,"event_name":"Big Fish","floor":3,"gold_loss":0},{"damage_healed":0,"gold_gain":150,"player_choice":"AGREE","damage_taken":0,"max_hp_gain":0,"max_hp_loss":0,"event_name":"Liars Game","floor":12,"gold_loss":0,"cards_obtained":["Doubt"]}],"is_beta":false,"boss_relics":[{"not_picked":["Black Star","Runic Pyramid"],"picked":"Tiny House"}],"items_purged_floors":[19],"is_endless":false,"potions_floor_spawned":[1,7,11,13,14],"killed_by":"Shelled Parasite and Fungi","ascension_level":19}