{"gold_per_floor":[111,111,123,138,153,153,171,171,171,184,213,231,266,24,24,126,126,144,162,162,87,103,103,131,131,131,144,419,433,97,116,116,116],"floor_reached":33,"playtime":1322,"items_purged":["Strike_B","Strike_B"],"score":331,"play_id":"2614faa5-9774-44a2-99e5-dac29ebfed46","local_time":"20190207113848","is_ascension_mode":false,"campfire_choices":[{"data":"Sunder","floor":6,"key":"SMITH"},{"data":"Conserve Battery","floor":8,"key":"SMITH"},{"data":"Capacitor","floor":15,"key":"SMITH"},{"data":"Fission","floor":23,"key":"SMITH"},{"data":"Reinforced Body","floor":25,"key":"SMITH"},{"data":"Defragment","floor":32,"key":"SMITH"}],"neow_cost":"PERCENT_DAMAGE","seed_source_timestamp":263930706159824,"circlet_count":0,"master_deck":["Strike_B","Defend_B","Defend_B","Defend_B","Zap+1","Dualcast","Ball Lightning+1","Sunder+1","Cold Snap","Steam","Conserve Battery+1","Sweeping Beam","Fission+1","Capacitor+1","Coolheaded","Thunder Strike+1","Ball Lightning+1","Reinforced Body+1","Sunder+1","Defragment+1"],"relics":["Cracked Core","Omamori","Pen Nib","Molten Egg 2","Vajra","Snecko Eye","Darkstone Periapt","Ginger","StoneCalendar","Chemical X"],"potions_floor_usage":[11,16,16,22,24],"damage_taken":[{"damage":3,"enemies":"Jaw Worm","floor":1,"turns":3},{"damage":0,"enemies":"Cultist","floor":3,"turns":2},{"damage":0,"enemies":"2 Louse","floor":4,"turns":1},{"damage":3,"enemies":"Gremlin Gang","floor":5,"turns":3},{"damage":0,"enemies":"Blue Slaver","floor":7,"turns":3},{"damage":0,"enemies":"Red Slaver","floor":10,"turns":2},{"damage":8,"enemies":"Lagavulin","floor":11,"turns":5},{"damage":0,"enemies":"Looter","floor":12,"turns":1},{"damage":4,"enemies":"Gremlin Nob","floor":13,"turns":3},{"damage":0,"enemies":"The Guardian","floor":16,"turns":10},{"damage":0,"enemies":"Spheric Guardian","floor":18,"turns":3},{"damage":0,"enemies":"2 Thieves","floor":19,"turns":2},{"damage":16,"enemies":"Centurion and Healer","floor":22,"turns":6},{"damage":14,"enemies":"Book of Stabbing","floor":24,"turns":4},{"damage":10,"enemies":"Snecko","floor":27,"turns":3},{"damage":11,"enemies":"Shelled Parasite and Fungi","floor":29,"turns":4},{"damage":7,"enemies":"Centurion and Healer","floor":31,"turns":2},{"damage":19,"enemies":"Champ","floor":33,"turns":2}],"seed_played":"-1058176215430017404","potions_obtained":[{"floor":3,"key":"Weak Potion"},{"floor":5,"key":"FocusPotion"},{"floor":7,"key":"PowerPotion"},{"floor":13,"key":"SneckoOil"},{"floor":18,"key":"Dexterity Potion"},{"floor":19,"key":"LiquidBronze"},{"floor":22,"key":"Weak Potion"}],"is_trial":false,"path_per_floor":["M","?","M","M","M","R","M","R","T","M","E","M","E","$","R","B",null,"M","M","?","$","M","R","E","R","T","M","?","M","$","M","R","B"],"character_chosen":"DEFECT","items_purchased":["Capacitor","Coolheaded","Vajra","Sunder+1","Chemical X"],"campfire_rested":0,"item_purchase_floors":[14,14,14,30,30],"current_hp_per_floor":[51,36,36,36,33,33,33,33,33,33,25,25,21,21,21,21,75,75,75,75,75,59,59,45,45,45,35,35,24,24,17,17,0],"gold":116,"neow_bonus":"REMOVE_TWO","is_prod":false,"is_daily":false,"chose_seed":false,"campfire_upgraded":6,"win_rate":0,"timestamp":1549539528,"path_taken":["M","?","M","M","M","R","M","R","T","M","E","M","E","$","R","BOSS","M","M","?","$","M","R","E","R","T","?","?","?","$","M","R","BOSS"],"build_version":"2019-02-06","purchased_purges":2,"victory":false,"max_hp_per_floor":[75,75,75,75,75,75,75,75,75,75,75,75,75,75,75,75,75,75,75,75,75,75,75,75,75,75,75,75,75,75,75,75,75],"card_choices":[{"not_picked":["Coolheaded","Beam Cell"],"picked":"Ball Lightning","floor":1},{"not_picked":["Fusion","Force Field"],"picked":"Sunder","floor":3},{"not_picked":["Streamline","Ball Lightning"],"picked":"Cold Snap","floor":4},{"not_picked":["Redo","Static Discharge"],"picked":"Steam","floor":5},{"not_picked":["Skim","Compile Driver"],"picked":"Conserve Battery","floor":7},{"not_picked":["FTL","Tempest"],"picked":"Sweeping Beam","floor":10},{"not_picked":["Redo","Blizzard"],"picked":"Fission","floor":11},{"not_picked":["Darkness","Streamline","Steam Power"],"picked":"SKIP","floor":12},{"not_picked":["Streamline","Redo","Scrape"],"picked":"SKIP","floor":13},{"not_picked":["Multi-Cast","Meteor Strike+1"],"picked":"Thunder Strike+1","floor":16},{"not_picked":["Hello World","FTL+1","Doom and Gloom+1"],"picked":"SKIP","floor":18},{"not_picked":["Barrage+1","Go for the Eyes+1"],"picked":"Ball Lightning+1","floor":19},{"not_picked":["Streamline+1","Turbo","Hologram"],"picked":"SKIP","floor":22},{"not_picked":["Fission","Ball Lightning+1"],"picked":"Reinforced Body","floor":24},{"not_picked":["Hello World","White Noise+1","Barrage+1"],"picked":"SKIP","floor":27},{"not_picked":["Scrape+1","Chill","Streamline+1"],"picked":"SKIP","floor":29},{"not_picked":["Blizzard+1","Compile Driver+1"],"picked":"Defragment","floor":31}],"player_experience":850250,"relics_obtained":[{"floor":9,"key":"Omamori"},{"floor":11,"key":"Pen Nib"},{"floor":13,"key":"Molten Egg 2"},{"floor":20,"key":"Darkstone Periapt"},{"floor":24,"key":"Ginger"},{"floor":26,"key":"StoneCalendar"}],"event_choices":[{"damage_healed":0,"gold_gain":0,"player_choice":"Entered Light","damage_taken":15,"max_hp_gain":0,"max_hp_loss":0,"event_name":"Shining Light","floor":2,"gold_loss":0,"cards_upgraded":["Ball Lightning","Zap"]},{"damage_healed":0,"gold_gain":0,"player_choice":"Relic","damage_taken":0,"max_hp_gain":0,"max_hp_loss":0,"event_name":"Wheel of Change","floor":20,"gold_loss":0},{"damage_healed":0,"gold_gain":275,"player_choice":"Desecrate","damage_taken":0,"max_hp_gain":0,"max_hp_loss":0,"event_name":"Golden Shrine","floor":28,"gold_loss":0,"cards_obtained":["Regret"]}],"is_beta":true,"boss_relics":[{"not_picked":["Nuclear Battery","Calling Bell"],"picked":"Snecko Eye"}],"items_purged_floors":[21,30],"is_endless":false,"potions_floor_spawned":[3,5,7,13,18,19,22],"killed_by":"Champ","ascension_level":0}