{"gold_per_floor":[112,131,145,160,11,11,43,53,53,69,69,85,85,100,100,196,196,213,213,231,231,251,251,284,284,284,304,304,103,202,215,215,314,314,328,343,17,32,49,49,49,61,112,0,17,34,34],"floor_reached":47,"playtime":3229,"items_purged":["Strike_G"],"score":806,"play_id":"6d0ab398-3714-43bc-b736-2ef8aff5deb8","local_time":"20180709164929","is_ascension_mode":true,"campfire_choices":[{"data":"Neutralize","floor":6,"key":"SMITH"},{"data":"Skewer","floor":11,"key":"SMITH"},{"floor":13,"key":"REST"},{"floor":15,"key":"REST"},{"floor":23,"key":"REST"},{"floor":25,"key":"REST"},{"floor":28,"key":"REST"},{"floor":32,"key":"REST"},{"floor":40,"key":"REST"}],"neow_cost":"NONE","seed_source_timestamp":500710003756833,"circlet_count":0,"master_deck":["Defend_G","Defend_G","Defend_G","Defend_G","Defend_G","Strike_G","Strike_G","Strike_G","Survivor","Neutralize+1","Backflip","Acrobatics","Underhanded Strike","Dagger Spray","Choke","Underhanded Strike","Skewer+1","Dagger Throw","Slice","Phantasmal Killer","Dagger Throw","Crippling Poison","Underhanded Strike","Footwork","Predator+1","PiercingWail","Noxious Fumes","Deflect","Blur","Underhanded Strike","Bullet Time","Noxious Fumes+1","Outmaneuver+1","Footwork","Finesse","Dagger Throw","Deflect+1","Slice","Terror+1","Flechettes+1","Blur"],"relics":["Runic Pyramid","Bronze Scales","Ancient Tea Set","Question Card","Sozu","Turnip","Dream Catcher","Black Star","Anchor","Calipers","Oddly Smooth Stone","Red Mask"],"potions_floor_usage":[16,16,18],"damage_taken":[{"damage":2,"enemies":"Cultist","floor":1,"turns":4},{"damage":0,"enemies":"Jaw Worm","floor":2,"turns":4},{"damage":1,"enemies":"2 Louse","floor":3,"turns":3},{"damage":3,"enemies":"Looter","floor":4,"turns":3},{"damage":11,"enemies":"3 Sentries","floor":7,"turns":7},{"damage":8,"enemies":"3 Louse","floor":8,"turns":3},{"damage":4,"enemies":"Red Slaver","floor":10,"turns":4},{"damage":10,"enemies":"Blue Slaver","floor":12,"turns":3},{"damage":0,"enemies":"Large Slime","floor":14,"turns":3},{"damage":41,"enemies":"Hexaghost","floor":16,"turns":9},{"damage":11,"enemies":"Spheric Guardian","floor":18,"turns":3},{"damage":6,"enemies":"Shell Parasite","floor":20,"turns":3},{"damage":13,"enemies":"Centurion and Healer","floor":22,"turns":5},{"damage":17,"enemies":"Gremlin Leader","floor":24,"turns":6},{"damage":22,"enemies":"Snake Plant","floor":27,"turns":3},{"damage":7,"enemies":"Chosen and Byrds","floor":31,"turns":4},{"damage":53,"enemies":"Automaton","floor":33,"turns":11},{"damage":4,"enemies":"3 Shapes","floor":35,"turns":3},{"damage":11,"enemies":"Orb Walker","floor":36,"turns":3},{"damage":4,"enemies":"3 Darklings","floor":38,"turns":5},{"damage":8,"enemies":"Sphere and 2 Shapes","floor":39,"turns":4},{"damage":8,"floor":41,"turns":6},{"damage":20,"enemies":"4 Shapes","floor":42,"turns":8},{"damage":5,"enemies":"3 Darklings","floor":45,"turns":5},{"damage":1,"enemies":"Sphere and 2 Shapes","floor":46,"turns":7},{"damage":20,"enemies":"Maw","floor":47,"turns":6}],"seed_played":"-4774561537019733898","potions_obtained":[{"floor":4,"key":"EssenceOfSteel"},{"floor":7,"key":"Ancient Potion"},{"floor":8,"key":"SkillPotion"},{"floor":14,"key":"LiquidBronze"}],"is_trial":false,"path_per_floor":["M","M","M","M","$","R","E","M","T","M","R","M","R","M","R","B",null,"M","?","M","?","M","R","E","R","T","M","R","$","?","M","R","B",null,"M","M","$","M","M","R","?","M","T","?","M","M"],"character_chosen":"THE_SILENT","items_purchased":["Bronze Scales","Noxious Fumes","Deflect","Footwork","Finesse","Anchor"],"campfire_rested":7,"item_purchase_floors":[5,29,29,37,37,37],"current_hp_per_floor":[68,68,67,64,64,64,53,45,45,41,41,31,52,52,70,29,60,49,49,43,43,30,51,34,55,55,33,54,54,54,47,68,15,56,52,41,41,37,29,50,42,22,22,22,17,16,0],"gold":34,"neow_bonus":"BOSS_RELIC","is_prod":false,"is_daily":false,"chose_seed":false,"campfire_upgraded":2,"win_rate":0,"timestamp":1531169369,"path_taken":["M","M","M","M","$","R","E","?","T","M","R","?","R","M","R","BOSS","M","?","M","?","M","R","E","R","T","?","R","$","?","?","R","BOSS","M","M","$","?","M","R","?","M","T","?","M","M","M"],"build_version":"2018-07-05","purchased_purges":1,"victory":false,"max_hp_per_floor":[70,70,70,70,70,70,70,70,70,70,70,70,70,70,70,70,70,70,70,70,70,70,70,70,70,70,70,70,70,70,70,70,70,70,70,70,70,70,70,70,70,70,70,70,70,70,70],"card_choices":[{"not_picked":["Bane","Quick Slash"],"picked":"Backflip","floor":1},{"not_picked":["Heel Hook","Outmaneuver"],"picked":"Acrobatics","floor":2},{"not_picked":["Slice","Sucker Punch"],"picked":"Underhanded Strike","floor":3},{"not_picked":["Backflip","Quick Slash"],"picked":"Dagger Spray","floor":4},{"not_picked":["Accuracy","Deadly Poison"],"picked":"Choke","floor":7},{"not_picked":["Die Die Die","Dagger Spray"],"picked":"Underhanded Strike","floor":8},{"not_picked":["Malaise","Distraction","Slice"],"picked":"Skewer","floor":10},{"not_picked":["Well Laid Plans","Deadly Poison","Outmaneuver"],"picked":"Dagger Throw","floor":12},{"not_picked":["Cloak And Dagger","Bane","Dagger Spray"],"picked":"Slice","floor":14},{"not_picked":["Glass Knife","Doppelganger","Tactician"],"picked":"Phantasmal Killer","floor":16},{"not_picked":["Sucker Punch","Riddle With Holes+1","Backflip+1"],"picked":"Dagger Throw","floor":18},{"not_picked":["Sucker Punch","Riddle With Holes","Outmaneuver"],"picked":"Crippling Poison","floor":20},{"not_picked":["Prepared","Deadly Poison","Acrobatics"],"picked":"Underhanded Strike","floor":22},{"not_picked":["Corpse Explosion","PiercingWail","Poisoned Stab"],"picked":"Footwork","floor":24},{"not_picked":["Quick Slash","Flying Knee","Doppelganger"],"picked":"Predator+1","floor":27},{"not_picked":["Leg Sweep","Skewer","Flying Knee"],"picked":"PiercingWail","floor":28},{"not_picked":["Predator","PiercingWail","Prepared+1"],"picked":"Blur","floor":31},{"not_picked":["Prepared","Outmaneuver","Flechettes+1"],"picked":"Underhanded Strike","floor":32},{"not_picked":["Unload","Wraith Form v2","Envenom"],"picked":"Bullet Time","floor":33},{"not_picked":["Well Laid Plans","Outmaneuver+1","Dagger Throw+1"],"picked":"Noxious Fumes+1","floor":35},{"not_picked":["Masterful Stab","Dagger Throw","Poisoned Stab"],"picked":"Outmaneuver+1","floor":36},{"not_picked":["Well Laid Plans","Poisoned Stab","Cloak And Dagger"],"picked":"Dagger Throw","floor":38},{"not_picked":["Cloak And Dagger","Endless Agony","Sucker Punch+1"],"picked":"Deflect+1","floor":39},{"not_picked":["Bouncing Flask+1","Dagger Spray","Corpse Explosion"],"picked":"Slice","floor":40},{"not_picked":["Calculated Gamble+1","Outmaneuver","Setup"],"picked":"Terror+1","floor":42},{"not_picked":["Footwork+1","Predator+1","Accuracy"],"picked":"Flechettes+1","floor":45},{"not_picked":["Dagger Throw","Tools of the Trade","Calculated Gamble"],"picked":"Blur","floor":46}],"player_experience":1012287,"relics_obtained":[{"floor":7,"key":"Ancient Tea Set"},{"floor":9,"key":"Question Card"},{"floor":24,"key":"Turnip"},{"floor":26,"key":"Dream Catcher"},{"floor":41,"key":"Calipers"},{"floor":43,"key":"Oddly Smooth Stone"}],"event_choices":[{"event_name":"Wheel of Change","player_choice":"Card Removal","floor":19,"damage_taken":0},{"event_name":"Ghosts","player_choice":"Ignored","floor":21,"damage_taken":0},{"event_name":"Nest","player_choice":"Stole From Cult","floor":30,"damage_taken":0},{"event_name":"MindBloom","player_choice":"Fight","floor":41,"damage_taken":0},{"event_name":"Tomb of Lord Red Mask","player_choice":"Paid","floor":44,"damage_taken":0}],"boss_relics":[{"not_picked":["Philosopher\u0027s Stone","Lizard Tail"],"picked":"Sozu"},{"not_picked":["Runic Dome","Velvet Choker"],"picked":"Black Star"}],"items_purged_floors":[29],"is_endless":false,"potions_floor_spawned":[4,7,8,14,18,33,35,39,45,46],"killed_by":"Maw","ascension_level":5}