{"gold_per_floor":[112,122,122,145,1,71,35,35,60,60,85,12,12,25,25,153,153,178,101,101,120,144,144,162,181,181,69,69,107,107,122,122,122],"floor_reached":33,"playtime":1254,"items_purged":["Slice","Strike_G"],"score":267,"play_id":"ab9a22d4-aeb7-4b58-ab44-d674df630af4","local_time":"20180723133211","is_ascension_mode":false,"campfire_choices":[{"data":"All Out Attack","floor":8,"key":"SMITH"},{"data":"Neutralize","floor":10,"key":"SMITH"},{"data":"Catalyst","floor":13,"key":"SMITH"},{"data":"Noxious Fumes","floor":15,"key":"SMITH"},{"floor":23,"key":"REST"},{"floor":30,"key":"REST"},{"floor":32,"key":"REST"}],"neow_cost":"NONE","seed_source_timestamp":330131172286991,"circlet_count":0,"master_deck":["Defend_G","Defend_G","Defend_G","Defend_G","Defend_G","Strike_G","Strike_G","Strike_G","Strike_G","Survivor","Neutralize+1","All Out Attack+1","PiercingWail","Noxious Fumes+1","Caltrops","Well Laid Plans","Catalyst+1","Skewer","Venomology","Catalyst","Footwork","Backflip","Acrobatics","Skewer+1","J.A.X.","Backflip+1","Venomology","Dagger Throw+1","A Thousand Cuts","Malaise"],"relics":["Velvet Choker","Golden Idol","Tiny Chest","Bag of Preparation","Orrery","The Courier","Smiling Mask","Kunai","Letter Opener"],"potions_floor_usage":[6,16,16,18,24,24,25,25,29,29,29,31,33,33,33,33,33],"damage_taken":[{"damage":0,"enemies":"2 Louse","floor":1,"turns":2},{"damage":0,"enemies":"Jaw Worm","floor":2,"turns":3},{"damage":4,"enemies":"Cultist","floor":4,"turns":3},{"damage":13,"enemies":"Lagavulin","floor":6,"turns":7},{"damage":1,"enemies":"Lots of Slimes","floor":11,"turns":2},{"damage":0,"enemies":"Looter","floor":14,"turns":3},{"damage":23,"enemies":"Slime Boss","floor":16,"turns":9},{"damage":23,"enemies":"Spheric Guardian","floor":18,"turns":5},{"damage":8,"enemies":"Chosen","floor":21,"turns":3},{"damage":12,"enemies":"Snecko","floor":22,"turns":5},{"damage":11,"enemies":"Sentry and Sphere","floor":24,"turns":6},{"damage":8,"enemies":"Slaver and Parasite","floor":25,"turns":7},{"damage":23,"enemies":"Gremlin Leader","floor":29,"turns":6},{"damage":19,"enemies":"Centurion and Healer","floor":31,"turns":7},{"damage":30,"enemies":"Automaton","floor":33,"turns":6}],"seed_played":"7801114231304615566","potions_obtained":[{"floor":1,"key":"Block Potion"},{"floor":2,"key":"Fire Potion"},{"floor":11,"key":"SkillPotion"},{"floor":18,"key":"Ancient Potion"},{"floor":22,"key":"SkillPotion"},{"floor":25,"key":"EssenceOfSteel"},{"floor":29,"key":"PowerPotion"}],"is_trial":false,"path_per_floor":["M","M","?","M","$","E","$","R","T","R","M","$","R","M","R","B",null,"M","?","T","M","M","R","M","M","T","$","T","E","R","M","R"],"character_chosen":"THE_SILENT","items_purchased":["Noxious Fumes","Well Laid Plans","Catalyst","A Thousand Cuts"],"campfire_rested":3,"item_purchase_floors":[5,7,12,27],"current_hp_per_floor":[70,70,53,49,49,36,36,36,36,36,35,35,35,35,35,12,70,47,47,47,39,27,48,37,29,29,29,29,6,27,8,29,0],"gold":122,"neow_bonus":"BOSS_RELIC","is_prod":false,"is_daily":false,"chose_seed":false,"campfire_upgraded":4,"win_rate":0,"timestamp":1532318531,"path_taken":["M","M","?","?","$","E","?","R","T","R","M","$","R","M","R","BOSS","M","?","?","M","M","R","M","?","T","$","?","E","R","?","R","BOSS"],"build_version":"2018-07-19v2","purchased_purges":2,"victory":false,"max_hp_per_floor":[70,70,70,70,70,70,70,70,70,70,70,70,70,70,70,70,70,70,70,70,70,70,70,70,70,70,70,70,70,70,70,70,70],"card_choices":[{"not_picked":["Endless Agony","PiercingWail"],"picked":"All Out Attack","floor":1},{"not_picked":["Backflip","Flechettes"],"picked":"Slice","floor":2},{"not_picked":["Predator","Slice"],"picked":"PiercingWail","floor":4},{"not_picked":["Outmaneuver","Acrobatics"],"picked":"Caltrops","floor":6},{"not_picked":["Slice","Quick Slash","Backflip"],"picked":"SKIP","floor":11},{"not_picked":["Quick Slash","Eviscerate"],"picked":"Skewer","floor":14},{"not_picked":["Grand Finale","Doppelganger"],"picked":"Venomology","floor":16},{"not_picked":["Cloak And Dagger","Footwork"],"picked":"Catalyst","floor":17},{"not_picked":["Flying Knee","Deadly Poison"],"picked":"Footwork","floor":17},{"not_picked":["Flying Knee","Deflect"],"picked":"Backflip","floor":17},{"not_picked":["Expertise","Slice"],"picked":"Acrobatics","floor":17},{"not_picked":["Outmaneuver","Sucker Punch"],"picked":"Skewer+1","floor":18},{"not_picked":["Quick Slash","Dagger Throw"],"picked":"Backflip+1","floor":21},{"not_picked":["Blur","PiercingWail"],"picked":"Venomology","floor":22},{"not_picked":["Backflip","Calculated Gamble","PiercingWail"],"picked":"SKIP","floor":24},{"not_picked":["Acrobatics+1","PiercingWail"],"picked":"Dagger Throw+1","floor":25},{"not_picked":["PiercingWail","Dagger Spray"],"picked":"Malaise","floor":29},{"not_picked":["Eviscerate+1","Dash","Endless Agony+1"],"picked":"SKIP","floor":31}],"player_experience":239707,"relics_obtained":[{"floor":6,"key":"Tiny Chest"},{"floor":9,"key":"Bag of Preparation"},{"floor":20,"key":"The Courier"},{"floor":26,"key":"Smiling Mask"},{"floor":28,"key":"Kunai"},{"floor":29,"key":"Letter Opener"}],"event_choices":[{"event_name":"Golden Idol","player_choice":"Take Damage","floor":3,"damage_taken":0},{"event_name":"Drug Dealer","player_choice":"Got JAXXED","floor":19,"damage_taken":0}],"is_beta":false,"boss_relics":[{"not_picked":["Coffee Dripper","Busted Crown"],"picked":"Orrery"}],"items_purged_floors":[5,27],"is_endless":false,"potions_floor_spawned":[1,2,11,18,22,25,29],"killed_by":"Automaton","ascension_level":0}