{"gold_per_floor":[209,219,219,144,161,161,189,189,189,220,42,70,70,90,90,169,169,140,40,40,40,90,90,116,128,179,179],"floor_reached":27,"playtime":1415,"items_purged":["Strike_B","Strike_B"],"score":469,"play_id":"3a4a2fcb-22d8-4179-8509-61f8b9e2ccbd","local_time":"20181224064941","is_ascension_mode":true,"campfire_choices":[{"data":"Darkness","floor":6.0,"key":"SMITH"},{"floor":8.0,"key":"REST"},{"floor":13.0,"key":"REST"},{"floor":15.0,"key":"REST"},{"floor":23.0,"key":"REST"}],"neow_cost":"NONE","seed_source_timestamp":0,"circlet_count":0,"master_deck":["AscendersBane","Defend_B","Defend_B","Defend_B","Zap","Dualcast","Darkness+1","Glacier","Coolheaded","Loop","Machine Learning","Capacitor","Coolheaded","Rip and Tear","Coolheaded","Core Surge","Stack","Steam Power","Sweeping Beam","Loop","Sweeping Beam"],"special_seed":0,"relics":["Cracked Core","Sundial","PreservedInsect","Blue Candle","Strawberry","Velvet Choker","Juzu Bracelet","Bronze Scales"],"potions_floor_usage":[],"damage_taken":[{"damage":0.0,"enemies":"2 Louse","floor":1.0,"turns":1.0},{"damage":20.0,"enemies":"Small Slimes","floor":2.0,"turns":4.0},{"damage":0.0,"enemies":"Cultist","floor":5.0,"turns":4.0},{"damage":25.0,"enemies":"Gremlin Nob","floor":7.0,"turns":4.0},{"damage":20.0,"enemies":"3 Sentries","floor":10.0,"turns":8.0},{"damage":31.0,"enemies":"Gremlin Nob","floor":12.0,"turns":4.0},{"damage":4.0,"enemies":"Blue Slaver","floor":14.0,"turns":5.0},{"damage":25.0,"enemies":"Slime Boss","floor":16.0,"turns":11.0},{"damage":35.0,"enemies":"2 Thieves","floor":18.0,"turns":4.0},{"damage":41,"enemies":"Gremlin Leader","floor":24,"turns":9},{"damage":11,"enemies":"Chosen","floor":25,"turns":6},{"damage":15,"enemies":"Colosseum Slavers","floor":27,"turns":1}],"seed_played":"-4242732990312689186","potions_obtained":[{"floor":1.0,"key":"LiquidBronze"},{"floor":7.0,"key":"Fire Potion"},{"floor":10.0,"key":"GamblersBrew"},{"floor":24,"key":"SpeedPotion"}],"is_trial":false,"path_per_floor":["M","M","?","?","M","R","E","R","T","E","$","E","R","M","R","B",null,"M","$","?","?","?","R","E","M","T","?"],"character_chosen":"DEFECT","items_purchased":["Capacitor","Coolheaded"],"campfire_rested":4,"item_purchase_floors":[11,11],"current_hp_per_floor":[64,44,67,67,67,67,42,63,63,43,43,19,42,38,61,36,68,33,33,33,33,33,56,15,4,4,0],"gold":179,"neow_bonus":"HUNDRED_GOLD","is_prod":false,"is_daily":false,"chose_seed":false,"campfire_upgraded":1,"win_rate":0,"timestamp":1545652181,"path_taken":["M","M","?","?","M","R","E","R","T","E","$","E","R","M","R","BOSS","M","$","?","?","?","R","E","M","T","?"],"build_version":"2018-12-20","purchased_purges":2,"victory":false,"max_hp_per_floor":[71,71,71,71,71,71,71,71,71,71,71,78,78,78,78,78,78,78,78,78,78,78,78,78,78,78,78],"card_choices":[{"not_picked":["Aggregate","Turbo"],"picked":"Darkness","floor":1.0},{"not_picked":["Rebound","Rip and Tear"],"picked":"Glacier","floor":2.0},{"not_picked":["Aggregate","Leap"],"picked":"Coolheaded","floor":5.0},{"not_picked":["Aggregate","Blizzard"],"picked":"Loop","floor":7.0},{"not_picked":["Force Field","Turbo"],"picked":"Machine Learning","floor":10.0},{"not_picked":["Compile Driver","Sweeping Beam"],"picked":"Rip and Tear","floor":12.0},{"not_picked":["Beam Cell","Gash"],"picked":"Coolheaded","floor":14.0},{"not_picked":["Meteor Strike","Multi-Cast"],"picked":"Core Surge","floor":16.0},{"not_picked":["Rebound","Reprogram"],"picked":"Stack","floor":18.0},{"not_picked":["Melter","Scrape"],"picked":"Loop","floor":24},{"not_picked":["Rebound","Lockon"],"picked":"Sweeping Beam","floor":25}],"player_experience":1944404,"relics_obtained":[{"floor":7.0,"key":"Sundial"},{"floor":9.0,"key":"PreservedInsect"},{"floor":10.0,"key":"Blue Candle"},{"floor":12.0,"key":"Strawberry"},{"floor":24,"key":"Juzu Bracelet"},{"floor":26,"key":"Bronze Scales"}],"event_choices":[{"damage_healed":23.0,"max_hp_gain":0.0,"max_hp_loss":0.0,"gold_gain":0.0,"event_name":"Big Fish","player_choice":"Banana","floor":3.0,"gold_loss":0.0,"damage_taken":0.0},{"cards_removed":["Strike_B"],"damage_healed":0.0,"max_hp_gain":0.0,"max_hp_loss":0.0,"gold_gain":0.0,"event_name":"The Cleric","player_choice":"Card Removal","floor":4.0,"gold_loss":75.0,"damage_taken":0.0},{"damage_healed":0.0,"max_hp_gain":0.0,"max_hp_loss":0.0,"gold_gain":0.0,"cards_transformed":["Defend_B","Strike_B"],"event_name":"Drug Dealer","player_choice":"Became Test Subject","floor":20.0,"gold_loss":0.0,"damage_taken":0.0,"cards_obtained":["Steam Power","Sweeping Beam"]},{"damage_healed":0.0,"max_hp_gain":0.0,"max_hp_loss":0.0,"gold_gain":0.0,"event_name":"Vampires","player_choice":"Ignored","floor":21.0,"gold_loss":0.0,"damage_taken":0.0},{"damage_healed":0.0,"max_hp_gain":0.0,"max_hp_loss":0.0,"gold_gain":50.0,"event_name":"Golden Shrine","player_choice":"Pray","floor":22.0,"gold_loss":0.0,"damage_taken":0.0},{"damage_healed":0,"gold_gain":0,"player_choice":"Fight","damage_taken":0,"max_hp_gain":0,"max_hp_loss":0,"event_name":"Colosseum","floor":27,"gold_loss":0}],"is_beta":false,"boss_relics":[{"not_picked":["Astrolabe","Busted Crown"],"picked":"Velvet Choker"}],"items_purged_floors":[11,19],"is_endless":false,"potions_floor_spawned":[1,7,10,14,24],"killed_by":"Colosseum Slavers","ascension_level":18}