{"gold_per_floor":[117,127,127,56,56,56,91,91,91,106,106,31,56,75,75,206,206,221,47,47,66,91,91,106,106,106,106,120,135,135,60,60,60],"floor_reached":33,"playtime":1830,"items_purged":["Strike_G","Strike_G"],"score":431,"play_id":"f4527248-d788-450b-b3b3-dfe0fbd57fa4","local_time":"20180804183019","is_ascension_mode":true,"campfire_choices":[{"floor":6.0,"key":"REST"},{"floor":8.0,"key":"REST"},{"floor":15.0,"key":"REST"},{"floor":23,"key":"REST"},{"floor":27,"key":"REST"},{"floor":30,"key":"REST"},{"floor":32,"key":"REST"}],"neow_cost":"NONE","seed_source_timestamp":0,"circlet_count":0,"master_deck":["Defend_G","Defend_G","Defend_G","Defend_G","Defend_G","Strike_G","Strike_G+1","Survivor","Neutralize+1","Dash","Deadly Poison","Footwork","Caltrops","PiercingWail","Noxious Fumes","Cloak And Dagger","Night Terror","Catalyst","Footwork","Poisoned Stab","Die Die Die+1","Writhe","PiercingWail+1","Blur"],"special_seed":0,"relics":["Fusion Hammer","Oddly Smooth Stone","Matryoshka","Golden Idol","Eternal Feather","The Courier","Singing Bowl","Whetstone"],"potions_floor_usage":[16,16],"damage_taken":[{"damage":1.0,"enemies":"Small Slimes","floor":1.0,"turns":4.0},{"damage":0.0,"enemies":"2 Louse","floor":2.0,"turns":3.0},{"damage":11.0,"enemies":"3 Sentries","floor":7.0,"turns":10.0},{"damage":0.0,"enemies":"Jaw Worm","floor":10.0,"turns":3.0},{"damage":0.0,"enemies":"Blue Slaver","floor":13.0,"turns":4.0},{"damage":13.0,"enemies":"Exordium Thugs","floor":14.0,"turns":5.0},{"damage":0,"enemies":"The Guardian","floor":16,"turns":10},{"damage":25,"enemies":"Spheric Guardian","floor":18,"turns":7},{"damage":25,"enemies":"Shell Parasite","floor":21,"turns":5},{"damage":11,"enemies":"Chosen and Byrds","floor":22,"turns":8},{"damage":24,"enemies":"Cultist and Chosen","floor":24,"turns":10},{"damage":35,"enemies":"Sentry and Sphere","floor":28,"turns":6},{"damage":32,"enemies":"Centurion and Healer","floor":29,"turns":7},{"damage":86,"enemies":"Champ","floor":33,"turns":17}],"seed_played":"-4719971006109681339","potions_obtained":[{"floor":1.0,"key":"Weak Potion"},{"floor":7.0,"key":"Fire Potion"},{"floor":24,"key":"FairyPotion"}],"is_trial":false,"path_per_floor":["M","M","?","$","?","R","E","R","T","M","?","$","M","M","R","B",null,"M","$","?","M","M","R","M","?","T","R","M","M","R","?","R"],"character_chosen":"THE_SILENT","items_purchased":["Footwork","Footwork"],"campfire_rested":7,"item_purchase_floors":[4,19],"current_hp_per_floor":[62,62,67,67,67,75,64,75,75,75,57,57,57,44,66,66,73,48,48,48,23,12,46,22,22,22,56,21,1,38,38,72,0],"gold":60,"neow_bonus":"BOSS_RELIC","is_prod":false,"is_daily":false,"chose_seed":false,"campfire_upgraded":0,"win_rate":0,"timestamp":1533421819,"path_taken":["M","M","?","$","?","R","E","R","T","M","?","?","?","?","R","BOSS","M","$","?","M","M","R","M","?","T","R","M","M","R","?","R","BOSS"],"build_version":"2018-08-02","purchased_purges":2,"victory":false,"max_hp_per_floor":[70,70,75,75,75,75,75,75,75,75,75,75,75,75,75,75,75,75,75,75,75,75,75,75,75,75,75,75,75,75,75,75,75],"card_choices":[{"not_picked":["Backstab","PiercingWail"],"picked":"Dash","floor":1.0},{"not_picked":["Reflex","Sucker Punch"],"picked":"Deadly Poison","floor":2.0},{"not_picked":["Acrobatics","Underhanded Strike"],"picked":"Caltrops","floor":7.0},{"not_picked":["Storm of Steel","Prepared"],"picked":"PiercingWail","floor":10.0},{"not_picked":["Crippling Poison","Distraction"],"picked":"Noxious Fumes","floor":13.0},{"not_picked":["Deflect","Terror"],"picked":"Cloak And Dagger","floor":14.0},{"not_picked":["Envenom","Unload"],"picked":"Night Terror","floor":16},{"not_picked":["Bouncing Flask","Acrobatics"],"picked":"Catalyst","floor":18},{"not_picked":["Masterful Stab","Tactician","Finisher"],"picked":"SKIP","floor":21},{"not_picked":["Bane+1","Acrobatics+1"],"picked":"Poisoned Stab","floor":22},{"not_picked":["Cloak And Dagger","Deadly Poison"],"picked":"Die Die Die","floor":24},{"not_picked":["Flying Knee+1","Blade Dance"],"picked":"PiercingWail+1","floor":28},{"not_picked":["Dagger Throw","Acrobatics+1"],"picked":"Blur","floor":29}],"player_experience":1423451,"relics_obtained":[{"floor":7.0,"key":"Oddly Smooth Stone"},{"floor":9.0,"key":"Matryoshka"},{"floor":26,"key":"Singing Bowl"},{"floor":26,"key":"Whetstone"}],"event_choices":[{"event_name":"Big Fish","player_choice":"Donut","floor":3.0,"damage_taken":0.0},{"event_name":"Living Wall","player_choice":"Grow","floor":5.0,"damage_taken":0.0},{"event_name":"Golden Idol","player_choice":"Take Damage","floor":11.0,"damage_taken":0.0},{"event_name":"Cursed Tome","player_choice":"Ignored","floor":20,"damage_taken":0},{"event_name":"The Mausoleum","player_choice":"Yes","floor":25,"damage_taken":0},{"event_name":"Beggar","player_choice":"Gave Gold","floor":31,"damage_taken":0}],"is_beta":false,"boss_relics":[{"not_picked":["WristBlade","Calling Bell"],"picked":"Eternal Feather"}],"items_purged_floors":[12,19],"is_endless":false,"potions_floor_spawned":[1,7,24],"killed_by":"Champ","ascension_level":9}