{"gold_per_floor":[18,31,47,61,74,74,85,95,145,165,265,64,96,111,111,207,207,226,80,80,97,115,115,128,147,147,147,177,189,201,225,237,344,356,380,407,430,442],"floor_reached":38,"playtime":2065,"items_purged":[],"score":467,"play_id":"f121ab9a-d706-47a7-8be8-9f1275550e28","local_time":"20181025114517","is_ascension_mode":true,"campfire_choices":[{"data":"Neutralize","floor":6.0,"key":"SMITH"},{"data":"Sucker Punch","floor":15.0,"key":"SMITH"},{"data":"Catalyst","floor":23.0,"key":"SMITH"},{"floor":27.0,"key":"REST"},{"floor":30.0,"key":"REST"},{"data":"Phantasmal Killer","floor":32.0,"key":"SMITH"}],"neow_cost":"NO_GOLD","seed_source_timestamp":0,"circlet_count":0,"master_deck":["Defend_G","Defend_G","Defend_G","Defend_G","Strike_G","Survivor","Neutralize+1","Backstab","All Out Attack","Dagger Throw","Backflip","Quick Slash","Bullet Time","Sucker Punch+1","Die Die Die","Well Laid Plans","Envenom","Prepared+1","Cloak And Dagger+1","Poisoned Stab+1","Caltrops","Bouncing Flask","Dagger Throw+1","Catalyst+1","Catalyst+1","Doppelganger","Phantasmal Killer+1","Expertise","Malaise","Poisoned Stab+1","All Out Attack+1"],"special_seed":0,"relics":["Ring of the Snake","Tingsha","Oddly Smooth Stone","Sling","Orichalcum","Astrolabe","Enchiridion","Anchor","MawBank","Philosopher\u0027s Stone"],"potions_floor_usage":[36,37],"damage_taken":[{"damage":0.0,"enemies":"Cultist","floor":1.0,"turns":3.0},{"damage":0.0,"enemies":"Small Slimes","floor":2.0,"turns":2.0},{"damage":0.0,"enemies":"Jaw Worm","floor":3.0,"turns":3.0},{"damage":0.0,"enemies":"3 Louse","floor":4.0,"turns":2.0},{"damage":0.0,"enemies":"Large Slime","floor":5.0,"turns":5.0},{"damage":0.0,"enemies":"Gremlin Gang","floor":7.0,"turns":3.0},{"damage":0.0,"enemies":"Looter","floor":8.0,"turns":3.0},{"damage":0.0,"enemies":"2 Fungi Beasts","floor":10.0,"turns":3.0},{"damage":11.0,"enemies":"Lagavulin","floor":13.0,"turns":5.0},{"damage":0.0,"enemies":"3 Louse","floor":14.0,"turns":1.0},{"damage":39.0,"enemies":"Slime Boss","floor":16.0,"turns":12.0},{"damage":1.0,"enemies":"Shell Parasite","floor":18.0,"turns":6.0},{"damage":0.0,"enemies":"3 Byrds","floor":21.0,"turns":2.0},{"damage":8.0,"enemies":"Snecko","floor":22.0,"turns":5.0},{"damage":8.0,"enemies":"Centurion and Healer","floor":24.0,"turns":7.0},{"damage":2.0,"enemies":"Snake Plant","floor":25.0,"turns":2.0},{"damage":14.0,"enemies":"Gremlin Leader","floor":28.0,"turns":5.0},{"damage":12.0,"enemies":"3 Cultists","floor":31.0,"turns":5.0},{"damage":44.0,"enemies":"Champ","floor":33.0,"turns":12.0},{"damage":15.0,"enemies":"Orb Walker","floor":35.0,"turns":3.0},{"damage":10,"enemies":"3 Darklings","floor":36,"turns":8},{"damage":35,"enemies":"Sphere and 2 Shapes","floor":37,"turns":5},{"damage":17,"enemies":"Spire Growth","floor":38,"turns":2}],"seed_played":"6778504569124079702","potions_obtained":[{"floor":1.0,"key":"Weak Potion"},{"floor":3.0,"key":"AttackPotion"},{"floor":5.0,"key":"Fire Potion"},{"floor":13.0,"key":"EssenceOfSteel"},{"floor":16.0,"key":"GhostInAJar"},{"floor":22.0,"key":"Poison Potion"},{"floor":28.0,"key":"AttackPotion"},{"floor":35.0,"key":"GhostInAJar"},{"floor":36,"key":"SpeedPotion"}],"is_trial":false,"path_per_floor":["M","M","M","M","M","R","M","M","T","M","?","$","E","M","R","B",null,"M","$","?","M","M","R","M","M","T","R","E","?","R","M","R","B",null,"M","M","M"],"character_chosen":"THE_SILENT","items_purchased":["Sling","Caltrops","Bouncing Flask"],"campfire_rested":2,"item_purchase_floors":[12,19,19],"current_hp_per_floor":[70,70,70,70,70,70,70,70,70,70,70,70,59,59,59,20,70,69,69,53,53,45,45,37,35,35,56,42,42,63,51,51,7,70,55,45,10,0],"gold":442,"neow_bonus":"ONE_RARE_RELIC","is_prod":false,"is_daily":false,"chose_seed":false,"campfire_upgraded":4,"win_rate":0,"timestamp":1540485917,"path_taken":["M","?","M","M","M","R","M","M","T","M","?","$","E","?","R","BOSS","M","$","?","M","M","R","M","?","T","R","E","?","R","M","R","BOSS","M","M","M","M"],"build_version":"2018-10-24","purchased_purges":0,"victory":false,"max_hp_per_floor":[70,70,70,70,70,70,70,70,70,70,70,70,70,70,70,70,70,70,70,70,70,70,70,70,70,70,70,70,70,70,70,70,70,70,70,70,70,70],"card_choices":[{"not_picked":["All Out Attack","Deflect"],"picked":"Backstab","floor":1.0},{"not_picked":["Flying Knee","Catalyst"],"picked":"All Out Attack","floor":2.0},{"not_picked":["Caltrops","Acrobatics"],"picked":"Dagger Throw","floor":3.0},{"not_picked":["Dodge and Roll","Deflect"],"picked":"Backflip","floor":4.0},{"not_picked":["Endless Agony","Deflect"],"picked":"Quick Slash","floor":5.0},{"not_picked":["Acrobatics","Masterful Stab"],"picked":"Bullet Time","floor":7.0},{"not_picked":["Well Laid Plans","Outmaneuver"],"picked":"Sucker Punch","floor":8.0},{"not_picked":["Blade Dance","Outmaneuver","Backflip"],"picked":"SKIP","floor":10.0},{"not_picked":["Quick Slash","Dagger Throw"],"picked":"Die Die Die","floor":13.0},{"not_picked":["Cloak And Dagger","PiercingWail"],"picked":"Well Laid Plans","floor":14.0},{"not_picked":["Grand Finale","Bullet Time"],"picked":"Envenom","floor":16.0},{"not_picked":["Sucker Punch","Endless Agony","PiercingWail"],"picked":"SKIP","floor":18.0},{"not_picked":["Quick Slash","Underhanded Strike"],"picked":"Dagger Throw+1","floor":21.0},{"not_picked":["Underhanded Strike","Skewer+1"],"picked":"Catalyst","floor":22.0},{"not_picked":["Flying Knee","Slice","Bane"],"picked":"SKIP","floor":24.0},{"not_picked":["Skewer","Calculated Gamble+1"],"picked":"Catalyst+1","floor":25.0},{"not_picked":["Dash","Concentrate"],"picked":"Doppelganger","floor":28.0},{"not_picked":["Infinite Blades","Blade Dance","Outmaneuver"],"picked":"SKIP","floor":31.0},{"not_picked":["Glass Knife","A Thousand Cuts"],"picked":"Malaise","floor":33.0},{"not_picked":["Cloak And Dagger","Underhanded Strike+1"],"picked":"Poisoned Stab+1","floor":35.0},{"not_picked":["Tactician+1","Bane+1"],"picked":"All Out Attack+1","floor":36},{"not_picked":["Riddle With Holes","Underhanded Strike+1","Quick Slash"],"picked":"SKIP","floor":37}],"player_experience":466400,"relics_obtained":[{"floor":9.0,"key":"Oddly Smooth Stone"},{"floor":13.0,"key":"Orichalcum"},{"floor":20.0,"key":"Enchiridion"},{"floor":26.0,"key":"Anchor"},{"floor":28.0,"key":"MawBank"}],"event_choices":[{"damage_healed":0.0,"max_hp_gain":0.0,"max_hp_loss":0.0,"gold_gain":100.0,"event_name":"Golden Shrine","player_choice":"Pray","floor":11.0,"gold_loss":0.0,"damage_taken":0.0},{"damage_healed":0.0,"max_hp_gain":0.0,"max_hp_loss":0.0,"gold_gain":0.0,"event_name":"Cursed Tome","player_choice":"Obtained Book","floor":20.0,"gold_loss":0.0,"damage_taken":16.0},{"damage_healed":0.0,"max_hp_gain":0.0,"max_hp_loss":0.0,"gold_gain":0.0,"cards_transformed":["Defend_G","Strike_G"],"event_name":"Drug Dealer","player_choice":"Became Test Subject","floor":29.0,"gold_loss":0.0,"damage_taken":0.0,"cards_obtained":["Phantasmal Killer","Expertise"]}],"is_beta":true,"boss_relics":[{"not_picked":["Snecko Eye","Velvet Choker"],"picked":"Astrolabe"},{"not_picked":["Runic Dome","Runic Pyramid"],"picked":"Philosopher\u0027s Stone"}],"items_purged_floors":[],"is_endless":false,"potions_floor_spawned":[1,3,5,13,16,22,28,35,36],"killed_by":"Spire Growth","ascension_level":3}