{"gold_per_floor":[115,115,115,135,153,188,188,207,231,231,262,273,273,152,152,228,228,242,242,261,280,291,291,306,68,68,78,40,40,40,50,50,50],"floor_reached":33,"playtime":1084,"items_purged":["Strike_G"],"score":453,"play_id":"9ea0170d-6447-451a-8d2f-27db777973b3","local_time":"20180801201349","is_ascension_mode":true,"campfire_choices":[{"floor":7,"key":"REST"},{"data":"Dagger Spray","floor":10,"key":"SMITH"},{"floor":15,"key":"REST"},{"floor":23,"key":"REST"},{"floor":32,"key":"REST"}],"neow_cost":"","seed_source_timestamp":244667214608592,"circlet_count":0,"master_deck":["Defend_G+1","Defend_G+1","Defend_G+1","Defend_G+1","Strike_G+1","Strike_G+1","Survivor","Neutralize+1","AscendersBane","Dagger Throw+1","Dagger Spray+1","Dodge and Roll","Adrenaline","Dagger Throw","Flying Knee+1","All Out Attack+1","Adrenaline+1","Die Die Die+1","Backflip","Prepared","Poisoned Stab+1","Dodge and Roll","Cloak And Dagger","Footwork+1","Eviscerate+1","Dash+1"],"relics":["Ring of the Snake","Anchor","Bag of Preparation","Whetstone","Molten Egg 2","Astrolabe","Mummified Hand","Frozen Egg 2"],"potions_floor_usage":[16,33,33],"damage_taken":[{"damage":0,"enemies":"2 Louse","floor":1,"turns":4},{"damage":0,"enemies":"Cultist","floor":4,"turns":3},{"damage":2,"enemies":"Jaw Worm","floor":5,"turns":5},{"damage":45,"enemies":"Gremlin Nob","floor":6,"turns":6},{"damage":0,"enemies":"Exordium Wildlife","floor":8,"turns":2},{"damage":4,"enemies":"3 Sentries","floor":11,"turns":7},{"damage":0,"enemies":"3 Louse","floor":12,"turns":1},{"damage":27,"enemies":"Slime Boss","floor":16,"turns":7},{"damage":0,"enemies":"Spheric Guardian","floor":18,"turns":3},{"damage":0,"enemies":"Chosen","floor":20,"turns":4},{"damage":0,"enemies":"Sentry and Sphere","floor":21,"turns":3},{"damage":24,"enemies":"Slaver and Parasite","floor":22,"turns":5},{"damage":2,"enemies":"Cultist and Chosen","floor":24,"turns":3},{"damage":0,"enemies":"Centurion and Healer","floor":27,"turns":4},{"damage":6,"enemies":"Snake Plant","floor":31,"turns":3},{"damage":79,"enemies":"Champ","floor":33,"turns":17}],"seed_played":"-2760269180256854975","potions_obtained":[{"floor":5,"key":"LiquidBronze"},{"floor":6,"key":"Fire Potion"},{"floor":22,"key":"PowerPotion"}],"is_trial":false,"path_per_floor":["M","?","?","M","M","E","R","M","T","R","E","M","T","$","R","B",null,"M","?","M","M","M","R","M","$","T","M","$","?","?","M","R"],"character_chosen":"THE_SILENT","items_purchased":["Flying Knee+1","Mummified Hand","Footwork+1"],"campfire_rested":4,"item_purchase_floors":[14,25,28],"current_hp_per_floor":[59,59,59,59,57,12,31,31,31,31,27,27,27,27,46,19,54,54,54,54,54,30,49,47,47,47,47,47,47,47,41,60,0],"gold":50,"neow_bonus":"","is_prod":false,"is_daily":false,"chose_seed":false,"campfire_upgraded":1,"win_rate":0,"timestamp":1533147229,"path_taken":["M","?","?","M","M","E","R","M","T","R","E","?","?","$","R","BOSS","M","?","?","M","M","R","M","$","T","M","?","?","?","?","R","BOSS"],"build_version":"2018-07-26","purchased_purges":1,"victory":false,"max_hp_per_floor":[66,66,66,66,66,66,66,66,66,66,66,66,66,66,66,66,66,66,66,66,66,66,66,66,66,66,66,66,66,66,66,66,66],"card_choices":[{"not_picked":["Prepared","Bane"],"picked":"Dagger Throw","floor":1},{"not_picked":["Backflip","Outmaneuver"],"picked":"Dagger Spray","floor":4},{"not_picked":["Escape Plan","Bane"],"picked":"Dodge and Roll","floor":5},{"not_picked":["Dagger Throw","Outmaneuver"],"picked":"Slice","floor":6},{"not_picked":["Prepared","Finisher"],"picked":"Adrenaline","floor":8},{"not_picked":["Flying Knee","Bouncing Flask"],"picked":"Dagger Throw","floor":11},{"not_picked":["Dagger Spray","Underhanded Strike","Predator"],"picked":"SKIP","floor":12},{"not_picked":["Endless Agony+1","Quick Slash+1","Outmaneuver"],"picked":"SKIP","floor":18},{"not_picked":["Dagger Throw+1","Dodge and Roll"],"picked":"Backflip","floor":20},{"not_picked":["Flechettes+1","Crippling Poison"],"picked":"Prepared","floor":21},{"not_picked":["Crippling Poison","Predator+1"],"picked":"Poisoned Stab+1","floor":22},{"not_picked":["Slice+1","Dagger Throw+1"],"picked":"Dodge and Roll","floor":24},{"not_picked":["Predator+1","Acrobatics"],"picked":"Cloak And Dagger","floor":27},{"not_picked":["Predator+1","Prepared"],"picked":"Dash+1","floor":31}],"player_experience":1219824,"relics_obtained":[{"floor":6,"key":"Anchor"},{"floor":9,"key":"Bag of Preparation"},{"floor":11,"key":"Whetstone"},{"floor":13,"key":"Molten Egg 2"},{"floor":26,"key":"Frozen Egg 2"}],"event_choices":[{"event_name":"Accursed Blacksmith","player_choice":"Forge","floor":2,"damage_taken":0},{"event_name":"Living Wall","player_choice":"Grow","floor":3,"damage_taken":0},{"event_name":"Vampires","player_choice":"Ignored","floor":19,"damage_taken":0},{"event_name":"Back to Basics","player_choice":"Simplicity","floor":29,"damage_taken":0},{"event_name":"Transmorgrifier","player_choice":"Transform","floor":30,"damage_taken":0}],"is_beta":false,"boss_relics":[{"not_picked":["Busted Crown","Black Star"],"picked":"Astrolabe"}],"items_purged_floors":[14],"is_endless":false,"potions_floor_spawned":[5,6,12,22,31],"killed_by":"Champ","ascension_level":15}