{"gold_per_floor":[112,112,28,28,110,142,142,172,198,218,243,243,243,278,278,378,378,388,388,39,58,58,92,103,103,103,113,113,123,139,61,61,156,156,176,176,188,98,98,98,108,118,167,184,203,215,226,243,243,243],"floor_reached":50,"playtime":1422,"items_purged":[],"score":772,"play_id":"45f0ded7-36cc-4f49-9356-68d6e7f3a76c","local_time":"20181210214757","is_ascension_mode":true,"campfire_choices":[{"data":"Discovery","floor":7,"key":"SMITH"},{"data":"Immolate","floor":13,"key":"SMITH"},{"floor":15,"key":"REST"},{"floor":25,"key":"REST"},{"floor":32,"key":"REST"},{"data":"Limit Break","floor":40,"key":"SMITH"},{"floor":49,"key":"REST"}],"neow_cost":"NONE","seed_source_timestamp":14363748464751,"circlet_count":0,"master_deck":["Strike_R","Strike_R","Strike_R","Strike_R","Strike_R+1","Defend_R","Defend_R","Defend_R","Defend_R+1","Bash","Twin Strike","Discovery+1","Immolate+1","Demon Form+1","Perfected Strike","Limit Break+1","Ghostly Armor","Shrug It Off","Ghostly Armor","Iron Wave+1","Metallicize","Flex+1","Pummel+1","Feed+1","Body Slam+1","Clothesline+1","Flash of Steel+1","Reaper+1","Heavy Blade+1","Ghostly Armor+1","Armaments+1","Heavy Blade+1"],"relics":["Burning Blood","NeowsBlessing","Mercury Hourglass","Torii","Vajra","Bronze Scales","Happy Flower","Letter Opener","Sozu","Shuriken","Oddly Smooth Stone","Molten Egg 2","Orrery","Red Skull"],"potions_floor_usage":[27,50],"damage_taken":[{"damage":0,"enemies":"2 Louse","floor":1,"turns":1},{"damage":0,"enemies":"3 Sentries","floor":6,"turns":1},{"damage":0,"enemies":"Lagavulin","floor":8,"turns":1},{"damage":1,"enemies":"Jaw Worm","floor":10,"turns":3},{"damage":11,"enemies":"3 Sentries","floor":11,"turns":3},{"damage":35,"enemies":"Lagavulin","floor":14,"turns":4},{"damage":0,"enemies":"Slime Boss","floor":16,"turns":4},{"damage":6,"enemies":"2 Thieves","floor":18,"turns":2},{"damage":0,"enemies":"3 Byrds","floor":21,"turns":2},{"damage":26,"enemies":"Slavers","floor":23,"turns":4},{"damage":14,"enemies":"Centurion and Healer","floor":24,"turns":3},{"damage":17,"enemies":"Snake Plant","floor":27,"turns":2},{"damage":6,"enemies":"Shelled Parasite and Fungi","floor":29,"turns":4},{"damage":24,"enemies":"Snecko","floor":30,"turns":4},{"damage":16,"enemies":"Champ","floor":33,"turns":8},{"damage":1,"enemies":"3 Darklings","floor":35,"turns":5},{"damage":16,"enemies":"Orb Walker","floor":37,"turns":3},{"damage":49,"enemies":"Maw","floor":41,"turns":7},{"damage":27,"enemies":"Jaw Worm Horde","floor":42,"turns":2},{"damage":25,"enemies":"Spire Growth","floor":44,"turns":3},{"damage":0,"enemies":"4 Shapes","floor":45,"turns":4},{"damage":0,"enemies":"Sphere and 2 Shapes","floor":46,"turns":3},{"damage":9,"enemies":"Spire Growth","floor":47,"turns":3},{"damage":28,"enemies":"Jaw Worm Horde","floor":48,"turns":3},{"damage":51,"enemies":"Awakened One","floor":50,"turns":4}],"seed_played":"8570216273593388394","potions_obtained":[{"floor":1,"key":"Ancient Potion"},{"floor":8,"key":"LiquidBronze"}],"is_trial":false,"path_per_floor":["M","?","$","?","T","E","R","E","T","M","E","?","R","E","R","B",null,"M","?","$","M","$","E","M","R","T","M","?","M","M","$","R","B",null,"M","?","M","$","?","R","M","M","T","M","M","M","M","M","R","B"],"character_chosen":"IRONCLAD","items_purchased":["Discovery","Ghostly Armor","Shuriken","Shrug It Off","Pummel+1","Flash of Steel+1"],"campfire_rested":4,"item_purchase_floors":[3,20,20,20,31,38],"current_hp_per_floor":[78,78,78,62,62,68,68,74,74,79,74,74,74,45,69,75,79,79,79,79,80,80,60,52,76,76,65,65,65,47,47,71,61,75,80,80,70,70,70,70,35,32,32,32,38,44,41,24,49,0],"gold":243,"neow_bonus":"THREE_ENEMY_KILL","is_prod":false,"is_daily":false,"chose_seed":false,"campfire_upgraded":3,"win_rate":0,"timestamp":1544500077,"path_taken":["M","?","$","?","?","E","R","E","T","M","E","?","R","E","R","BOSS","M","?","$","M","?","E","M","R","T","M","?","M","?","$","R","BOSS","M","?","M","$","?","R","M","M","T","M","?","M","M","M","R","BOSS"],"build_version":"2018-12-06","purchased_purges":0,"victory":false,"max_hp_per_floor":[80,80,80,80,80,80,80,80,80,80,80,80,80,80,80,80,80,80,80,80,80,80,80,80,80,80,80,80,80,80,80,80,80,80,80,80,80,80,80,80,84,84,84,84,84,84,84,84,84,84],"card_choices":[{"not_picked":["Armaments","Body Slam"],"picked":"Twin Strike","floor":1},{"not_picked":["Iron Wave","Cleave"],"picked":"Immolate","floor":6},{"not_picked":["Entrench","Armaments"],"picked":"Demon Form","floor":8},{"not_picked":["Dual Wield","Twin Strike","Warcry"],"picked":"SKIP","floor":10},{"not_picked":["Rampage","Bloodletting","Combust"],"picked":"SKIP","floor":11},{"not_picked":["Havoc","Twin Strike"],"picked":"Perfected Strike","floor":14},{"not_picked":["Brutality","Double Tap"],"picked":"Limit Break","floor":16},{"not_picked":["Havoc","Anger","Cleave"],"picked":"SKIP","floor":18},{"not_picked":["Warcry","Anger"],"picked":"Ghostly Armor","floor":21},{"not_picked":["Cleave+1","Shrug It Off+1"],"picked":"Iron Wave+1","floor":23},{"not_picked":["Seeing Red","Sword Boomerang"],"picked":"Metallicize","floor":24},{"not_picked":["Blood for Blood+1","Cleave+1"],"picked":"Flex+1","floor":27},{"not_picked":["Sword Boomerang+1","Dropkick+1","Anger+1"],"picked":"SKIP","floor":29},{"not_picked":["Second Wind","Seeing Red","Headbutt+1"],"picked":"SKIP","floor":30},{"not_picked":["Bludgeon+1","Impervious"],"picked":"Feed+1","floor":33},{"not_picked":["Dropkick+1","Metallicize"],"picked":"Body Slam+1","floor":34},{"not_picked":["Cleave+1","Dual Wield+1"],"picked":"Clothesline+1","floor":35},{"not_picked":["Fire Breathing","Ghostly Armor","Corruption"],"picked":"SKIP","floor":37},{"not_picked":["Sword Boomerang+1","Wild Strike+1"],"picked":"Heavy Blade+1","floor":41},{"not_picked":["Heavy Blade+1","Cleave+1","Hemokinesis+1"],"picked":"SKIP","floor":42},{"not_picked":["Flex","Entrench","Pommel Strike+1"],"picked":"SKIP","floor":44},{"not_picked":["Blood for Blood+1","Warcry"],"picked":"Ghostly Armor+1","floor":45},{"not_picked":["Dual Wield","Juggernaut"],"picked":"Armaments+1","floor":46},{"not_picked":["Clash+1","Searing Blow+1","Flex"],"picked":"SKIP","floor":47},{"not_picked":["Headbutt+1","Inflame"],"picked":"Heavy Blade+1","floor":48}],"player_experience":570334,"relics_obtained":[{"floor":5,"key":"Mercury Hourglass"},{"floor":6,"key":"Torii"},{"floor":8,"key":"Vajra"},{"floor":9,"key":"Bronze Scales"},{"floor":11,"key":"Happy Flower"},{"floor":14,"key":"Letter Opener"},{"floor":23,"key":"Oddly Smooth Stone"},{"floor":26,"key":"Molten Egg 2"},{"floor":43,"key":"Red Skull"}],"event_choices":[{"damage_healed":0,"gold_gain":0,"player_choice":"Ignored","damage_taken":0,"max_hp_gain":0,"max_hp_loss":0,"event_name":"Golden Idol","floor":2,"gold_loss":0},{"damage_healed":0,"gold_gain":0,"player_choice":"Entered Light","damage_taken":16,"max_hp_gain":0,"max_hp_loss":0,"event_name":"Shining Light","floor":4,"gold_loss":0,"cards_upgraded":["Defend_R","Strike_R"]},{"damage_healed":0,"gold_gain":0,"player_choice":"Grow","damage_taken":0,"max_hp_gain":0,"max_hp_loss":0,"event_name":"Living Wall","floor":12,"gold_loss":0,"cards_upgraded":["Demon Form"]},{"damage_healed":0,"gold_gain":0,"player_choice":"Bought 0 Potions","damage_taken":0,"max_hp_gain":0,"max_hp_loss":0,"event_name":"The Woman in Blue","floor":19,"gold_loss":0},{"damage_healed":0,"gold_gain":0,"player_choice":"Leave","damage_taken":0,"max_hp_gain":0,"max_hp_loss":0,"event_name":"FaceTrader","floor":28,"gold_loss":0},{"damage_healed":0,"gold_gain":0,"player_choice":"Memory 1","damage_taken":0,"max_hp_gain":0,"max_hp_loss":0,"event_name":"SensoryStone","floor":36,"gold_loss":0},{"damage_healed":0,"gold_gain":0,"player_choice":"1 cards matched","damage_taken":0,"max_hp_gain":0,"max_hp_loss":0,"event_name":"Match and Keep!","floor":39,"gold_loss":0,"cards_obtained":["Reaper"]}],"is_beta":true,"boss_relics":[{"not_picked":["Black Blood","Runic Pyramid"],"picked":"Sozu"},{"not_picked":["Snecko Eye","Tiny House"],"picked":"Orrery"}],"items_purged_floors":[],"is_endless":false,"potions_floor_spawned":[1,8,18,21,24,27,30,37,42,45,48],"killed_by":"Awakened One","ascension_level":6}