{"path_per_floor":["M","?","$","?","M","R","$","M","T","R","M","T","?","$","R","B",null,"M","?","M","$","M","R","E","?","T","?","?","$","?","M","R","B",null,"M","?","?","M","?","E","?","R","T","R","$","?","?","M","R","B"],"character_chosen":"THE_SILENT","items_purchased":["Backflip","Infinite Blades","Noxious Fumes","Backflip","Noxious Fumes+1","Paper Crane"],"gold_per_floor":[113,113,65,65,76,76,6,17,17,17,31,54,54,15,15,110,110,95,95,105,57,69,69,97,97,123,123,123,42,42,53,53,151,151,167,214,214,234,234,265,265,265,288,288,35,35,0,17,17,17],"floor_reached":51,"campfire_rested":5,"playtime":2832,"item_purchase_floors":[3,7,14,21,29,45],"current_hp_per_floor":[77,82,82,82,82,82,82,82,82,82,82,82,82,82,82,82,82,67,82,75,75,59,82,42,42,42,42,42,42,42,33,57,22,82,82,63,53,49,49,35,35,59,59,82,82,59,59,52,76,37],"items_purged":[],"gold":17,"score":996,"play_id":"17e97786-f9e1-4229-87fb-d5cdac92e31f","local_time":"20180613180858","is_prod":false,"is_daily":false,"chose_seed":false,"is_ascension_mode":true,"campfire_upgraded":3,"win_rate":0,"timestamp":1528927738,"campfire_choices":[{"data":"Noxious Fumes","floor":6,"key":"SMITH"},{"data":"Infinite Blades","floor":10,"key":"SMITH"},{"data":"Noxious Fumes","floor":15,"key":"SMITH"},{"floor":23,"key":"REST"},{"floor":32,"key":"REST"},{"floor":42,"key":"REST"},{"floor":44,"key":"REST"},{"floor":49,"key":"REST"}],"path_taken":["M","?","$","?","?","R","$","M","T","R","M","?","?","$","R","BOSS","M","?","M","$","M","R","E","?","T","?","?","$","?","M","R","BOSS","M","?","?","M","?","E","?","R","T","R","$","?","?","M","R","BOSS"],"build_version":"2018-06-07v3","seed_source_timestamp":599193270189035,"purchased_purges":0,"victory":true,"master_deck":["Defend_G+1","Defend_G+1","Defend_G+1","Defend_G+1","Defend_G+1","Strike_G+1","Strike_G+1","Strike_G+1","Survivor","Neutralize","PiercingWail","Backflip","Noxious Fumes+1","Infinite Blades+1","Cloak And Dagger+1","Crippling Poison+1","Noxious Fumes+1","After Image","Cloak And Dagger","Terror","Backflip","Noxious Fumes+1","PiercingWail","Burst","Noxious Fumes+1","Bouncing Flask+1","Madness","Madness","Terror","Crippling Poison+1","Wraith Form v2+1"],"max_hp_per_floor":[77,82,82,82,82,82,82,82,82,82,82,82,82,82,82,82,82,82,82,82,82,82,82,82,82,82,82,82,82,82,82,82,82,82,82,82,82,82,82,82,82,82,82,82,82,82,82,82,82,82],"relics":["Ring of the Snake","Ornamental Fan","Juzu Bracelet","Philosopher\u0027s Stone","Frozen Egg 2","War Paint","Bronze Scales","White Beast Statue","Sundial","Orichalcum","Bag of Preparation","Paper Crane","Du-Vu Doll","Red Mask"],"card_choices":[{"not_picked":["Riddle With Holes","Prepared"],"picked":"PiercingWail","floor":1},{"not_picked":["Malaise","Quick Slash"],"picked":"Noxious Fumes","floor":5},{"not_picked":["Poisoned Stab","Sucker Punch"],"picked":"Cloak And Dagger","floor":8},{"not_picked":["PiercingWail","Flying Knee"],"picked":"Crippling Poison","floor":11},{"not_picked":["Tools of the Trade","Envenom"],"picked":"After Image","floor":16},{"not_picked":["Acrobatics","Deflect"],"picked":"Cloak And Dagger","floor":18},{"not_picked":["Cloak And Dagger","Sucker Punch"],"picked":"Terror","floor":20},{"not_picked":["Masterful Stab","Sucker Punch+1","Bane"],"picked":"SKIP","floor":22},{"not_picked":["Tactician","Quick Slash","Concentrate"],"picked":"SKIP","floor":24},{"not_picked":["Prepared","Deflect+1"],"picked":"PiercingWail","floor":31},{"not_picked":["Corpse Explosion","Unload"],"picked":"Burst","floor":33},{"not_picked":["Cloak And Dagger","Infinite Blades+1"],"picked":"Noxious Fumes+1","floor":35},{"not_picked":["Cloak And Dagger+1","Blur"],"picked":"Bouncing Flask+1","floor":36},{"not_picked":["Deflect","Prepared"],"picked":"Terror","floor":38},{"not_picked":["Leg Sweep+1","Flying Knee+1"],"picked":"Crippling Poison+1","floor":40},{"not_picked":["Backflip","Quick Slash+1"],"picked":"Wraith Form v2+1","floor":48}],"player_experience":520607,"potions_floor_usage":[16,16,16,33,38,40,40,46,50,50],"damage_taken":[{"damage":0,"enemies":"Small Slimes","floor":1,"turns":5},{"damage":0,"enemies":"2 Louse","floor":5,"turns":4},{"damage":0,"enemies":"Jaw Worm","floor":8,"turns":5},{"damage":0,"enemies":"Red Slaver","floor":11,"turns":5},{"damage":0,"enemies":"Hexaghost","floor":16,"turns":9},{"damage":15,"enemies":"2 Thieves","floor":18,"turns":4},{"damage":7,"enemies":"Shell Parasite","floor":20,"turns":7},{"damage":16,"enemies":"Snake Plant","floor":22,"turns":6},{"damage":40,"enemies":"Book of Stabbing","floor":24,"turns":7},{"damage":9,"enemies":"Snecko","floor":31,"turns":5},{"damage":35,"enemies":"Collector","floor":33,"turns":8},{"damage":0,"enemies":"3 Shapes","floor":35,"turns":6},{"damage":19,"floor":36,"turns":6},{"damage":4,"enemies":"3 Darklings","floor":38,"turns":4},{"damage":14,"enemies":"Nemesis","floor":40,"turns":7},{"damage":23,"floor":46,"turns":6},{"damage":7,"enemies":"Sphere and 2 Shapes","floor":48,"turns":4},{"damage":39,"enemies":"Donu and Deca","floor":50,"turns":9}],"relics_obtained":[{"floor":9,"key":"Ornamental Fan"},{"floor":12,"key":"Juzu Bracelet"},{"floor":24,"key":"Frozen Egg 2"},{"floor":26,"key":"War Paint"},{"floor":36,"key":"Sundial"},{"floor":40,"key":"Orichalcum"},{"floor":43,"key":"Bag of Preparation"},{"floor":46,"key":"Du-Vu Doll"}],"event_choices":[{"event_name":"Big Fish","player_choice":"Donut","floor":2,"damage_taken":0},{"event_name":"Bonfire Elementals","player_choice":"BASIC","floor":4,"damage_taken":0},{"event_name":"The Lab","player_choice":"Got Potions","floor":13,"damage_taken":0},{"event_name":"The Library","player_choice":"Heal","floor":19,"damage_taken":0},{"event_name":"Back to Basics","player_choice":"Simplicity","floor":25,"damage_taken":0},{"event_name":"The Mausoleum","player_choice":"Yes","floor":27,"damage_taken":0},{"event_name":"The Woman in Blue","player_choice":"Bought 0 Potions","floor":28,"damage_taken":0},{"event_name":"Addict","player_choice":"Ignored","floor":30,"damage_taken":0},{"event_name":"Mysterious Sphere","player_choice":"Fight","floor":36,"damage_taken":0},{"event_name":"Winding Halls","player_choice":"Embrace Madness","floor":37,"damage_taken":0},{"event_name":"Falling","player_choice":"Removed Attack","floor":39,"damage_taken":0},{"event_name":"The Moai Head","player_choice":"Ignored","floor":41,"damage_taken":0},{"event_name":"MindBloom","player_choice":"Fight","floor":46,"damage_taken":0},{"event_name":"Tomb of Lord Red Mask","player_choice":"Paid","floor":47,"damage_taken":0}],"boss_relics":[{"not_picked":["Astrolabe","Snecko Eye"],"picked":"Philosopher\u0027s Stone"},{"not_picked":["Calling Bell","Tiny House"],"picked":"White Beast Statue"}],"items_purged_floors":[],"potions_floor_spawned":[5,8,31,33,35,36,38,40,46,48],"seed_played":"-2026405950691004826","ascension_level":1,"potions_obtained":[{"floor":5,"key":"Explosive Potion"},{"floor":8,"key":"Energy Potion"},{"floor":13,"key":"Energy Potion"},{"floor":31,"key":"Poison Potion"},{"floor":33,"key":"Block Potion"},{"floor":36,"key":"Block Potion"},{"floor":38,"key":"Dexterity Potion"},{"floor":40,"key":"Block Potion"},{"floor":46,"key":"SkillPotion"},{"floor":48,"key":"GamblersBrew"}],"is_trial":false}