{"gold_per_floor":[109,184,199,4,4,37,37,68,121,136,33,45,45,45,45,147,147,163,78,78,28,38,66,66,98,98,98,126,142,142,142],"floor_reached":31,"playtime":2600,"items_purged":[],"score":314,"play_id":"16524752-33be-4e06-b1bc-ea22831c9765","local_time":"20190210125034","is_ascension_mode":true,"campfire_choices":[{"data":"Creative AI","floor":7,"key":"SMITH"},{"data":"Zap","floor":15,"key":"SMITH"},{"data":"Conserve Battery","floor":24,"key":"SMITH"},{"floor":27,"key":"REST"}],"neow_cost":"NONE","seed_source_timestamp":7831405580291,"circlet_count":0,"master_deck":["Strike_B","Strike_B","Strike_B","Defend_B","Defend_B","Defend_B","Defend_B","Zap+1","Dualcast","FTL","Conserve Battery+1","Conserve Battery","Creative AI+1","Consume","Leap","Cold Snap","Leap","Capacitor","Seek","Leap","Regret","Cold Snap","Darkness+1","Coolheaded+1","Clumsy","White Noise","White Noise"],"relics":["Cracked Core","Art of War","Potion Belt","DataDisk","PreservedInsect","Cursed Key","StoneCalendar","The Courier","Regal Pillow","Bag of Marbles","Bottled Flame"],"potions_floor_usage":[6,8,8,8,8,8,12,23,23],"damage_taken":[{"damage":6,"enemies":"Jaw Worm","floor":1,"turns":3},{"damage":0,"enemies":"2 Louse","floor":3,"turns":2},{"damage":41,"enemies":"Lagavulin","floor":6,"turns":8},{"damage":9,"enemies":"3 Sentries","floor":8,"turns":7},{"damage":1,"enemies":"Small Slimes","floor":10,"turns":3},{"damage":9,"enemies":"Red Slaver","floor":12,"turns":3},{"damage":16,"enemies":"Slime Boss","floor":16,"turns":6},{"damage":1,"enemies":"Shell Parasite","floor":18,"turns":9},{"damage":9,"enemies":"Spheric Guardian","floor":22,"turns":5},{"damage":27,"enemies":"Book of Stabbing","floor":23,"turns":5},{"damage":44,"enemies":"Slavers","floor":25,"turns":7},{"damage":23,"enemies":"Gremlin Leader","floor":28,"turns":6},{"damage":6,"enemies":"Shelled Parasite and Fungi","floor":29,"turns":6},{"damage":11,"enemies":"Snake Plant","floor":31,"turns":2}],"seed_played":"-3102447174193666735","potions_obtained":[{"floor":1,"key":"Regen Potion"},{"floor":6,"key":"EntropicBrew"},{"floor":8,"key":"AttackPotion"},{"floor":10,"key":"Weak Potion"},{"floor":18,"key":"LiquidBronze"},{"floor":29,"key":"EntropicBrew"}],"is_trial":false,"path_per_floor":["M","?","M","$","?","E","R","E","T","M","$","M","?","$","R","B",null,"M","?","T","?","M","E","R","E","T","R","E","M","?","M"],"character_chosen":"DEFECT","items_purchased":["Art of War","Conserve Battery","Cold Snap","Leap"],"campfire_rested":1,"item_purchase_floors":[4,4,11,11],"current_hp_per_floor":[76,65,65,65,65,39,39,45,45,44,44,35,35,35,35,19,82,81,81,81,81,72,45,45,1,1,40,17,11,11,0],"gold":142,"neow_bonus":"TEN_PERCENT_HP_BONUS","is_prod":false,"is_daily":false,"chose_seed":false,"campfire_upgraded":3,"win_rate":0,"timestamp":1549831834,"path_taken":["M","?","M","$","?","E","R","E","T","M","?","M","?","$","R","BOSS","M","?","?","?","M","E","R","E","T","R","E","?","?","M"],"build_version":"2019-01-23","purchased_purges":0,"victory":false,"max_hp_per_floor":[82,82,82,82,82,82,82,82,82,82,82,82,82,82,82,82,82,82,82,82,82,82,82,82,82,82,82,82,82,82,82],"card_choices":[{"not_picked":["Turbo","Hologram"],"picked":"FTL","floor":1},{"not_picked":["Barrage","Coolheaded"],"picked":"Conserve Battery","floor":3},{"not_picked":["Barrage","Self Repair"],"picked":"Creative AI","floor":6},{"not_picked":["Hologram","Barrage"],"picked":"Consume","floor":8},{"not_picked":["Reprogram","Rebound"],"picked":"Leap","floor":10},{"not_picked":["Chill","Fusion"],"picked":"Capacitor","floor":12},{"not_picked":["Amplify","Multi-Cast"],"picked":"Seek","floor":16},{"not_picked":["Sweeping Beam","Hello World"],"picked":"Leap","floor":18},{"not_picked":["Steam","Redo"],"picked":"Cold Snap","floor":22},{"not_picked":["Leap","Fusion+1"],"picked":"Darkness+1","floor":23},{"not_picked":["Turbo","Go for the Eyes+1"],"picked":"Coolheaded+1","floor":25},{"not_picked":["Rebound","Barrage","Lockon"],"picked":"SKIP","floor":28},{"not_picked":["Gash","Redo"],"picked":"White Noise","floor":29}],"player_experience":324962,"relics_obtained":[{"floor":6,"key":"Potion Belt"},{"floor":8,"key":"DataDisk"},{"floor":9,"key":"PreservedInsect"},{"floor":20,"key":"The Courier"},{"floor":23,"key":"Regal Pillow"},{"floor":25,"key":"Bag of Marbles"},{"floor":28,"key":"Bottled Flame"}],"event_choices":[{"damage_healed":0,"gold_gain":75,"player_choice":"Gather Gold","damage_taken":11,"max_hp_gain":0,"max_hp_loss":0,"event_name":"World of Goop","floor":2,"gold_loss":0},{"damage_healed":0,"gold_gain":0,"player_choice":"Leave","damage_taken":0,"max_hp_gain":0,"max_hp_loss":0,"event_name":"The Cleric","floor":5,"gold_loss":0},{"cards_removed":["Strike_B"],"damage_healed":0,"gold_gain":0,"player_choice":"Offered Basic","damage_taken":0,"max_hp_gain":0,"max_hp_loss":0,"event_name":"Bonfire Elementals","floor":13,"gold_loss":0},{"damage_healed":0,"gold_gain":0,"player_choice":"Obtained Relic","damage_taken":0,"relics_obtained":["StoneCalendar"],"max_hp_gain":0,"max_hp_loss":0,"event_name":"Addict","floor":19,"gold_loss":85},{"damage_healed":0,"gold_gain":0,"player_choice":"Bet on Murderer","damage_taken":0,"max_hp_gain":0,"max_hp_loss":0,"event_name":"The Joust","floor":21,"gold_loss":50},{"damage_healed":0,"gold_gain":0,"player_choice":"Copied","damage_taken":0,"max_hp_gain":0,"max_hp_loss":0,"event_name":"Duplicator","floor":30,"gold_loss":0,"cards_obtained":["White Noise"]}],"is_beta":false,"boss_relics":[{"not_picked":["Ectoplasm","Busted Crown"],"picked":"Cursed Key"}],"items_purged_floors":[],"is_endless":false,"potions_floor_spawned":[1,6,8,10,18,29],"killed_by":"Snake Plant","ascension_level":1}