{"gold_per_floor":[116,126,143,143,218,218,228,262,289,309,329,347,367,39,39,136,136,148,133,133,58,0,25,25,59,59,84,104,114,114,133,133,133],"floor_reached":33,"playtime":2775,"items_purged":["Strike_G"],"score":435,"play_id":"96c9ec8a-27c7-4678-8dab-578dd02ed244","local_time":"20180705174423","is_ascension_mode":true,"campfire_choices":[{"data":"Neutralize","floor":6,"key":"SMITH"},{"floor":15,"key":"REST"},{"floor":24,"key":"REST"},{"floor":32,"key":"REST"}],"neow_cost":"TEN_PERCENT_HP_LOSS","seed_source_timestamp":762898136178677,"circlet_count":0,"master_deck":["Defend_G","Defend_G","Defend_G","Defend_G","Strike_G","Strike_G","Survivor","Neutralize+1","Cloak And Dagger","Backflip","Well Laid Plans","Malaise","Die Die Die","Malaise","Noxious Fumes","Tools of the Trade","Catalyst+1","Leg Sweep","Infinite Blades+1","Escape Plan+1","Deadly Poison+1"],"relics":["Ring of the Snake","Singing Bowl","Boot","Letter Opener","Fusion Hammer","Bronze Scales","Mummified Hand","Dodecahedron","Bottled Tornado","Frozen Egg 2"],"potions_floor_usage":[11,11,16,16,27],"damage_taken":[{"damage":0,"enemies":"Jaw Worm","floor":1,"turns":5},{"damage":7,"enemies":"Small Slimes","floor":2,"turns":5},{"damage":0,"enemies":"2 Louse","floor":3,"turns":3},{"damage":2,"enemies":"2 Fungi Beasts","floor":7,"turns":4},{"damage":9,"enemies":"3 Sentries","floor":8,"turns":11},{"damage":2,"enemies":"3 Louse","floor":10,"turns":5},{"damage":15,"enemies":"Gremlin Gang","floor":11,"turns":5},{"damage":0,"enemies":"Looter","floor":12,"turns":4},{"damage":1,"enemies":"3 Louse","floor":13,"turns":2},{"damage":10,"enemies":"Hexaghost","floor":16,"turns":13},{"damage":1,"enemies":"3 Byrds","floor":18,"turns":5},{"damage":17,"enemies":"2 Thieves","floor":19,"turns":4},{"damage":4,"enemies":"Book of Stabbing","floor":23,"turns":7},{"damage":9,"enemies":"Slavers","floor":25,"turns":5},{"damage":5,"enemies":"Book of Stabbing","floor":27,"turns":6},{"damage":13,"enemies":"Sentry and Sphere","floor":28,"turns":5},{"damage":9,"enemies":"Snake Plant","floor":29,"turns":5},{"damage":8,"enemies":"Centurion and Healer","floor":31,"turns":7},{"damage":37,"enemies":"Collector","floor":33,"turns":3}],"seed_played":"-2795407101846167935","potions_obtained":[{"floor":2,"key":"Strength Potion"},{"floor":7,"key":"EssenceOfSteel"},{"floor":11,"key":"AttackPotion"},{"floor":12,"key":"SpeedPotion"},{"floor":13,"key":"SkillPotion"},{"floor":16,"key":"Ancient Potion"},{"floor":19,"key":"Swift Potion"},{"floor":23,"key":"SkillPotion"},{"floor":27,"key":"Dexterity Potion"},{"floor":31,"key":"Explosive Potion"}],"is_trial":false,"path_per_floor":["M","M","M","?","?","R","M","E","T","M","M","M","M","$","R","B",null,"M","M","?","?","?","E","R","E","T","E","M","M","?","M","R"],"character_chosen":"THE_SILENT","items_purchased":["Letter Opener"],"campfire_rested":3,"item_purchase_floors":[14],"current_hp_per_floor":[63,56,56,56,45,45,43,34,34,32,17,17,16,16,34,24,53,52,35,35,35,35,31,49,40,40,37,26,17,17,11,31,0],"gold":133,"neow_bonus":"REMOVE_TWO","is_prod":false,"is_daily":false,"chose_seed":false,"campfire_upgraded":1,"win_rate":0,"timestamp":1530830663,"path_taken":["M","M","M","?","?","R","M","E","T","M","M","M","M","$","R","BOSS","M","M","?","?","?","E","R","E","T","E","M","?","?","?","R","BOSS"],"build_version":"2018-07-05","purchased_purges":1,"victory":false,"max_hp_per_floor":[63,63,63,63,63,63,63,63,63,63,63,63,63,63,63,63,63,63,63,63,63,63,63,63,63,63,65,67,67,67,69,69,69],"card_choices":[{"not_picked":["Slice","Prepared","Deadly Poison"],"picked":"SKIP","floor":1},{"not_picked":["Quick Slash","Catalyst"],"picked":"Cloak And Dagger","floor":2},{"not_picked":["PiercingWail","Deflect"],"picked":"Backflip","floor":3},{"not_picked":["Dagger Throw","Riddle With Holes","Accuracy"],"picked":"SKIP","floor":7},{"not_picked":["Masterful Stab","Outmaneuver"],"picked":"Well Laid Plans","floor":8},{"not_picked":["Reflex","Masterful Stab"],"picked":"Malaise","floor":10},{"not_picked":["Calculated Gamble","Acrobatics"],"picked":"Die Die Die","floor":11},{"not_picked":["Dagger Spray","Outmaneuver"],"picked":"Malaise","floor":12},{"not_picked":["Backflip","Bouncing Flask"],"picked":"Noxious Fumes","floor":13},{"not_picked":["Die Die Die","Grand Finale"],"picked":"Tools of the Trade","floor":16},{"not_picked":["Underhanded Strike+1","Quick Slash+1"],"picked":"Catalyst+1","floor":18},{"not_picked":["Accuracy","Calculated Gamble"],"picked":"Leg Sweep","floor":19},{"not_picked":["Slice","Dagger Throw"],"picked":"Infinite Blades+1","floor":23},{"not_picked":["Terror+1","Well Laid Plans"],"picked":"Escape Plan+1","floor":25},{"not_picked":["Poisoned Stab","Outmaneuver+1","Expertise"],"picked":"Singing Bowl","floor":27},{"not_picked":["Riddle With Holes","Bane","PiercingWail"],"picked":"Singing Bowl","floor":28},{"not_picked":["Night Terror","Eviscerate"],"picked":"Deadly Poison+1","floor":29},{"not_picked":["All Out Attack+1","Outmaneuver+1","Underhanded Strike"],"picked":"Singing Bowl","floor":31}],"player_experience":263661,"relics_obtained":[{"floor":8,"key":"Singing Bowl"},{"floor":9,"key":"Boot"},{"floor":23,"key":"Mummified Hand"},{"floor":25,"key":"Dodecahedron"},{"floor":26,"key":"Bottled Tornado"},{"floor":27,"key":"Frozen Egg 2"}],"event_choices":[{"event_name":"Liars Game","player_choice":"disagreed","floor":4,"damage_taken":0},{"event_name":"World of Goop","player_choice":"Gather Gold","floor":5,"damage_taken":0},{"event_name":"The Mausoleum","player_choice":"Yes","floor":20,"damage_taken":0},{"event_name":"Beggar","player_choice":"Gave Gold","floor":21,"damage_taken":0},{"event_name":"Masked Bandits","player_choice":"Paid Bandits 58 gold","floor":22,"damage_taken":0},{"event_name":"The Woman in Blue","player_choice":"Bought 0 Potions","floor":30,"damage_taken":0}],"boss_relics":[{"not_picked":["Philosopher\u0027s Stone","White Beast Statue"],"picked":"Fusion Hammer"}],"items_purged_floors":[14],"is_endless":false,"potions_floor_spawned":[2,7,11,12,13,16,19,23,27,31],"killed_by":"Collector","ascension_level":8}