{"gold_per_floor":[162,177,177,177,192,192,225,225],"floor_reached":8,"playtime":308,"items_purged":[],"score":101,"play_id":"56dd0ca0-356c-457d-a217-be6210cb466d","local_time":"20181119220912","is_ascension_mode":true,"campfire_choices":[{"floor":6,"key":"RECALL"}],"neow_cost":"NONE","seed_source_timestamp":168077871674497,"circlet_count":0,"master_deck":["AscendersBane","Strike_B","Strike_B","Strike_B","Strike_B+1","Defend_B","Defend_B","Defend_B","Defend_B","Zap+1","Dualcast","Sweeping Beam","Compile Driver","Leap","Defragment","Cold Snap"],"relics":["Tiny House","Blood Vial"],"potions_floor_usage":[2,7],"damage_taken":[{"damage":0,"enemies":"2 Louse","floor":1,"turns":2},{"damage":7,"enemies":"Jaw Worm","floor":2,"turns":2},{"damage":0,"enemies":"Cultist","floor":5,"turns":4},{"damage":51,"enemies":"Gremlin Nob","floor":7,"turns":5},{"damage":17,"enemies":"Gremlin Gang","floor":8,"turns":4}],"seed_played":"8502370052959575187","potions_obtained":[{"floor":0,"key":"FocusPotion"},{"floor":1,"key":"Fire Potion"},{"floor":2,"key":"Energy Potion"}],"is_trial":false,"path_per_floor":["M","M","?","?","M","R","E","M"],"character_chosen":"DEFECT","items_purchased":[],"campfire_rested":0,"item_purchase_floors":[],"current_hp_per_floor":[69,62,62,62,62,62,11,0],"gold":225,"neow_bonus":"BOSS_RELIC","is_prod":false,"is_daily":false,"chose_seed":false,"campfire_upgraded":0,"win_rate":0,"timestamp":1542683352,"path_taken":["M","M","?","?","M","R","E","M"],"build_version":"2018-11-15","purchased_purges":0,"victory":false,"max_hp_per_floor":[76,76,76,76,76,76,76,76],"card_choices":[{"not_picked":["Double Energy","Conserve Battery"],"picked":"Sweeping Beam","floor":0},{"not_picked":["Force Field","Hologram"],"picked":"Compile Driver","floor":1},{"not_picked":["Static Discharge","Undo"],"picked":"Leap","floor":2},{"not_picked":["White Noise","Redo"],"picked":"Defragment","floor":5},{"not_picked":["Gash","White Noise"],"picked":"Cold Snap","floor":7}],"player_experience":1726322,"relics_obtained":[{"floor":7,"key":"Blood Vial"}],"event_choices":[{"damage_healed":0,"gold_gain":0,"player_choice":"Ignored","damage_taken":0,"max_hp_gain":0,"max_hp_loss":0,"event_name":"Liars Game","floor":3,"gold_loss":0},{"damage_healed":0,"gold_gain":0,"player_choice":"Forge","damage_taken":0,"max_hp_gain":0,"max_hp_loss":0,"event_name":"Accursed Blacksmith","floor":4,"gold_loss":0,"cards_upgraded":["Zap"]}],"is_beta":false,"boss_relics":[],"items_purged_floors":[],"is_endless":false,"potions_floor_spawned":[1,2],"killed_by":"Gremlin Gang","ascension_level":16}