{"gold_per_floor":[114,114,129,145,164,164,114,145,224,224,236,236,33,51,51,156,156,168,168,183,203,213,213,31,49,99,99,111,111,36,55,55,158,158,173,183,183,30,49,49],"floor_reached":40,"playtime":5086,"items_purged":[],"score":417,"play_id":"68d53eb5-59e2-4a47-8264-9527d7091665","local_time":"20180707232602","is_ascension_mode":false,"campfire_choices":[{"data":"Backstab","floor":6,"key":"SMITH"},{"data":"Neutralize","floor":10,"key":"SMITH"},{"data":"Transmutation","floor":15,"key":"SMITH"},{"floor":23,"key":"REST"},{"floor":27,"key":"REST"},{"floor":32,"key":"REST"}],"neow_cost":"NONE","seed_source_timestamp":46078429150037,"circlet_count":0,"master_deck":["Defend_G","Defend_G","Defend_G","Defend_G","Strike_G","Strike_G","Strike_G","Strike_G","Survivor","Neutralize+1","Terror+1","Dagger Throw","Prepared","Backstab+1","Tactician","Noxious Fumes","Transmutation+1","PiercingWail","Tools of the Trade","Underhanded Strike","Slice+1","Finisher","Slice+1","Finisher","Backflip+1","Dagger Throw+1","Choke","Tools of the Trade","Clumsy","Normality","Normality","Dagger Throw+1","Prepared+1","Bandage Up","Enlightenment","Secret Weapon","Dash+1"],"relics":["Black Star","Tingsha","Peace Pipe","Matryoshka","Sozu","Anchor","Blood Vial","Centennial Puzzle","Ancient Tea Set","Regal Pillow","Smiling Mask","Calling Bell","Dream Catcher","Shuriken","Calipers","Oddly Smooth Stone"],"potions_floor_usage":[16,22,33,33],"damage_taken":[{"damage":3,"enemies":"Cultist","floor":1,"turns":6},{"damage":1,"enemies":"2 Louse","floor":3,"turns":3},{"damage":2,"enemies":"Jaw Worm","floor":4,"turns":4},{"damage":5,"enemies":"3 Louse","floor":5,"turns":5},{"damage":19,"enemies":"3 Sentries","floor":8,"turns":14},{"damage":12,"enemies":"Blue Slaver","floor":11,"turns":3},{"damage":3,"enemies":"Looter","floor":14,"turns":3},{"damage":18,"enemies":"The Guardian","floor":16,"turns":11},{"damage":4,"enemies":"Spheric Guardian","floor":18,"turns":6},{"damage":13,"enemies":"3 Byrds","floor":20,"turns":6},{"damage":12,"enemies":"Snake Plant","floor":21,"turns":4},{"damage":42,"enemies":"Centurion and Healer","floor":22,"turns":9},{"damage":16,"enemies":"Snecko","floor":25,"turns":5},{"damage":0,"enemies":"Snake Plant","floor":28,"turns":4},{"damage":14,"enemies":"Centurion and Healer","floor":31,"turns":4},{"damage":54,"enemies":"Collector","floor":33,"turns":9},{"damage":18,"enemies":"Orb Walker","floor":35,"turns":5},{"damage":8,"enemies":"3 Shapes","floor":36,"turns":8},{"damage":25,"enemies":"Maw","floor":39,"turns":8},{"damage":56,"enemies":"Giant Head","floor":40,"turns":7}],"seed_played":"751522902767002170","potions_obtained":[{"floor":3,"key":"Energy Potion"},{"floor":5,"key":"SteroidPotion"},{"floor":14,"key":"Weak Potion"},{"floor":16,"key":"SpeedPotion"}],"is_trial":false,"path_per_floor":["M","?","M","M","M","R","?","E","T","R","M","?","$","M","R","B",null,"M","?","M","M","M","R","$","M","T","R","M","T","?","M","R","B",null,"M","M","?","$","M"],"character_chosen":"THE_SILENT","items_purchased":["Transmutation","Blood Vial","Finisher","Oddly Smooth Stone"],"campfire_rested":3,"item_purchase_floors":[13,24,24,38],"current_hp_per_floor":[67,67,66,64,59,59,59,40,40,40,28,51,51,48,48,30,70,66,66,59,47,5,26,26,12,12,33,35,35,35,23,59,7,70,64,58,48,48,29,0],"gold":49,"neow_bonus":"BOSS_RELIC","is_prod":false,"is_daily":false,"chose_seed":false,"campfire_upgraded":3,"win_rate":0.0,"timestamp":1530971762,"path_taken":["M","?","?","M","M","R","?","E","T","R","M","?","$","M","R","BOSS","M","?","M","M","?","R","$","M","T","R","M","?","?","M","R","BOSS","M","?","?","$","M","E"],"build_version":"2018-07-05","purchased_purges":0,"victory":false,"max_hp_per_floor":[70,70,70,70,70,70,70,70,70,70,70,70,70,70,70,70,70,70,70,70,70,70,70,70,70,70,70,70,70,70,70,70,70,70,70,70,70,70,70,70],"card_choices":[{"not_picked":["PiercingWail","Quick Slash"],"picked":"Terror","floor":1},{"not_picked":["Calculated Gamble","Poisoned Stab"],"picked":"Dagger Throw","floor":3},{"not_picked":["Underhanded Strike","Well Laid Plans"],"picked":"Prepared","floor":4},{"not_picked":["Poisoned Stab","Deflect"],"picked":"Backstab","floor":5},{"not_picked":["Heel Hook","Deflect"],"picked":"Tactician","floor":8},{"not_picked":["Deflect","Infinite Blades"],"picked":"Noxious Fumes","floor":11},{"not_picked":["Deflect","Blade Dance"],"picked":"PiercingWail","floor":14},{"not_picked":["Venomology","Night Terror"],"picked":"Tools of the Trade","floor":16},{"not_picked":["PiercingWail","Deflect"],"picked":"Underhanded Strike","floor":18},{"not_picked":["Infinite Blades","Bane"],"picked":"Slice+1","floor":20},{"not_picked":["Flying Knee","Quick Slash"],"picked":"Finisher","floor":21},{"not_picked":["Adrenaline","Backflip"],"picked":"Slice+1","floor":22},{"not_picked":["Sucker Punch","Quick Slash"],"picked":"Backflip+1","floor":25},{"not_picked":["Footwork","Dagger Spray"],"picked":"Dagger Throw+1","floor":28},{"not_picked":["Blur","Sucker Punch"],"picked":"Choke","floor":31},{"not_picked":["Tactician","Wraith Form v2"],"picked":"Tools of the Trade","floor":33},{"not_picked":["Dodge and Roll","All Out Attack"],"picked":"Dagger Throw+1","floor":35},{"not_picked":["Terror","Riddle With Holes"],"picked":"Prepared+1","floor":36},{"not_picked":["Finesse","Blind"],"picked":"Bandage Up","floor":37},{"not_picked":["Flash of Steel","Deep Breath"],"picked":"Enlightenment","floor":37},{"not_picked":["Good Instincts","Jack Of All Trades"],"picked":"Secret Weapon","floor":37},{"not_picked":["Underhanded Strike","Deflect+1"],"picked":"Dash+1","floor":39}],"player_experience":26328,"relics_obtained":[{"floor":8,"key":"Tingsha"},{"floor":8,"key":"Peace Pipe"},{"floor":9,"key":"Matryoshka"},{"floor":26,"key":"Centennial Puzzle"},{"floor":26,"key":"Ancient Tea Set"},{"floor":29,"key":"Regal Pillow"},{"floor":29,"key":"Smiling Mask"},{"floor":34,"key":"Dream Catcher"},{"floor":34,"key":"Shuriken"},{"floor":34,"key":"Calipers"}],"event_choices":[{"event_name":"Accursed Blacksmith","player_choice":"Forge","floor":2,"damage_taken":0},{"event_name":"The Cleric","player_choice":"Card Removal","floor":7,"damage_taken":0},{"event_name":"Big Fish","player_choice":"Banana","floor":12,"damage_taken":0},{"event_name":"The Mausoleum","player_choice":"Yes","floor":19,"damage_taken":0},{"event_name":"Beggar","player_choice":"Gave Gold","floor":30,"damage_taken":0},{"event_name":"SensoryStone","player_choice":"Memory 3","floor":37,"damage_taken":0}],"boss_relics":[{"not_picked":["Runic Pyramid","Tiny House"],"picked":"Sozu"},{"not_picked":["Eternal Feather","Lizard Tail"],"picked":"Calling Bell"}],"items_purged_floors":[],"is_endless":false,"potions_floor_spawned":[3,5,14,16,18,21,22,31,35],"killed_by":"Giant Head","ascension_level":0}