{"gold_per_floor":[113,126,59,78,92,126,126,151,151,221,221],"floor_reached":11,"playtime":887,"items_purged":[],"score":95,"play_id":"9f721692-d17d-4690-919e-8d39101fe043","local_time":"20180712233014","is_ascension_mode":true,"campfire_choices":[{"floor":7,"key":"REST"}],"neow_cost":"NONE","seed_source_timestamp":91700904846361,"circlet_count":0,"master_deck":["Defend_G","Defend_G","Defend_G","Defend_G","Defend_G","Strike_G","Strike_G","Strike_G","Strike_G","Strike_G","Survivor","Neutralize","PiercingWail","Quick Slash","Grand Finale","Footwork","Prepared","Prepared"],"relics":["Philosopher\u0027s Stone","Tough Bandages","Shuriken","Letter Opener"],"potions_floor_usage":[6,11],"damage_taken":[{"damage":2,"enemies":"Cultist","floor":1,"turns":5},{"damage":0,"enemies":"Small Slimes","floor":2,"turns":4},{"damage":7,"enemies":"2 Louse","floor":4,"turns":3},{"damage":12,"enemies":"Exordium Wildlife","floor":5,"turns":7},{"damage":30,"enemies":"Lagavulin","floor":6,"turns":11},{"damage":8,"enemies":"3 Sentries","floor":8,"turns":3},{"damage":47,"enemies":"Gremlin Nob","floor":11,"turns":5}],"seed_played":"5253641944633499209","potions_obtained":[{"floor":5,"key":"Weak Potion"},{"floor":8,"key":"EssenceOfSteel"}],"is_trial":false,"path_per_floor":["M","M","$","M","M","E","R","E","T","?"],"character_chosen":"THE_SILENT","items_purchased":["Grand Finale"],"campfire_rested":1,"item_purchase_floors":[3],"current_hp_per_floor":[68,68,68,61,49,19,40,32,32,32,0],"gold":221,"neow_bonus":"BOSS_RELIC","is_prod":false,"is_daily":false,"chose_seed":false,"campfire_upgraded":0,"win_rate":0,"timestamp":1531404014,"path_taken":["M","M","$","M","?","E","R","E","T","?","E"],"build_version":"2018-07-05","purchased_purges":0,"victory":false,"max_hp_per_floor":[70,70,70,70,70,70,70,70,70,70,70],"card_choices":[{"not_picked":["Slice","Quick Slash"],"picked":"PiercingWail","floor":1},{"not_picked":["Bane","Underhanded Strike"],"picked":"Quick Slash","floor":2},{"not_picked":["Glass Knife","Skewer"],"picked":"Footwork","floor":4},{"not_picked":["Quick Slash","Dodge and Roll","Backflip"],"picked":"SKIP","floor":5},{"not_picked":["Deflect","Acrobatics"],"picked":"Prepared","floor":6},{"not_picked":["Sucker Punch","All Out Attack"],"picked":"Prepared","floor":8}],"player_experience":111006,"relics_obtained":[{"floor":6,"key":"Tough Bandages"},{"floor":8,"key":"Shuriken"},{"floor":9,"key":"Letter Opener"}],"event_choices":[{"event_name":"Golden Wing","player_choice":"Gained Gold","floor":10,"damage_taken":0}],"boss_relics":[],"items_purged_floors":[],"is_endless":false,"potions_floor_spawned":[5,8],"killed_by":"Gremlin Nob","ascension_level":3}