{"gold_per_floor":[114,289,309,309,40,40,67,86,86,86,96,96,113,130,130,205,205,215,35,35,35,25,25,25],"floor_reached":24,"playtime":891,"items_purged":["Doubt"],"score":333,"play_id":"f7f2ccf8-7205-460b-8ea8-2692e98b11bd","local_time":"20190117223147","is_ascension_mode":true,"campfire_choices":[{"floor":6,"key":"REST"},{"data":"Demon Form","floor":10,"key":"SMITH"},{"floor":12,"key":"REST"},{"floor":15,"key":"REST"},{"floor":23,"key":"REST"}],"neow_cost":"NONE","seed_source_timestamp":53749922260112,"circlet_count":0,"master_deck":["AscendersBane","Strike_R","Strike_R","Strike_R","Strike_R","Strike_R","Defend_R","Defend_R","Defend_R","Defend_R","Bash+1","Headbutt","Shrug It Off","Twin Strike","Demon Form+1","Feel No Pain","Heavy Blade","Shrug It Off","Anger","Rampage","Demon Form","Apotheosis","Demon Form"],"relics":["Burning Blood","Dream Catcher","HandDrill","Shuriken","Paper Frog","Velvet Choker","Sundial"],"potions_floor_usage":[7,13,16],"damage_taken":[{"damage":15,"enemies":"Small Slimes","floor":1,"turns":5},{"damage":6,"enemies":"Cultist","floor":3,"turns":3},{"damage":37,"enemies":"3 Sentries","floor":7,"turns":9},{"damage":9,"enemies":"2 Louse","floor":8,"turns":2},{"damage":11,"enemies":"Looter","floor":11,"turns":2},{"damage":17,"enemies":"Gremlin Gang","floor":13,"turns":6},{"damage":24,"enemies":"Large Slime","floor":14,"turns":8},{"damage":34,"enemies":"The Guardian","floor":16,"turns":10},{"damage":43,"enemies":"Spheric Guardian","floor":18,"turns":6},{"damage":15,"enemies":"2 Thieves","floor":22,"turns":4},{"damage":42,"enemies":"Shelled Parasite and Fungi","floor":24,"turns":3}],"seed_played":"-4344303692364972885","potions_obtained":[{"floor":3,"key":"Explosive Potion"},{"floor":11,"key":"SkillPotion"},{"floor":14,"key":"Block Potion"},{"floor":22,"key":"Ancient Potion"}],"is_trial":false,"path_per_floor":["M","?","M","?","$","R","E","M","T","R","M","R","M","M","R","B",null,"M","$","?","?","M","R","M"],"character_chosen":"IRONCLAD","items_purchased":["HandDrill","Apotheosis"],"campfire_rested":4,"item_purchase_floors":[5,19],"current_hp_per_floor":[59,59,59,59,59,75,44,41,41,41,36,58,47,29,51,23,62,25,25,25,25,16,38,0],"gold":25,"neow_bonus":"RANDOM_COMMON_RELIC","is_prod":false,"is_daily":false,"chose_seed":false,"campfire_upgraded":1,"win_rate":0,"timestamp":1547782307,"path_taken":["M","?","M","?","$","R","E","M","T","R","M","R","?","M","R","BOSS","M","$","?","?","M","R","M"],"build_version":"2019-01-17","purchased_purges":1,"victory":false,"max_hp_per_floor":[75,75,75,75,75,75,75,75,75,75,75,75,75,75,75,75,75,75,75,75,75,75,75,75],"card_choices":[{"not_picked":["Wild Strike","Combust"],"picked":"Headbutt","floor":1},{"not_picked":["Sword Boomerang","Body Slam"],"picked":"Shrug It Off","floor":3},{"not_picked":["Heavy Blade","Armaments"],"picked":"Twin Strike","floor":6},{"not_picked":["Thunderclap","Clash"],"picked":"Demon Form","floor":7},{"not_picked":["Warcry","Iron Wave"],"picked":"Feel No Pain","floor":8},{"not_picked":["Iron Wave","Body Slam"],"picked":"Heavy Blade","floor":11},{"not_picked":["Clothesline","Wild Strike"],"picked":"Shrug It Off","floor":13},{"not_picked":["Havoc","Second Wind"],"picked":"Anger","floor":14},{"not_picked":["Feel No Pain","True Grit"],"picked":"Rampage","floor":15},{"not_picked":["Brutality","Berserk"],"picked":"Demon Form","floor":16},{"not_picked":["Power Through","Twin Strike","Clothesline"],"picked":"SKIP","floor":18},{"not_picked":["Havoc","Sword Boomerang","Anger"],"picked":"SKIP","floor":22},{"not_picked":["Clothesline","Sentinel"],"picked":"Demon Form","floor":23}],"player_experience":2146164,"relics_obtained":[{"floor":7,"key":"Shuriken"},{"floor":9,"key":"Paper Frog"}],"event_choices":[{"damage_healed":0,"gold_gain":175,"player_choice":"AGREE","damage_taken":0,"max_hp_gain":0,"max_hp_loss":0,"event_name":"Liars Game","floor":2,"gold_loss":0,"cards_obtained":["Doubt"]},{"damage_healed":0,"gold_gain":0,"player_choice":"Upgraded","damage_taken":0,"max_hp_gain":0,"max_hp_loss":0,"event_name":"Upgrade Shrine","floor":4,"gold_loss":0,"cards_upgraded":["Bash"]},{"damage_healed":0,"gold_gain":0,"player_choice":"Ignored","damage_taken":0,"max_hp_gain":0,"max_hp_loss":0,"event_name":"Cursed Tome","floor":20,"gold_loss":0},{"damage_healed":0,"gold_gain":0,"player_choice":"Opened","damage_taken":0,"relics_obtained":["Sundial"],"max_hp_gain":0,"max_hp_loss":0,"event_name":"The Mausoleum","floor":21,"gold_loss":0}],"is_beta":false,"boss_relics":[{"not_picked":["Calling Bell","Astrolabe"],"picked":"Velvet Choker"}],"items_purged_floors":[5],"is_endless":false,"potions_floor_spawned":[3,11,14,22],"killed_by":"Shelled Parasite and Fungi","ascension_level":14}