{"gold_per_floor":[114,114,189,203,223,223,255,205,205,205,217,63,63,48],"floor_reached":14,"playtime":279,"items_purged":[],"score":88,"play_id":"1f12f237-2c9c-4659-8fcd-be1292c46437","local_time":"20180727232253","is_ascension_mode":false,"campfire_choices":[{"data":"Crippling Poison","floor":6,"key":"SMITH"}],"neow_cost":"NONE","seed_source_timestamp":39430289420260,"circlet_count":0,"master_deck":["Defend_G","Defend_G","Defend_G","Defend_G","Defend_G","Strike_G","Strike_G","Strike_G","Strike_G","Strike_G","Survivor","Neutralize","Distraction","Cloak And Dagger","Crippling Poison+1","Crippling Poison","Dodge and Roll","Mind Blast+1","Flying Knee","Accuracy","Blade Dance"],"relics":["Eternal Feather","Calipers","Pen Nib","Dodecahedron"],"potions_floor_usage":[7,11],"damage_taken":[{"damage":0,"enemies":"2 Louse","floor":1,"turns":3},{"damage":18,"enemies":"Small Slimes","floor":4,"turns":4},{"damage":12,"enemies":"Cultist","floor":5,"turns":5},{"damage":33,"enemies":"Gremlin Nob","floor":7,"turns":6},{"damage":0,"enemies":"Lots of Slimes","floor":11,"turns":3},{"damage":5,"enemies":"Looter","floor":14,"turns":1}],"seed_played":"3180714228117705503","potions_obtained":[{"floor":1,"key":"Energy Potion"},{"floor":5,"key":"GhostInAJar"},{"floor":11,"key":"Strength Potion"}],"is_trial":false,"path_per_floor":["M","?","?","M","M","R","E","?","T","?","M","$","?"],"character_chosen":"THE_SILENT","items_purchased":["Accuracy","Blade Dance"],"campfire_rested":0,"item_purchase_floors":[12,12],"current_hp_per_floor":[70,70,59,41,29,38,5,5,5,5,5,5,5,0],"gold":48,"neow_bonus":"BOSS_RELIC","is_prod":false,"is_daily":false,"chose_seed":false,"campfire_upgraded":1,"win_rate":0,"timestamp":1532699573,"path_taken":["M","?","?","?","M","R","E","?","T","?","M","?","?","M"],"build_version":"2018-07-26","purchased_purges":0,"victory":false,"max_hp_per_floor":[70,70,70,70,70,70,70,70,70,70,70,70,70,70],"card_choices":[{"not_picked":["Concentrate","Flying Knee"],"picked":"Distraction","floor":1},{"not_picked":["Dodge and Roll","Outmaneuver"],"picked":"Cloak And Dagger","floor":4},{"not_picked":["Deadly Poison","Dagger Spray"],"picked":"Crippling Poison","floor":5},{"not_picked":["Slice","Flying Knee"],"picked":"Crippling Poison","floor":7},{"not_picked":["Distraction","Unload"],"picked":"Flying Knee","floor":11}],"player_experience":272343,"relics_obtained":[{"floor":7,"key":"Pen Nib"},{"floor":9,"key":"Dodecahedron"}],"event_choices":[{"event_name":"Big Fish","player_choice":"Box","floor":2,"damage_taken":0},{"event_name":"World of Goop","player_choice":"Gather Gold","floor":3,"damage_taken":0},{"event_name":"The Cleric","player_choice":"Card Removal","floor":8,"damage_taken":0},{"event_name":"Match and Keep!","player_choice":"2 cards matched","floor":10,"damage_taken":0},{"event_name":"Living Wall","player_choice":"Grow","floor":13,"damage_taken":0}],"is_beta":false,"boss_relics":[],"items_purged_floors":[],"is_endless":false,"potions_floor_spawned":[1,5,11],"killed_by":"Looter","ascension_level":0}