{"gold_per_floor":[109,122,135,210,210,210,210,210,210,229,0,0,33,52,52,123,123,136,167,167,177,177],"floor_reached":22,"playtime":622,"items_purged":["Defend_B"],"score":331,"play_id":"24e87aac-6132-47d7-aaf7-907b57acc191","local_time":"20190204151646","is_ascension_mode":true,"campfire_choices":[{"floor":6,"key":"REST"},{"data":"Dualcast","floor":8,"key":"SMITH"},{"floor":15,"key":"REST"}],"neow_cost":"NONE","seed_source_timestamp":1056764054232186,"circlet_count":0,"master_deck":["AscendersBane","Strike_B","Strike_B","Defend_B","Defend_B","Defend_B","Zap+1","Dualcast+1","Hologram","Streamline+1","Leap","Defragment","Ball Lightning","Seek","Doom and Gloom","Conserve Battery","Darkness","Barrage"],"relics":["Cracked Core","Smiling Mask","The Courier","Runic Capacitor","Darkstone Periapt","Runic Dome","Red Mask"],"potions_floor_usage":[16,19,19],"damage_taken":[{"damage":0,"enemies":"Cultist","floor":1,"turns":3},{"damage":2,"enemies":"Jaw Worm","floor":2,"turns":3},{"damage":0,"enemies":"Small Slimes","floor":3,"turns":2},{"damage":0,"enemies":"Red Slaver","floor":10,"turns":3},{"damage":27,"enemies":"3 Sentries","floor":13,"turns":8},{"damage":2,"enemies":"2 Fungi Beasts","floor":14,"turns":3},{"damage":16,"enemies":"The Guardian","floor":16,"turns":7},{"damage":11,"enemies":"3 Byrds","floor":18,"turns":4},{"damage":39,"enemies":"Masked Bandits","floor":19,"turns":4},{"damage":5,"enemies":"Shell Parasite","floor":21,"turns":4},{"damage":16,"enemies":"Colosseum Slavers","floor":22,"turns":3}],"seed_played":"9022387404223093501","potions_obtained":[{"floor":13,"key":"Block Potion"},{"floor":14,"key":"Strength Potion"},{"floor":18,"key":"Swift Potion"}],"is_trial":false,"path_per_floor":["M","M","M","?","?","R","?","R","T","M","$","$","E","M","R","B",null,"M","?","?","M","?"],"character_chosen":"DEFECT","items_purchased":["Runic Capacitor"],"campfire_rested":2,"item_purchase_floors":[11],"current_hp_per_floor":[64,62,62,51,25,46,46,46,46,46,46,46,19,17,38,22,59,48,9,9,4,0],"gold":177,"neow_bonus":"UPGRADE_CARD","is_prod":false,"is_daily":false,"chose_seed":false,"campfire_upgraded":1,"win_rate":0,"timestamp":1549261006,"path_taken":["M","?","M","?","?","R","?","R","T","?","?","$","E","M","R","BOSS","M","?","?","M","?"],"build_version":"2019-01-23","purchased_purges":1,"victory":false,"max_hp_per_floor":[71,71,71,71,71,71,71,71,71,71,71,71,71,71,71,71,71,71,71,71,71,71],"card_choices":[{"not_picked":["Compile Driver","Turbo"],"picked":"Hologram","floor":1},{"not_picked":["Heatsinks","Force Field"],"picked":"Streamline","floor":2},{"not_picked":["Hologram","Sweeping Beam"],"picked":"Leap","floor":3},{"not_picked":["Cold Snap","Sweeping Beam","Creative AI"],"picked":"SKIP","floor":10},{"not_picked":["Ball Lightning","Genetic Algorithm"],"picked":"Defragment","floor":13},{"not_picked":["Rebound","Compile Driver"],"picked":"Ball Lightning","floor":14},{"not_picked":["Amplify","Fission"],"picked":"Seek","floor":16},{"not_picked":["Gash","Redo"],"picked":"Doom and Gloom","floor":18},{"not_picked":["Compile Driver","Hologram"],"picked":"Barrage","floor":21}],"player_experience":464211,"relics_obtained":[{"floor":9,"key":"The Courier"},{"floor":13,"key":"Darkstone Periapt"},{"floor":19,"key":"Red Mask"}],"event_choices":[{"damage_healed":0,"gold_gain":75,"player_choice":"Gather Gold","damage_taken":11,"max_hp_gain":0,"max_hp_loss":0,"event_name":"World of Goop","floor":4,"gold_loss":0},{"damage_healed":0,"gold_gain":0,"player_choice":"Success","damage_taken":26,"relics_obtained":["Smiling Mask"],"max_hp_gain":0,"max_hp_loss":0,"event_name":"Scrap Ooze","floor":5,"gold_loss":0},{"damage_healed":0,"gold_gain":0,"player_choice":"Upgraded","damage_taken":0,"max_hp_gain":0,"max_hp_loss":0,"event_name":"Upgrade Shrine","floor":7,"gold_loss":0,"cards_upgraded":["Streamline"]},{"damage_healed":0,"gold_gain":0,"player_choice":"Fought Bandits","damage_taken":0,"max_hp_gain":0,"max_hp_loss":0,"event_name":"Masked Bandits","floor":19,"gold_loss":0},{"damage_healed":0,"gold_gain":0,"cards_transformed":["Strike_B","Strike_B"],"player_choice":"Became Test Subject","damage_taken":0,"max_hp_gain":0,"max_hp_loss":0,"event_name":"Drug Dealer","floor":20,"gold_loss":0,"cards_obtained":["Conserve Battery","Darkness"]},{"damage_healed":0,"gold_gain":0,"player_choice":"Fight","damage_taken":0,"max_hp_gain":0,"max_hp_loss":0,"event_name":"Colosseum","floor":22,"gold_loss":0}],"is_beta":false,"boss_relics":[{"not_picked":["Eternal Feather","Tiny House"],"picked":"Runic Dome"}],"items_purged_floors":[11],"is_endless":false,"potions_floor_spawned":[13,14,18],"killed_by":"Colosseum Slavers","ascension_level":16}