{"gold_per_floor":[110,122,48,48,48,48,75,75,99,24,52,72,72],"floor_reached":13,"playtime":288,"items_purged":[],"score":232,"play_id":"bd071cfd-9acb-4321-9aee-4c0674030b93","local_time":"20190208140247","is_ascension_mode":true,"campfire_choices":[{"data":"Defragment","floor":6,"key":"SMITH"},{"data":"Storm","floor":8,"key":"SMITH"}],"neow_cost":"NONE","seed_source_timestamp":431652438426826,"circlet_count":0,"master_deck":["AscendersBane","Strike_B","Strike_B","Strike_B","Strike_B","Defend_B","Defend_B","Defend_B","Defend_B","Zap","Dualcast","Consume","Loop","Defragment+1","Storm+1","Defragment","Conserve Battery","Conserve Battery"],"relics":["Cracked Core","NeowsBlessing","Unceasing Top","Bag of Marbles","Centennial Puzzle"],"potions_floor_usage":[],"damage_taken":[{"damage":0,"enemies":"2 Louse","floor":1,"turns":1},{"damage":0,"enemies":"Jaw Worm","floor":2,"turns":1},{"damage":0,"enemies":"3 Sentries","floor":7,"turns":2},{"damage":30,"enemies":"Lagavulin","floor":11,"turns":5},{"damage":1,"enemies":"Cultist","floor":12,"turns":3},{"damage":44,"enemies":"Exordium Thugs","floor":13,"turns":3}],"seed_played":"8005032483287389313","potions_obtained":[{"floor":7,"key":"SteroidPotion"},{"floor":11,"key":"Ancient Potion"}],"is_trial":false,"path_per_floor":["M","M","$","?","?","R","E","R","T","$","E","M","M"],"character_chosen":"DEFECT","items_purchased":["Defragment","Defragment"],"campfire_rested":0,"item_purchase_floors":[3,10],"current_hp_per_floor":[64,64,64,69,69,69,69,69,69,69,39,38,0],"gold":72,"neow_bonus":"THREE_ENEMY_KILL","is_prod":false,"is_daily":false,"chose_seed":false,"campfire_upgraded":2,"win_rate":0,"timestamp":1549652567,"path_taken":["M","M","$","?","?","R","E","R","T","$","E","M","M"],"build_version":"2019-01-23","purchased_purges":0,"victory":false,"max_hp_per_floor":[71,71,71,76,76,76,76,76,76,76,76,76,76],"card_choices":[{"not_picked":["Coolheaded","Steam"],"picked":"Consume","floor":1},{"not_picked":["Ball Lightning","Go for the Eyes"],"picked":"Loop","floor":2},{"not_picked":["Steam","Stack"],"picked":"Storm","floor":7},{"not_picked":["Multi-Cast","Barrage"],"picked":"Conserve Battery","floor":11},{"not_picked":["Doom and Gloom","Genetic Algorithm"],"picked":"Conserve Battery","floor":12}],"player_experience":2355030,"relics_obtained":[{"floor":7,"key":"Unceasing Top"},{"floor":9,"key":"Bag of Marbles"},{"floor":11,"key":"Centennial Puzzle"}],"event_choices":[{"damage_healed":0,"gold_gain":0,"player_choice":"Donut","damage_taken":0,"max_hp_gain":5,"max_hp_loss":0,"event_name":"Big Fish","floor":4,"gold_loss":0},{"damage_healed":0,"gold_gain":0,"player_choice":"Ignored","damage_taken":0,"max_hp_gain":0,"max_hp_loss":0,"event_name":"Shining Light","floor":5,"gold_loss":0}],"is_beta":false,"boss_relics":[],"items_purged_floors":[],"is_endless":false,"potions_floor_spawned":[7,11,12],"killed_by":"Exordium Thugs","ascension_level":20}