{"gold_per_floor":[111,81,37,37,53,53,83,83,83,95,95,95,95,18,18,18],"floor_reached":16,"playtime":359,"items_purged":[],"score":178,"play_id":"02bbba3e-44e7-4ca9-a7f5-6116f0bcb5dd","local_time":"20190207104147","is_ascension_mode":true,"campfire_choices":[{"data":"Zap","floor":6,"key":"SMITH"},{"floor":8,"key":"REST"},{"data":"Fission","floor":12,"key":"SMITH"},{"data":"Consume","floor":15,"key":"SMITH"}],"neow_cost":"NONE","seed_source_timestamp":1299728394121223,"circlet_count":0,"master_deck":["AscendersBane","Strike_B","Strike_B","Defend_B","Defend_B","Defend_B","Defend_B","Zap+1","Dualcast","Go for the Eyes","Rip and Tear","Hologram","Fission+1","Conserve Battery","Consume+1"],"relics":["Cracked Core","Singing Bowl","Pear"],"potions_floor_usage":[7,7],"damage_taken":[{"damage":13,"enemies":"Small Slimes","floor":1,"turns":4},{"damage":0,"enemies":"Cultist","floor":5,"turns":2},{"damage":19,"enemies":"Gremlin Nob","floor":7,"turns":4},{"damage":0,"enemies":"Jaw Worm","floor":10,"turns":3},{"damage":72,"enemies":"Slime Boss","floor":16,"turns":9}],"seed_played":"-2253933191079903177","potions_obtained":[{"floor":1,"key":"Block Potion"},{"floor":2,"key":"Poison Potion"}],"is_trial":false,"path_per_floor":["M","?","$","?","M","R","E","R","T","M","?","R","?","$","R","B"],"character_chosen":"DEFECT","items_purchased":["Rip and Tear","Consume"],"campfire_rested":1,"item_purchase_floors":[3,14],"current_hp_per_floor":[51,51,51,44,44,44,25,46,56,56,56,56,61,61,61,0],"gold":18,"neow_bonus":"REMOVE_CARD","is_prod":false,"is_daily":false,"chose_seed":false,"campfire_upgraded":3,"win_rate":0,"timestamp":1549503707,"path_taken":["M","?","?","?","M","R","E","R","T","?","?","R","?","$","R","BOSS"],"build_version":"2019-01-23","purchased_purges":0,"victory":false,"max_hp_per_floor":[71,71,71,71,71,71,71,71,81,81,81,81,86,86,86,86],"card_choices":[{"not_picked":["Lockon","Compile Driver"],"picked":"Go for the Eyes","floor":1},{"not_picked":["Leap","Double Energy"],"picked":"Hologram","floor":5},{"not_picked":["Sweeping Beam","Darkness"],"picked":"Fission","floor":7},{"not_picked":["Rebound","Leap"],"picked":"Conserve Battery","floor":10}],"player_experience":476327,"relics_obtained":[{"floor":7,"key":"Singing Bowl"},{"floor":9,"key":"Pear"}],"event_choices":[{"damage_healed":0,"gold_gain":0,"player_choice":"Bought 2 Potions","damage_taken":0,"max_hp_gain":0,"max_hp_loss":0,"event_name":"The Woman in Blue","floor":2,"gold_loss":0},{"cards_removed":["Strike_B"],"damage_healed":0,"gold_gain":0,"player_choice":"Card Removal","damage_taken":7,"max_hp_gain":0,"max_hp_loss":0,"event_name":"Golden Wing","floor":4,"gold_loss":0},{"damage_healed":0,"gold_gain":0,"player_choice":"Ignored","damage_taken":0,"max_hp_gain":0,"max_hp_loss":0,"event_name":"Liars Game","floor":11,"gold_loss":0},{"damage_healed":0,"gold_gain":0,"player_choice":"Donut","damage_taken":0,"max_hp_gain":5,"max_hp_loss":0,"event_name":"Big Fish","floor":13,"gold_loss":0}],"is_beta":false,"boss_relics":[],"items_purged_floors":[],"is_endless":false,"potions_floor_spawned":[1,5],"killed_by":"Slime Boss","ascension_level":17}