{"gold_per_floor":[115,40,40,40,40,40,40,40,66,92,92,66,66,97,97,194,194,210,210,11,11,31,31,31,58,81,81],"floor_reached":27,"playtime":1063,"items_purged":["Strike_R"],"score":335,"play_id":"1eaf832f-6256-4e63-96ca-4ce8c82b9369","local_time":"20180730164914","is_ascension_mode":true,"campfire_choices":[{"data":"Bash","floor":6,"key":"SMITH"},{"data":"Bludgeon","floor":8,"key":"SMITH"},{"data":"Burning Pact","floor":11,"key":"SMITH"},{"floor":15,"key":"REST"},{"data":"Pummel","floor":23,"key":"SMITH"}],"neow_cost":"NONE","seed_source_timestamp":428930395975889,"circlet_count":0,"master_deck":["Strike_R+1","Strike_R+1","Defend_R","Defend_R","Defend_R","Bash+1","Flame Barrier","Bludgeon+1","Burning Pact+1","Iron Wave","Rage","Pummel+1","Demon Form","Warcry","Headbutt"],"relics":["Black Blood","Whetstone","Bag of Preparation","Dead Branch","Bird Faced Urn","Lee\u0027s Waffle","Happy Flower","Lantern"],"potions_floor_usage":[16,18,22,25],"damage_taken":[{"damage":2,"enemies":"Small Slimes","floor":1,"turns":3},{"damage":16,"enemies":"Gremlin Nob","floor":10,"turns":3},{"damage":29,"enemies":"Lagavulin","floor":14,"turns":4},{"damage":30,"enemies":"The Guardian","floor":16,"turns":10},{"damage":36,"enemies":"Chosen","floor":18,"turns":5},{"damage":27,"enemies":"2 Thieves","floor":22,"turns":4},{"damage":75,"enemies":"Book of Stabbing","floor":25,"turns":6},{"damage":34,"enemies":"Cultist and Chosen","floor":27,"turns":5}],"seed_played":"591137659995845662","potions_obtained":[{"floor":1,"key":"Explosive Potion"},{"floor":16,"key":"Regen Potion"},{"floor":18,"key":"EssenceOfSteel"},{"floor":22,"key":"BloodPotion"}],"is_trial":false,"path_per_floor":["M","$","?","?","?","R","$","R","T","E","R","$","?","E","R","B",null,"M","?","$","?","M","R","$","E","T"],"character_chosen":"IRONCLAD","items_purchased":["Iron Wave","Lee\u0027s Waffle"],"campfire_rested":1,"item_purchase_floors":[12,20],"current_hp_per_floor":[76,76,81,74,74,74,74,74,74,64,64,64,64,41,66,42,74,64,64,92,92,75,75,75,21,21,0],"gold":81,"neow_bonus":"RANDOM_COMMON_RELIC","is_prod":false,"is_daily":false,"chose_seed":false,"campfire_upgraded":4,"win_rate":0,"timestamp":1532983754,"path_taken":["M","$","?","?","?","R","$","R","T","E","R","$","?","E","R","BOSS","M","?","$","?","M","R","$","E","T","?"],"build_version":"2018-07-26","purchased_purges":1,"victory":false,"max_hp_per_floor":[80,80,85,85,85,85,85,85,85,85,85,85,85,85,85,85,85,85,85,92,92,92,92,92,92,92,92],"card_choices":[{"not_picked":["Searing Blow","True Grit"],"picked":"Flame Barrier","floor":1},{"not_picked":["Rage","Metallicize"],"picked":"Burning Pact","floor":10},{"not_picked":["Thunderclap","Headbutt"],"picked":"Pummel","floor":14},{"not_picked":["Exhume","Reaper"],"picked":"Demon Form","floor":16},{"not_picked":["Perfected Strike+1","Armaments"],"picked":"Warcry","floor":18},{"not_picked":["Ghostly Armor","Cleave","Double Tap"],"picked":"SKIP","floor":22},{"not_picked":["Wild Strike","Body Slam+1"],"picked":"Headbutt","floor":25}],"player_experience":1375129,"relics_obtained":[{"floor":9,"key":"Bag of Preparation"},{"floor":10,"key":"Dead Branch"},{"floor":14,"key":"Bird Faced Urn"},{"floor":25,"key":"Happy Flower"},{"floor":26,"key":"Lantern"}],"event_choices":[{"event_name":"Big Fish","player_choice":"Donut","floor":3,"damage_taken":0},{"event_name":"Golden Wing","player_choice":"Card Removal","floor":4,"damage_taken":0},{"event_name":"Transmorgrifier","player_choice":"Transform","floor":5,"damage_taken":0},{"event_name":"Match and Keep!","player_choice":"1 cards matched","floor":13,"damage_taken":0},{"event_name":"Ghosts","player_choice":"Ignored","floor":19,"damage_taken":0},{"event_name":"Back to Basics","player_choice":"Elegance","floor":21,"damage_taken":0}],"is_beta":false,"boss_relics":[{"not_picked":["Tiny House","White Beast Statue"],"picked":"Black Blood"}],"items_purged_floors":[2],"is_endless":false,"potions_floor_spawned":[1,16,18,22],"killed_by":"Cultist and Chosen","ascension_level":9}