{"gold_per_floor":[367,54,69,85,97,116,116,129,129,148,161,10,10,20,20,20],"floor_reached":16,"playtime":1584,"items_purged":["Defend_G"],"score":127,"play_id":"ec688f43-dcf3-4cdf-a614-ab28e638bd64","local_time":"20180630083651","is_ascension_mode":true,"campfire_choices":[{"data":"Infinite Blades","floor":7,"key":"SMITH"},{"data":"Cloak And Dagger","floor":13,"key":"SMITH"},{"data":"Neutralize","floor":15,"key":"SMITH"}],"neow_cost":"TEN_PERCENT_HP_LOSS","seed_source_timestamp":299220691685758,"circlet_count":0,"master_deck":["Defend_G","Defend_G","Defend_G","Defend_G","Strike_G","Strike_G","Strike_G","Strike_G","Strike_G","Survivor","Neutralize+1","Cloak And Dagger+1","Blur","Infinite Blades+1","Prepared","Burst","Cloak And Dagger"],"relics":["Ring of the Snake","Unceasing Top","Peace Pipe"],"potions_floor_usage":[5,11,16],"damage_taken":[{"damage":0,"enemies":"2 Louse","floor":1,"turns":3},{"damage":0,"enemies":"Jaw Worm","floor":3,"turns":6},{"damage":0,"enemies":"Small Slimes","floor":4,"turns":4},{"damage":23,"enemies":"Exordium Thugs","floor":5,"turns":7},{"damage":17,"enemies":"Exordium Wildlife","floor":6,"turns":8},{"damage":1,"enemies":"Looter","floor":8,"turns":5},{"damage":6,"enemies":"3 Louse","floor":10,"turns":5},{"damage":1,"enemies":"Red Slaver","floor":11,"turns":7},{"damage":8,"enemies":"Blue Slaver","floor":14,"turns":5},{"damage":7,"enemies":"Hexaghost","floor":16,"turns":14}],"seed_played":"-8557716555059331294","potions_obtained":[{"floor":4,"key":"PowerPotion"},{"floor":6,"key":"PowerPotion"},{"floor":8,"key":"Dexterity Potion"}],"is_trial":false,"path_per_floor":["M","$","M","M","M","M","R","M","T","M","M","$","R","M","R"],"character_chosen":"THE_SILENT","items_purchased":["Unceasing Top","Burst"],"campfire_rested":0,"item_purchase_floors":[2,12],"current_hp_per_floor":[63,63,63,63,40,23,23,22,22,16,15,15,15,7,7,0],"gold":20,"neow_bonus":"TWO_FIFTY_GOLD","is_prod":false,"is_daily":false,"chose_seed":false,"campfire_upgraded":3,"win_rate":0,"timestamp":1530365811,"path_taken":["M","$","M","M","M","M","R","M","T","M","M","$","R","M","R","BOSS"],"build_version":"2018-06-29","purchased_purges":1,"victory":false,"max_hp_per_floor":[63,63,63,63,63,63,63,63,63,63,63,63,63,63,63,63],"card_choices":[{"not_picked":["Prepared","Dagger Throw"],"picked":"Cloak And Dagger","floor":1},{"not_picked":["Bane","Dagger Throw","Outmaneuver"],"picked":"SKIP","floor":3},{"not_picked":["Dagger Throw","Deadly Poison"],"picked":"Blur","floor":4},{"not_picked":["Bane","Deflect"],"picked":"Infinite Blades","floor":5},{"not_picked":["Eviscerate","Heel Hook","Poisoned Stab"],"picked":"SKIP","floor":6},{"not_picked":["Dodge and Roll","PiercingWail","Expertise"],"picked":"SKIP","floor":8},{"not_picked":["Eviscerate","Dagger Throw","Bane"],"picked":"SKIP","floor":10},{"not_picked":["Backflip","Dodge and Roll"],"picked":"Prepared","floor":11},{"not_picked":["Outmaneuver","Predator"],"picked":"Cloak And Dagger","floor":14}],"player_experience":197809,"relics_obtained":[{"floor":9,"key":"Peace Pipe"}],"event_choices":[],"boss_relics":[],"items_purged_floors":[12],"is_endless":false,"potions_floor_spawned":[4,6,8],"killed_by":"Hexaghost","ascension_level":6}