{"gold_per_floor":[116,40,40,50,68,68,97,97,97,123,123,123,14,27,27,130,130,144,164,176,275,275,307,325,325,325,325,343,354,379,379,379,474,474,494,594,606,253,253,285,295,295,295,305,305,305,334,334,334,334,334,334,30,62,62],"floor_reached":56,"playtime":4067,"items_purged":["Strike_B","Strike_B+1"],"score":1408,"play_id":"7ca82d20-abb7-4193-9554-7f200f9f6f67","local_time":"20181210123241","is_ascension_mode":false,"campfire_choices":[{"data":"Sunder","floor":6,"key":"SMITH"},{"data":"Defragment","floor":8,"key":"SMITH"},{"data":"Go for the Eyes","floor":12,"key":"SMITH"},{"data":"Zap","floor":15,"key":"SMITH"},{"floor":25,"key":"REST"},{"floor":27,"key":"RECALL"},{"floor":32,"key":"REST"},{"data":"Buffer","floor":42,"key":"SMITH"},{"data":"Glacier","floor":45,"key":"SMITH"},{"data":"Defragment","floor":49,"key":"SMITH"},{"data":"Defragment","floor":52,"key":"SMITH"}],"neow_cost":"NONE","seed_source_timestamp":153814614803343,"circlet_count":0,"master_deck":["Defend_B+1","Defend_B+1","Defend_B+1","Defend_B+1","Zap+1","Dualcast","Cold Snap","Defragment+1","Sunder+1","Go for the Eyes+1","Leap","Ball Lightning","Defragment+1","Defragment+1","Rebound","Seek","Loop+1","Beam Cell","Reboot","Hologram","Cold Snap","Reinforced Body+1","Glacier+1","Stack","Ball Lightning+1","Barrage","Redo+1","Recycle+1","Buffer+1","Consume+1","Coolheaded","Stack","Heatsinks","Chill+1","Barrage+1","Stack+1","Leap+1","Dark Shackles","Beam Cell","Chill+1"],"relics":["Eternal Feather","FossilizedHelix","Prayer Wheel","Lantern","Inserter","PreservedInsect","Mercury Hourglass","Blue Candle","Lizard Tail","Mango","Cables","Regal Pillow","Emotion Chip","Gambling Chip","Kunai","Bronze Scales"],"potions_floor_usage":[7,16,33,33,40,40,55],"damage_taken":[{"damage":1,"enemies":"Jaw Worm","floor":1,"turns":3},{"damage":0,"enemies":"Small Slimes","floor":4,"turns":4},{"damage":0,"enemies":"2 Louse","floor":5,"turns":1},{"damage":7,"enemies":"3 Sentries","floor":7,"turns":5},{"damage":15,"enemies":"Lagavulin","floor":10,"turns":7},{"damage":0,"enemies":"Large Slime","floor":14,"turns":4},{"damage":22,"enemies":"Hexaghost","floor":16,"turns":8},{"damage":0,"enemies":"Chosen","floor":18,"turns":4},{"damage":13,"enemies":"3 Byrds","floor":19,"turns":4},{"damage":5,"enemies":"Cultist and Chosen","floor":20,"turns":6},{"damage":39,"enemies":"Gremlin Leader","floor":23,"turns":9},{"damage":21,"enemies":"Shelled Parasite and Fungi","floor":24,"turns":5},{"damage":0,"enemies":"3 Cultists","floor":28,"turns":7},{"damage":0,"enemies":"Cultist and Chosen","floor":29,"turns":5},{"damage":26,"enemies":"Slavers","floor":30,"turns":4},{"damage":0,"enemies":"Champ","floor":33,"turns":13},{"damage":0,"enemies":"Orb Walker","floor":35,"turns":5},{"damage":0,"enemies":"Mind Bloom Boss Battle","floor":36,"turns":6},{"damage":30,"enemies":"3 Shapes","floor":37,"turns":6},{"damage":0,"enemies":"Giant Head","floor":40,"turns":9},{"damage":0,"enemies":"Maw","floor":41,"turns":8},{"damage":14,"enemies":"Writhing Mass","floor":44,"turns":8},{"damage":0,"enemies":"Nemesis","floor":47,"turns":9},{"damage":0,"enemies":"Time Eater","floor":50,"turns":13},{"damage":10,"enemies":"Shield and Spear","floor":54,"turns":7},{"damage":96,"enemies":"The Heart","floor":55,"turns":15}],"seed_played":"-5365877826067418107","potions_obtained":[{"floor":1,"key":"SpeedPotion"},{"floor":4,"key":"Explosive Potion"},{"floor":20,"key":"Energy Potion"},{"floor":28,"key":"EssenceOfSteel"},{"floor":29,"key":"Strength Potion"},{"floor":36,"key":"Fire Potion"},{"floor":37,"key":"Poison Potion"},{"floor":44,"key":"Dexterity Potion"}],"is_trial":false,"path_per_floor":["M","$","?","M","M","R","E","R","T","E","T","R","$","M","R","B",null,"M","M","M","?","?","E","M","R","T","R","M","M","E","?","R","B",null,"M","?","M","$","?","E","M","R","T","M","R","?","E","?","R","B",null,"R","$","E","B",null],"character_chosen":"DEFECT","items_purchased":["Defragment","Defragment","Cables","Kunai","Beam Cell"],"campfire_rested":2,"item_purchase_floors":[2,13,38,53,53],"current_hp_per_floor":[74,74,79,79,79,80,73,80,80,65,65,74,74,74,80,58,80,80,67,62,62,62,23,2,41,41,56,56,56,30,30,72,72,80,80,94,64,64,64,64,64,85,85,71,92,92,92,92,94,94,94,94,94,84,47],"gold":62,"neow_bonus":"BOSS_RELIC","is_prod":false,"is_daily":false,"chose_seed":false,"campfire_upgraded":8,"win_rate":0,"timestamp":1544463161,"path_taken":["M","$","?","M","M","R","E","R","T","E","?","R","$","M","R","BOSS","M","M","M","?","?","E","M","R","T","R","M","M","E","?","R","BOSS","M","?","M","$","?","E","?","R","T","M","R","?","E","?","R","BOSS","R","$","E","BOSS"],"build_version":"2018-12-06","purchased_purges":2,"victory":true,"max_hp_per_floor":[75,75,80,80,80,80,80,80,80,80,80,80,80,80,80,80,80,80,80,80,80,80,80,80,80,80,80,80,80,80,80,80,80,80,80,94,94,94,94,94,94,94,94,94,94,94,94,94,94,94,94,94,94,94,94],"card_choices":[{"not_picked":["Tempest","Steam"],"picked":"Cold Snap","floor":1},{"not_picked":["Beam Cell","Cold Snap"],"picked":"Sunder","floor":4},{"not_picked":["Steam","Stack"],"picked":"Go for the Eyes","floor":5},{"not_picked":["Stack","Blizzard"],"picked":"Leap","floor":7},{"not_picked":["Turbo","Chaos"],"picked":"Ball Lightning","floor":10},{"not_picked":["Compile Driver","Leap"],"picked":"Defragment","floor":14},{"not_picked":["Redo","Sweeping Beam"],"picked":"Rebound","floor":14},{"not_picked":["Meteor Strike","Hyperbeam"],"picked":"Seek","floor":16},{"not_picked":["Redo","Rebound"],"picked":"Loop+1","floor":18},{"not_picked":["Undo","Gash+1"],"picked":"Beam Cell","floor":18},{"not_picked":["Turbo+1","Sweeping Beam"],"picked":"Reboot","floor":19},{"not_picked":["Go for the Eyes+1","Rebound"],"picked":"Hologram","floor":19},{"not_picked":["Ball Lightning","Sweeping Beam+1"],"picked":"Cold Snap","floor":20},{"not_picked":["All For One","Hello World"],"picked":"Reinforced Body+1","floor":20},{"not_picked":["Barrage","Go for the Eyes"],"picked":"Glacier","floor":23},{"not_picked":["Streamline","Go for the Eyes"],"picked":"Stack","floor":24},{"not_picked":["Doom and Gloom","Chaos+1","Rebound"],"picked":"SKIP","floor":24},{"not_picked":["Rebound+1","Gash"],"picked":"Ball Lightning+1","floor":28},{"not_picked":["Aggregate","Rebound+1"],"picked":"Barrage","floor":28},{"not_picked":["Aggregate","Hello World"],"picked":"Redo+1","floor":29},{"not_picked":["Fission","Gash","Go for the Eyes"],"picked":"SKIP","floor":29},{"not_picked":["Cold Snap","Hologram"],"picked":"Recycle+1","floor":30},{"not_picked":["Core Surge","Hyperbeam"],"picked":"Buffer","floor":33},{"not_picked":["Ball Lightning","Undo+1"],"picked":"Consume+1","floor":35},{"not_picked":["Beam Cell","Streamline+1","Compile Driver+1"],"picked":"SKIP","floor":35},{"not_picked":["Compile Driver","Rebound"],"picked":"Coolheaded","floor":36},{"not_picked":["Turbo+1","Beam Cell+1"],"picked":"Stack","floor":37},{"not_picked":["Melter","Hologram","Recycle"],"picked":"SKIP","floor":37},{"not_picked":["Streamline+1","Hologram+1"],"picked":"Chill+1","floor":40},{"not_picked":["Hyperbeam","Streamline"],"picked":"Barrage+1","floor":41},{"not_picked":["Leap","Compile Driver"],"picked":"Stack+1","floor":41},{"not_picked":["Cold Snap+1","Stack"],"picked":"Leap+1","floor":44},{"not_picked":["Ball Lightning","Fission","Heatsinks"],"picked":"SKIP","floor":44},{"not_picked":["Violence","Discovery"],"picked":"Dark Shackles","floor":46},{"not_picked":["Reinforced Body","Turbo","Darkness+1"],"picked":"SKIP","floor":47},{"not_picked":["Sweeping Beam+1","Go for the Eyes"],"picked":"Chill+1","floor":54}],"player_experience":1833954,"relics_obtained":[{"floor":7,"key":"FossilizedHelix"},{"floor":9,"key":"Prayer Wheel"},{"floor":10,"key":"Lantern"},{"floor":23,"key":"PreservedInsect"},{"floor":26,"key":"Mercury Hourglass"},{"floor":30,"key":"Blue Candle"},{"floor":36,"key":"Mango"},{"floor":40,"key":"Regal Pillow"},{"floor":43,"key":"Emotion Chip"},{"floor":47,"key":"Gambling Chip"},{"floor":54,"key":"Bronze Scales"}],"event_choices":[{"damage_healed":0,"gold_gain":0,"player_choice":"Donut","damage_taken":0,"max_hp_gain":5,"max_hp_loss":0,"event_name":"Big Fish","floor":3,"gold_loss":0},{"damage_healed":0,"gold_gain":99,"player_choice":"Stole From Cult","damage_taken":0,"max_hp_gain":0,"max_hp_loss":0,"event_name":"Nest","floor":21,"gold_loss":0},{"damage_healed":0,"gold_gain":0,"player_choice":"Ignored","damage_taken":0,"max_hp_gain":0,"max_hp_loss":0,"event_name":"Cursed Tome","floor":22,"gold_loss":0},{"damage_healed":0,"gold_gain":0,"player_choice":"Simplicity","damage_taken":0,"max_hp_gain":0,"max_hp_loss":0,"event_name":"Back to Basics","floor":31,"gold_loss":0,"cards_upgraded":["Strike_B","Strike_B","Strike_B","Defend_B","Defend_B","Defend_B","Defend_B"]},{"damage_healed":0,"gold_gain":0,"player_choice":"Fight","damage_taken":0,"max_hp_gain":0,"max_hp_loss":0,"event_name":"MindBloom","floor":36,"gold_loss":0},{"damage_healed":0,"gold_gain":0,"cards_transformed":["Strike_B"],"player_choice":"Transformed","damage_taken":0,"max_hp_gain":0,"max_hp_loss":0,"event_name":"Transmorgrifier","floor":39,"gold_loss":0,"cards_obtained":["Heatsinks"]},{"damage_healed":0,"gold_gain":0,"player_choice":"Memory 1","damage_taken":0,"max_hp_gain":0,"max_hp_loss":0,"event_name":"SensoryStone","floor":46,"gold_loss":0},{"cards_removed":["Strike_B"],"damage_healed":0,"gold_gain":0,"player_choice":"Removed Attack","damage_taken":0,"max_hp_gain":0,"max_hp_loss":0,"event_name":"Falling","floor":48,"gold_loss":0}],"is_beta":false,"boss_relics":[{"not_picked":["Fusion Hammer","Tiny House"],"picked":"Inserter"},{"not_picked":["Astrolabe","Coffee Dripper"],"picked":"Lizard Tail"}],"items_purged_floors":[13,38],"is_endless":false,"potions_floor_spawned":[1,4,20,28,29,36,37,44],"ascension_level":0}