{"gold_per_floor":[119,133,36,36,49,49,49,59,59,76,90,90,120,136,136,232,232,251,264,279,49,0,25,37,37,109,109,126,225,225,243,243,243],"floor_reached":33,"playtime":3159,"items_purged":["Dark Embrace"],"score":271,"play_id":"50e2ebfa-2df9-4934-a8de-7aa2ae00b0d6","local_time":"20190106130535","is_ascension_mode":false,"campfire_choices":[{"data":"Armaments","floor":6,"key":"SMITH"},{"data":"Warcry","floor":12,"key":"SMITH"},{"floor":15,"key":"REST"},{"data":"Dual Wield","floor":25,"key":"SMITH"},{"data":"Bludgeon","floor":27,"key":"SMITH"},{"floor":32,"key":"REST"}],"neow_cost":"NONE","seed_source_timestamp":1386853642998571,"circlet_count":0,"master_deck":["Strike_R","Strike_R","Strike_R","Strike_R","Strike_R","Defend_R+1","Defend_R","Defend_R+1","Defend_R","Bash","Panacea","Thunderclap","Headbutt","Finesse","Armaments+1","Flex","Warcry+1","Flex","Headbutt","Bludgeon+1","Dual Wield+1","Flame Barrier","Demon Form","Headbutt+1"],"relics":["Burning Blood","Ornamental Fan","Kunai","Snecko Eye","Bag of Preparation","Matryoshka","Red Skull","Question Card"],"potions_floor_usage":[13,13,16,20,23,24,31,33],"damage_taken":[{"damage":10,"enemies":"Cultist","floor":1,"turns":4},{"damage":4,"enemies":"Small Slimes","floor":2,"turns":5},{"damage":11,"enemies":"Jaw Worm","floor":5,"turns":3},{"damage":10,"enemies":"Looter","floor":8,"turns":3},{"damage":3,"enemies":"2 Fungi Beasts","floor":10,"turns":4},{"damage":2,"enemies":"Blue Slaver","floor":11,"turns":4},{"damage":24,"enemies":"Gremlin Nob","floor":13,"turns":5},{"damage":8,"enemies":"Red Slaver","floor":14,"turns":4},{"damage":39,"enemies":"Slime Boss","floor":16,"turns":12},{"damage":10,"enemies":"Chosen","floor":18,"turns":4},{"damage":24,"enemies":"Shell Parasite","floor":19,"turns":5},{"damage":7,"enemies":"Cultist and Chosen","floor":20,"turns":4},{"damage":14,"enemies":"Gremlin Leader","floor":23,"turns":6},{"damage":28,"enemies":"Shelled Parasite and Fungi","floor":24,"turns":4},{"damage":5,"enemies":"Snake Plant","floor":28,"turns":2},{"damage":31,"enemies":"Centurion and Healer","floor":31,"turns":4},{"damage":62,"enemies":"Champ","floor":33,"turns":6}],"seed_played":"8006287380664416438","potions_obtained":[{"floor":1,"key":"EssenceOfSteel"},{"floor":10,"key":"FearPotion"},{"floor":14,"key":"AttackPotion"},{"floor":16,"key":"Strength Potion"},{"floor":18,"key":"Regen Potion"},{"floor":23,"key":"Regen Potion"},{"floor":28,"key":"GamblersBrew"},{"floor":31,"key":"AttackPotion"}],"is_trial":false,"path_per_floor":["M","M","$","?","M","R","?","M","T","M","M","R","E","M","R","B",null,"M","M","M","$","?","E","M","R","T","R","M","?","?","M","R","B"],"character_chosen":"IRONCLAD","items_purchased":["Finesse","Bag of Preparation"],"campfire_rested":2,"item_purchase_floors":[3,21],"current_hp_per_floor":[76,78,78,83,78,78,61,57,57,60,64,64,46,44,69,36,85,81,63,62,62,62,69,56,56,56,56,57,57,57,32,57,0],"gold":243,"neow_bonus":"RANDOM_COLORLESS","is_prod":false,"is_daily":false,"chose_seed":false,"campfire_upgraded":4,"win_rate":0,"timestamp":1546808735,"path_taken":["M","M","$","?","M","R","?","M","T","M","M","R","E","M","R","BOSS","M","M","M","$","?","E","M","R","T","R","M","?","?","M","R","BOSS"],"build_version":"2019-01-03v4","purchased_purges":1,"victory":false,"max_hp_per_floor":[80,80,80,85,85,85,85,85,85,85,85,85,85,85,85,85,85,85,85,85,85,85,85,85,85,85,85,85,85,85,85,85,85],"card_choices":[{"not_picked":["Sword Boomerang","Twin Strike"],"picked":"Thunderclap","floor":1},{"not_picked":["Battle Trance","Corruption"],"picked":"Headbutt","floor":2},{"not_picked":["Hemokinesis","Whirlwind"],"picked":"Armaments","floor":5},{"not_picked":["Sword Boomerang","Disarm"],"picked":"Flex","floor":8},{"not_picked":["Iron Wave","Pommel Strike"],"picked":"Warcry","floor":10},{"not_picked":["Pummel","Metallicize"],"picked":"Flex","floor":11},{"not_picked":["True Grit","Rupture"],"picked":"Dark Embrace","floor":13},{"not_picked":["Iron Wave","Combust"],"picked":"Headbutt","floor":14},{"not_picked":["Reaper","Dark Embrace"],"picked":"Bludgeon","floor":16},{"not_picked":["Rage","True Grit","Pommel Strike"],"picked":"SKIP","floor":18},{"not_picked":["Dropkick","Disarm"],"picked":"Dual Wield","floor":19},{"not_picked":["Heavy Blade+1","Flex"],"picked":"Flame Barrier","floor":20},{"not_picked":["Armaments","Dual Wield"],"picked":"Demon Form","floor":23},{"not_picked":["Hemokinesis","Sword Boomerang+1","Perfected Strike+1"],"picked":"SKIP","floor":24},{"not_picked":["True Grit","Pommel Strike","Burning Pact"],"picked":"Headbutt+1","floor":28},{"not_picked":["Sword Boomerang","Anger","Searing Blow","Clash"],"picked":"SKIP","floor":31}],"player_experience":70289,"relics_obtained":[{"floor":9,"key":"Ornamental Fan"},{"floor":13,"key":"Kunai"},{"floor":23,"key":"Matryoshka"},{"floor":26,"key":"Red Skull"},{"floor":26,"key":"Question Card"}],"event_choices":[{"damage_healed":0,"gold_gain":0,"player_choice":"Donut","damage_taken":0,"max_hp_gain":5,"max_hp_loss":0,"event_name":"Big Fish","floor":4,"gold_loss":0},{"damage_healed":0,"gold_gain":0,"player_choice":"Entered Light","damage_taken":17,"max_hp_gain":0,"max_hp_loss":0,"event_name":"Shining Light","floor":7,"gold_loss":0,"cards_upgraded":["Defend_R","Defend_R"]},{"damage_healed":0,"gold_gain":0,"player_choice":"Paid Fearfully","damage_taken":0,"max_hp_gain":0,"max_hp_loss":0,"event_name":"Masked Bandits","floor":22,"gold_loss":49},{"damage_healed":0,"gold_gain":99,"player_choice":"Stole From Cult","damage_taken":0,"max_hp_gain":0,"max_hp_loss":0,"event_name":"Nest","floor":29,"gold_loss":0},{"damage_healed":0,"gold_gain":0,"player_choice":"Ignored","damage_taken":0,"max_hp_gain":0,"max_hp_loss":0,"event_name":"Ghosts","floor":30,"gold_loss":0}],"is_beta":false,"boss_relics":[{"not_picked":["Lizard Tail","Calling Bell"],"picked":"Snecko Eye"}],"items_purged_floors":[21],"is_endless":false,"potions_floor_spawned":[1,10,14,16,18,23,28,31],"killed_by":"Champ","ascension_level":0}