{"gold_per_floor":[109,12,12,12,24,55,65,65,92,106,106,119,16,34,34,134,134,144,144,215,215,215,215,227,227,227,227,25,25,40,50,50,50],"floor_reached":33,"playtime":1112,"items_purged":[],"score":343,"play_id":"73e4b820-d29a-4341-a998-60a454f48b32","local_time":"20180702153120","is_ascension_mode":true,"campfire_choices":[{"floor":8,"key":"REST"},{"floor":11,"key":"REST"},{"floor":15,"key":"REST"},{"floor":23,"key":"REST"},{"floor":25,"key":"REST"},{"data":"Electrodynamics","floor":27,"key":"SMITH"},{"data":"Zap","floor":29,"key":"SMITH"},{"floor":32,"key":"REST"}],"neow_cost":"NONE","seed_source_timestamp":675766318415267,"circlet_count":0,"master_deck":["Strike_B","Strike_B","Strike_B","Defend_B","Defend_B","Defend_B","Defend_B","Zap+1","Dualcast","White Noise","Heatsinks","Redo","Streamline","Ball Lightning","Loop","Electrodynamics+1","Stack","Reboot","Ball Lightning","Decay","Loop","Tempest+1","Leap","Steam"],"relics":["Cracked Core","Bag of Marbles","Bag of Preparation","Orichalcum","Inserter","Bottled Tornado","Happy Flower","Anchor"],"potions_floor_usage":[6,14,16,16,33],"damage_taken":[{"damage":13,"enemies":"Small Slimes","floor":1,"turns":3},{"damage":6,"enemies":"Cultist","floor":5,"turns":3},{"damage":36,"enemies":"3 Sentries","floor":6,"turns":5},{"damage":3,"enemies":"2 Louse","floor":7,"turns":2},{"damage":2,"enemies":"Blue Slaver","floor":10,"turns":2},{"damage":20,"enemies":"Large Slime","floor":12,"turns":5},{"damage":10,"enemies":"2 Fungi Beasts","floor":14,"turns":4},{"damage":32,"enemies":"Slime Boss","floor":16,"turns":6},{"damage":13,"enemies":"3 Byrds","floor":18,"turns":2},{"damage":27,"enemies":"Spheric Guardian","floor":24,"turns":4},{"damage":29,"enemies":"Snake Plant","floor":30,"turns":3},{"damage":19,"enemies":"Centurion and Healer","floor":31,"turns":5},{"damage":76,"enemies":"Collector","floor":33,"turns":5}],"seed_played":"527676500508560327","potions_obtained":[{"floor":1,"key":"Weak Potion"},{"floor":7,"key":"Dexterity Potion"},{"floor":10,"key":"Strength Potion"},{"floor":24,"key":"Poison Potion"},{"floor":31,"key":"Energy Potion"}],"is_trial":false,"path_per_floor":["M","$","?","?","M","E","M","R","T","M","R","M","$","M","R","B",null,"M","?","T","?","?","R","M","R","T","R","$","R","M","M","R"],"character_chosen":"DEFECT","items_purchased":["Heatsinks","Redo","Fruit Juice","Anchor","Leap"],"campfire_rested":6,"item_purchase_floors":[2,2,13,28,28],"current_hp_per_floor":[55,55,55,48,42,6,3,25,25,23,45,25,25,20,44,12,63,50,50,50,50,50,74,47,71,71,71,71,71,42,23,47,0],"gold":50,"neow_bonus":"RANDOM_COMMON_RELIC","is_prod":false,"is_daily":false,"chose_seed":false,"campfire_upgraded":2,"win_rate":0,"timestamp":1530559880,"path_taken":["M","$","?","?","M","E","?","R","T","M","R","?","?","M","R","BOSS","M","?","?","?","?","R","M","R","T","R","$","R","M","M","R","BOSS"],"build_version":"2018-06-28","purchased_purges":0,"victory":false,"max_hp_per_floor":[75,75,75,75,75,75,75,75,75,75,75,75,75,80,80,80,80,80,80,80,80,80,80,80,80,80,80,80,80,80,80,80,80],"card_choices":[{"not_picked":["Conserve Battery","Ball Lightning"],"picked":"White Noise","floor":1},{"not_picked":["Scrape","Sweeping Beam","Stack"],"picked":"SKIP","floor":5},{"not_picked":["Sweeping Beam","Barrage"],"picked":"Streamline","floor":6},{"not_picked":["Double Energy","Barrage"],"picked":"Ball Lightning","floor":7},{"not_picked":["Gash","Go for the Eyes"],"picked":"Loop","floor":10},{"not_picked":["Coolheaded","Melter"],"picked":"Electrodynamics","floor":12},{"not_picked":["Turbo","Fusion"],"picked":"Stack","floor":14},{"not_picked":["All For One","Biased Cognition"],"picked":"Reboot","floor":16},{"not_picked":["Hologram+1","Redo"],"picked":"Ball Lightning","floor":18},{"not_picked":["Rebound","Heatsinks"],"picked":"Tempest+1","floor":24},{"not_picked":["Barrage+1","Rebound+1","Steam Power"],"picked":"SKIP","floor":30},{"not_picked":["Scrape","Hello World+1"],"picked":"Steam","floor":31}],"player_experience":919832,"relics_obtained":[{"floor":6,"key":"Bag of Preparation"},{"floor":9,"key":"Orichalcum"},{"floor":20,"key":"Bottled Tornado"},{"floor":26,"key":"Happy Flower"}],"event_choices":[{"event_name":"Accursed Blacksmith","player_choice":"Ignore","floor":3,"damage_taken":0},{"event_name":"Golden Wing","player_choice":"Card Removal","floor":4,"damage_taken":0},{"event_name":"Ghosts","player_choice":"Ignored","floor":19,"damage_taken":0},{"event_name":"Forgotten Altar","player_choice":"Smashed Altar","floor":21,"damage_taken":0},{"event_name":"Duplicator","player_choice":"One dupe","floor":22,"damage_taken":0}],"boss_relics":[{"not_picked":["White Beast Statue","Fusion Hammer"],"picked":"Inserter"}],"items_purged_floors":[],"is_endless":false,"potions_floor_spawned":[1,7,10,24,31],"killed_by":"Collector","ascension_level":8}