{"gold_per_floor":[364,376,161,180,192,192,204,204,204,204,52,83,100,100,100,197,197,213,232,242,253,253,253,263,263],"floor_reached":25,"playtime":1922,"items_purged":["Strike_G"],"score":321,"play_id":"ada710ac-36e6-41dc-88a1-d2c624d3ae4f","local_time":"20180805171957","is_ascension_mode":true,"campfire_choices":[{"data":"Neutralize","floor":6,"key":"SMITH"},{"data":"Cloak And Dagger","floor":8,"key":"SMITH"},{"floor":10,"key":"REST"},{"data":"Footwork","floor":15,"key":"SMITH"},{"data":"Noxious Fumes","floor":23,"key":"SMITH"}],"neow_cost":"FIFTY_PERCENT_DAMAGE","seed_source_timestamp":830696385060738,"circlet_count":0,"master_deck":["Defend_G","Defend_G","Defend_G","Defend_G","Defend_G","Strike_G","Strike_G","Strike_G","Strike_G","Survivor","Neutralize+1","AscendersBane","Cloak And Dagger+1","Quick Slash","Backflip","Noxious Fumes+1","Cloak And Dagger","Blade Dance","Footwork+1","Backstab","Leg Sweep","Adrenaline","Backflip","Well Laid Plans"],"relics":["Du-Vu Doll","Bottled Lightning","Torii","Sozu","Nloth\u0027s Gift"],"potions_floor_usage":[16,24,25],"damage_taken":[{"damage":1,"enemies":"Small Slimes","floor":1,"turns":5},{"damage":7,"enemies":"Jaw Worm","floor":2,"turns":8},{"damage":0,"enemies":"Cultist","floor":4,"turns":5},{"damage":0,"enemies":"Gremlin Gang","floor":5,"turns":7},{"damage":8,"enemies":"Exordium Wildlife","floor":7,"turns":7},{"damage":6,"enemies":"3 Sentries","floor":12,"turns":8},{"damage":0,"enemies":"Exordium Thugs","floor":13,"turns":5},{"damage":18,"enemies":"Hexaghost","floor":16,"turns":13},{"damage":23,"enemies":"Chosen","floor":18,"turns":5},{"damage":1,"enemies":"Spheric Guardian","floor":19,"turns":6},{"damage":0,"enemies":"Centurion and Healer","floor":20,"turns":7},{"damage":7,"enemies":"Snake Plant","floor":21,"turns":7},{"damage":1,"enemies":"Snecko","floor":24,"turns":6},{"damage":24,"enemies":"Gremlin Leader","floor":25,"turns":6}],"seed_played":"674898225900100650","potions_obtained":[{"floor":2,"key":"SteroidPotion"},{"floor":12,"key":"EssenceOfSteel"},{"floor":16,"key":"Ancient Potion"}],"is_trial":false,"path_per_floor":["M","M","$","M","M","R","M","R","T","R","$","E","M","?","R","B",null,"M","M","M","M","?","R","M"],"character_chosen":"THE_SILENT","items_purchased":["Quick Slash","Backflip","Noxious Fumes","Footwork","Backstab"],"campfire_rested":1,"item_purchase_floors":[3,3,3,11,11],"current_hp_per_floor":[31,24,24,24,24,24,16,16,16,37,37,31,31,28,28,10,55,32,31,31,24,24,24,23,0],"gold":263,"neow_bonus":"TWO_FIFTY_GOLD","is_prod":false,"is_daily":false,"chose_seed":false,"campfire_upgraded":4,"win_rate":0,"timestamp":1533507597,"path_taken":["M","M","$","M","M","R","M","R","T","R","$","E","M","?","R","BOSS","M","M","M","?","?","R","?","E"],"build_version":"2018-08-01","purchased_purges":1,"victory":false,"max_hp_per_floor":[70,70,70,70,70,70,70,70,70,70,70,70,70,70,70,70,70,70,70,70,70,70,70,70,70],"card_choices":[{"not_picked":["Deflect","Deadly Poison","Acrobatics"],"picked":"SKIP","floor":1},{"not_picked":["Deflect","Outmaneuver"],"picked":"Cloak And Dagger","floor":2},{"not_picked":["Backflip","Escape Plan"],"picked":"Cloak And Dagger","floor":4},{"not_picked":["Dagger Throw","Quick Slash"],"picked":"Blade Dance","floor":5},{"not_picked":["Acrobatics","Predator","Phantasmal Killer"],"picked":"SKIP","floor":7},{"not_picked":["Bane","Predator"],"picked":"Leg Sweep","floor":12},{"not_picked":["Slice","Acrobatics","Flechettes"],"picked":"SKIP","floor":13},{"not_picked":["Unload","Phantasmal Killer"],"picked":"Adrenaline","floor":16},{"not_picked":["Slice+1","Eviscerate"],"picked":"Backflip","floor":18},{"not_picked":["Quick Slash","Riddle With Holes+1"],"picked":"Well Laid Plans","floor":19},{"not_picked":["Underhanded Strike","Blade Dance","Deadly Poison+1"],"picked":"SKIP","floor":20},{"not_picked":["Quick Slash","Endless Agony","Poisoned Stab+1"],"picked":"SKIP","floor":21},{"not_picked":["Underhanded Strike","Bane+1","Bouncing Flask"],"picked":"SKIP","floor":24}],"player_experience":340526,"relics_obtained":[{"floor":9,"key":"Du-Vu Doll"},{"floor":12,"key":"Bottled Lightning"}],"event_choices":[{"event_name":"Scrap Ooze","player_choice":"success","floor":14,"damage_taken":3},{"event_name":"N\u0027loth","player_choice":"Traded a Ring of the Snake","floor":22,"damage_taken":0}],"is_beta":true,"boss_relics":[{"not_picked":["WristBlade","Astrolabe"],"picked":"Sozu"}],"items_purged_floors":[3],"is_endless":false,"potions_floor_spawned":[2,12,16,18,19],"killed_by":"Gremlin Leader","ascension_level":11}