{"gold_per_floor":[114,134,149,167,14,41,41,59,104,29,60,60,135,148,148,148],"floor_reached":16,"playtime":2441,"items_purged":["Strike_G"],"score":112,"play_id":"34171c0d-6c29-49df-824b-93637386817a","local_time":"20180707130315","is_ascension_mode":false,"campfire_choices":[{"data":"Calculated Gamble","floor":7,"key":"SMITH"},{"data":"Acrobatics","floor":12,"key":"SMITH"},{"floor":15,"key":"REST"}],"neow_cost":"","seed_source_timestamp":11363158362644,"circlet_count":0,"master_deck":["Defend_G","Defend_G","Defend_G","Defend_G","Defend_G","Strike_G","Strike_G","Strike_G","Strike_G","Survivor","Neutralize","Underhanded Strike","Endless Agony","Endless Agony","Dash","Calculated Gamble+1","Skewer","Acrobatics+1","Dagger Throw","Prepared"],"relics":["Ring of the Snake","Snake Skull","Sundial","Dream Catcher","Question Card"],"potions_floor_usage":[16,16],"damage_taken":[{"damage":0,"enemies":"Small Slimes","floor":1,"turns":5},{"damage":0,"enemies":"2 Louse","floor":2,"turns":4},{"damage":0,"enemies":"Cultist","floor":3,"turns":3},{"damage":0,"enemies":"Red Slaver","floor":4,"turns":4},{"damage":14,"enemies":"3 Sentries","floor":6,"turns":10},{"damage":0,"enemies":"2 Fungi Beasts","floor":8,"turns":4},{"damage":24,"enemies":"Lagavulin","floor":11,"turns":10},{"damage":10,"enemies":"Large Slime","floor":14,"turns":8},{"damage":38,"enemies":"Hexaghost","floor":16,"turns":12}],"seed_played":"3386046917975601176","potions_obtained":[{"floor":1,"key":"Poison Potion"},{"floor":6,"key":"AttackPotion"},{"floor":8,"key":"Fire Potion"}],"is_trial":false,"path_per_floor":["M","M","M","M","$","E","R","M","T","$","E","R","?","M","R"],"character_chosen":"THE_SILENT","items_purchased":["Snake Skull"],"campfire_rested":1,"item_purchase_floors":[5],"current_hp_per_floor":[70,70,70,70,70,56,56,56,56,56,32,32,21,11,32,0],"gold":148,"neow_bonus":"","is_prod":false,"is_daily":false,"chose_seed":false,"campfire_upgraded":2,"win_rate":0.0,"timestamp":1530934395,"path_taken":["M","M","M","M","$","E","R","M","T","$","E","R","?","M","R","BOSS"],"build_version":"2018-07-05","purchased_purges":1,"victory":false,"max_hp_per_floor":[70,70,70,70,70,70,70,70,70,70,70,70,70,70,70,70],"card_choices":[{"not_picked":["Heel Hook","PiercingWail"],"picked":"Underhanded Strike","floor":1},{"not_picked":["Skewer","Slice"],"picked":"Endless Agony","floor":2},{"not_picked":["Sucker Punch","Blur"],"picked":"Endless Agony","floor":3},{"not_picked":["Noxious Fumes","Underhanded Strike"],"picked":"Dash","floor":4},{"not_picked":["All Out Attack","Choke"],"picked":"Calculated Gamble","floor":6},{"not_picked":["Distraction","Well Laid Plans"],"picked":"Skewer","floor":8},{"not_picked":["Crippling Poison","Poisoned Stab"],"picked":"Acrobatics","floor":11},{"not_picked":["Dash","PiercingWail","Phantasmal Killer"],"picked":"Dagger Throw","floor":14},{"not_picked":["PiercingWail","Poisoned Stab","Dodge and Roll"],"picked":"Prepared","floor":15}],"player_experience":3961,"relics_obtained":[{"floor":6,"key":"Sundial"},{"floor":9,"key":"Dream Catcher"},{"floor":11,"key":"Question Card"}],"event_choices":[{"event_name":"World of Goop","player_choice":"Gather Gold","floor":13,"damage_taken":0}],"boss_relics":[],"items_purged_floors":[10],"is_endless":false,"potions_floor_spawned":[1,6,8],"killed_by":"Hexaghost","ascension_level":0}