{"gold_per_floor":[212,212,58,82,96,96,136,136,136,36,57,57,57,57,57,57],"floor_reached":16,"playtime":889,"items_purged":["Injury","Strike_R"],"score":152,"play_id":"526e04e5-ca4f-48a6-9088-46de8c86b239","local_time":"20180830195403","is_ascension_mode":true,"campfire_choices":[{"floor":6,"key":"REST"},{"data":"Carnage","floor":8,"key":"SMITH"},{"data":"Bash","floor":13,"key":"SMITH"},{"data":"Blood for Blood","floor":15,"key":"SMITH"}],"neow_cost":"NONE","seed_source_timestamp":848638399160978,"circlet_count":0,"master_deck":["Strike_R","Strike_R","Strike_R+1","Strike_R","Defend_R","Defend_R","Defend_R","Defend_R","Bash+1","AscendersBane","Pummel","Carnage+1","Feel No Pain","Pummel+1","Offering","Blood for Blood+1"],"relics":["Burning Blood","Golden Idol","Question Card","Singing Bowl"],"potions_floor_usage":[7,16],"damage_taken":[{"damage":7,"enemies":"Jaw Worm","floor":1,"turns":3},{"damage":20,"enemies":"Small Slimes","floor":4,"turns":3},{"damage":6,"enemies":"2 Louse","floor":5,"turns":3},{"damage":13,"enemies":"Gremlin Nob","floor":7,"turns":3},{"damage":17,"enemies":"Looter","floor":11,"turns":2},{"damage":50,"enemies":"Hexaghost","floor":16,"turns":9}],"seed_played":"-4511188049121807324","potions_obtained":[{"floor":1,"key":"Strength Potion"},{"floor":11,"key":"Weak Potion"}],"is_trial":false,"path_per_floor":["M","?","$","M","M","R","E","R","T","$","M","?","R","?","R"],"character_chosen":"IRONCLAD","items_purchased":["Carnage"],"campfire_rested":1,"item_purchase_floors":[3],"current_hp_per_floor":[71,71,71,57,57,80,73,73,73,73,62,62,62,46,46,0],"gold":57,"neow_bonus":"HUNDRED_GOLD","is_prod":false,"is_daily":false,"chose_seed":false,"campfire_upgraded":3,"win_rate":0,"timestamp":1535673243,"path_taken":["M","?","$","M","M","R","E","R","T","$","M","?","R","?","R","BOSS"],"build_version":"2018-08-23v2","purchased_purges":2,"victory":false,"max_hp_per_floor":[80,80,80,80,80,80,80,80,80,80,80,80,80,80,80,80],"card_choices":[{"not_picked":["Perfected Strike","Headbutt"],"picked":"Pummel","floor":1},{"not_picked":["Armaments","Shockwave"],"picked":"Feel No Pain","floor":4},{"not_picked":["Dual Wield","Sword Boomerang"],"picked":"Pummel","floor":5},{"not_picked":["Cleave","Shockwave"],"picked":"Offering","floor":7},{"not_picked":["Body Slam","Combust","Heavy Blade"],"picked":"Blood for Blood","floor":11}],"player_experience":1505196,"relics_obtained":[{"floor":7,"key":"Question Card"},{"floor":9,"key":"Singing Bowl"}],"event_choices":[{"event_name":"Golden Idol","player_choice":"Take Wound","floor":2,"damage_taken":0},{"event_name":"Liars Game","player_choice":"disagreed","floor":12,"damage_taken":0},{"event_name":"Shining Light","player_choice":"Entered Light","floor":14,"damage_taken":0}],"is_beta":false,"boss_relics":[],"items_purged_floors":[3,10],"is_endless":false,"potions_floor_spawned":[1,11],"killed_by":"Hexaghost","ascension_level":11}