{"gold_per_floor":[111,111,122,222,297,297,316,345,345,363,363,381,395,412,412,412],"floor_reached":16,"playtime":595,"items_purged":[],"score":104,"play_id":"b3fe545c-6403-4bbb-83a3-d675ef5340ff","local_time":"20180813162512","is_ascension_mode":false,"campfire_choices":[{"data":"Cleave","floor":6,"key":"SMITH"},{"data":"Armaments","floor":15,"key":"SMITH"}],"neow_cost":"CURSE","seed_source_timestamp":81734009920134,"circlet_count":0,"master_deck":["Strike_R","Strike_R","Strike_R","Strike_R","Strike_R","Defend_R","Defend_R","Defend_R+1","Defend_R","Bash","Pain","Iron Wave+1","Cleave+1","Pommel Strike","Cleave","Armaments+1","Perfected Strike"],"relics":["Burning Blood","Charon\u0027s Ashes","Meat on the Bone","Bottled Lightning","GremlinMask"],"potions_floor_usage":[16,16,16],"damage_taken":[{"damage":4,"enemies":"Cultist","floor":1,"turns":4},{"damage":2,"enemies":"Small Slimes","floor":3,"turns":3},{"damage":1,"enemies":"2 Louse","floor":7,"turns":3},{"damage":40,"enemies":"Gremlin Nob","floor":8,"turns":6},{"damage":3,"enemies":"Large Slime","floor":10,"turns":4},{"damage":16,"enemies":"Exordium Thugs","floor":12,"turns":4},{"damage":4,"enemies":"2 Fungi Beasts","floor":13,"turns":3},{"damage":3,"enemies":"Exordium Wildlife","floor":14,"turns":3},{"damage":53,"enemies":"Hexaghost","floor":16,"turns":10}],"seed_played":"6317519836250514877","potions_obtained":[{"floor":1,"key":"Swift Potion"},{"floor":3,"key":"GamblersBrew"},{"floor":8,"key":"GamblersBrew"},{"floor":14,"key":"FearPotion"}],"is_trial":false,"path_per_floor":["M","?","M","?","?","R","M","E","T","M","?","M","M","M","R"],"character_chosen":"IRONCLAD","items_purchased":[],"campfire_rested":0,"item_purchase_floors":[],"current_hp_per_floor":[80,64,68,68,57,57,62,28,28,43,43,45,47,50,50,0],"gold":412,"neow_bonus":"ONE_RARE_RELIC","is_prod":false,"is_daily":false,"chose_seed":false,"campfire_upgraded":2,"win_rate":0,"timestamp":1534143312,"path_taken":["M","?","M","?","?","R","M","E","T","M","?","?","?","M","R","BOSS"],"build_version":"2018-08-09","purchased_purges":0,"victory":false,"max_hp_per_floor":[80,80,80,80,80,80,80,80,80,80,80,80,80,80,80,80],"card_choices":[{"not_picked":["Dropkick","Bloodletting"],"picked":"Iron Wave","floor":1},{"not_picked":["Headbutt","Clothesline"],"picked":"Cleave","floor":3},{"not_picked":["Anger","Metallicize","Bloodletting"],"picked":"SKIP","floor":7},{"not_picked":["Entrench","Sword Boomerang"],"picked":"Pommel Strike","floor":8},{"not_picked":["Headbutt","Shrug It Off"],"picked":"Cleave","floor":10},{"not_picked":["Infernal Blade","Power Through","Barricade"],"picked":"SKIP","floor":12},{"not_picked":["Body Slam","Power Through"],"picked":"Armaments","floor":13},{"not_picked":["Pommel Strike","Shrug It Off"],"picked":"Perfected Strike","floor":14}],"player_experience":336004,"relics_obtained":[{"floor":8,"key":"Meat on the Bone"},{"floor":9,"key":"Bottled Lightning"}],"event_choices":[{"event_name":"Shining Light","player_choice":"Entered Light","floor":2,"damage_taken":0},{"event_name":"Wheel of Change","player_choice":"Gold","floor":4,"damage_taken":0},{"event_name":"World of Goop","player_choice":"Gather Gold","floor":5,"damage_taken":0},{"event_name":"FaceTrader","player_choice":"Trade","floor":11,"damage_taken":0}],"is_beta":false,"boss_relics":[],"items_purged_floors":[],"is_endless":false,"potions_floor_spawned":[1,3,8,10,14],"killed_by":"Hexaghost","ascension_level":0}