{"gold_per_floor":[112,112,37,37,212,238,238,284,357,357,376,389,406,432,432,535,535,548,209,134,134,82,82,95,113,113,138,150,166,185,100,100,204,204,218,318,333,352,366,366,366],"floor_reached":41,"playtime":1899,"items_purged":["Strike_R","Strike_R"],"score":453,"play_id":"be25c663-7143-48bf-a4da-4d14273803d0","local_time":"20190112000825","is_ascension_mode":false,"campfire_choices":[{"data":"True Grit","floor":7,"key":"SMITH"},{"floor":10,"key":"REST"},{"floor":15,"key":"REST"},{"data":"Spot Weakness","floor":23,"key":"SMITH"},{"floor":32,"key":"REST"},{"floor":40,"key":"REST"}],"neow_cost":"NONE","seed_source_timestamp":245838301464682,"circlet_count":0,"master_deck":["Strike_R","Defend_R","Defend_R","Defend_R","Defend_R","Bash","True Grit+1","Carnage","Disarm","Flame Barrier","Blood for Blood","Double Tap","Spot Weakness+1","Cleave","Rage","Demon Form","Metallicize+1","Flame Barrier","Rampage"],"relics":["Black Blood","Omamori","StoneCalendar","Centennial Puzzle","Bronze Scales","Singing Bowl","Juzu Bracelet","Sozu","Gremlin Horn","Shuriken","Red Mask","Blood Vial","Mango"],"potions_floor_usage":[14,33,33],"damage_taken":[{"damage":0,"enemies":"Small Slimes","floor":1,"turns":3},{"damage":35,"enemies":"3 Sentries","floor":6,"turns":7},{"damage":0,"enemies":"2 Louse","floor":11,"turns":2},{"damage":4,"enemies":"Cultist","floor":12,"turns":3},{"damage":5,"enemies":"Looter","floor":13,"turns":2},{"damage":34,"enemies":"Lagavulin","floor":14,"turns":6},{"damage":32,"enemies":"The Guardian","floor":16,"turns":11},{"damage":7,"enemies":"Shell Parasite","floor":18,"turns":5},{"damage":12,"enemies":"Spheric Guardian","floor":24,"turns":5},{"damage":10,"enemies":"Snake Plant","floor":25,"turns":3},{"damage":17,"enemies":"Masked Bandits","floor":27,"turns":4},{"damage":12,"enemies":"Centurion and Healer","floor":28,"turns":6},{"damage":17,"enemies":"Shelled Parasite and Fungi","floor":29,"turns":4},{"damage":15,"enemies":"Snake Plant","floor":30,"turns":2},{"damage":51,"enemies":"Collector","floor":33,"turns":8},{"damage":26,"enemies":"3 Darklings","floor":35,"turns":5},{"damage":10,"enemies":"Mind Bloom Boss Battle","floor":36,"turns":7},{"damage":15,"enemies":"Orb Walker","floor":37,"turns":4},{"damage":57,"enemies":"Transient","floor":38,"turns":5},{"damage":17,"enemies":"Sphere and 2 Shapes","floor":39,"turns":7},{"damage":88,"enemies":"Nemesis","floor":41,"turns":7}],"seed_played":"-4534161433022846317","potions_obtained":[{"floor":6,"key":"PowerPotion"},{"floor":13,"key":"Ancient Potion"},{"floor":14,"key":"Ancient Potion"}],"is_trial":false,"path_per_floor":["M","?","$","?","?","E","R","T","T","R","M","M","M","E","R","B",null,"M","$","?","?","$","R","M","M","T","?","M","M","M","?","R","B",null,"M","?","M","M","M","R","E"],"character_chosen":"IRONCLAD","items_purchased":["Gremlin Horn","Cleave"],"campfire_rested":4,"item_purchase_floors":[19,22],"current_hp_per_floor":[80,73,73,66,66,37,37,37,37,61,67,69,72,44,68,42,82,83,83,83,83,83,83,79,77,77,68,64,55,46,46,74,31,94,78,94,91,48,45,78,0],"gold":366,"neow_bonus":"RANDOM_COMMON_RELIC","is_prod":false,"is_daily":false,"chose_seed":false,"campfire_upgraded":2,"win_rate":0,"timestamp":1547269705,"path_taken":["M","?","$","?","?","E","R","?","T","R","M","?","M","E","R","BOSS","M","$","?","?","?","R","M","M","T","?","M","M","M","?","R","BOSS","M","?","M","M","M","R","E"],"build_version":"2019-01-10","purchased_purges":2,"victory":false,"max_hp_per_floor":[80,80,80,80,80,80,80,80,80,80,80,80,82,82,82,82,82,84,84,84,84,84,84,86,88,88,90,92,94,94,94,94,94,94,94,108,108,110,112,112,112],"card_choices":[{"not_picked":["Twin Strike","Hemokinesis"],"picked":"True Grit","floor":1},{"not_picked":["Infernal Blade","Body Slam"],"picked":"Carnage","floor":6},{"not_picked":["Iron Wave","Perfected Strike"],"picked":"Disarm","floor":11},{"not_picked":["Twin Strike","Thunderclap"],"picked":"Flame Barrier","floor":12},{"not_picked":["Anger","Searing Blow","Sword Boomerang"],"picked":"Singing Bowl","floor":13},{"not_picked":["Sword Boomerang","Body Slam"],"picked":"Blood for Blood","floor":14},{"not_picked":["Berserk","Limit Break"],"picked":"Double Tap","floor":16},{"not_picked":["Seeing Red","Rupture","Burning Pact+1"],"picked":"Singing Bowl","floor":18},{"not_picked":["Wild Strike","Cleave","Flame Barrier"],"picked":"Singing Bowl","floor":24},{"not_picked":["Blood for Blood","Twin Strike","Carnage+1"],"picked":"Singing Bowl","floor":25},{"not_picked":["Cleave","Body Slam","Seeing Red"],"picked":"Singing Bowl","floor":27},{"not_picked":["Infernal Blade+1","Clash","Twin Strike"],"picked":"Singing Bowl","floor":28},{"not_picked":["Hemokinesis","Warcry","Sever Soul+1"],"picked":"Singing Bowl","floor":29},{"not_picked":["Sever Soul+1","Combust"],"picked":"Rage","floor":30},{"not_picked":["Offering","Reaper"],"picked":"Demon Form","floor":33},{"not_picked":["True Grit","Searing Blow+1"],"picked":"Metallicize+1","floor":35},{"not_picked":["Body Slam+1","Feel No Pain"],"picked":"Flame Barrier","floor":36},{"not_picked":["Sentinel+1","Flame Barrier+1"],"picked":"Rampage","floor":37},{"not_picked":["Havoc+1","Armaments","Twin Strike+1"],"picked":"Singing Bowl","floor":38},{"not_picked":["Dual Wield+1","Flex+1","Evolve"],"picked":"Singing Bowl","floor":39}],"player_experience":2088979,"relics_obtained":[{"floor":6,"key":"Centennial Puzzle"},{"floor":8,"key":"Bronze Scales"},{"floor":9,"key":"Singing Bowl"},{"floor":14,"key":"Juzu Bracelet"},{"floor":26,"key":"Shuriken"},{"floor":27,"key":"Red Mask"},{"floor":36,"key":"Mango"}],"event_choices":[{"damage_healed":0,"gold_gain":0,"player_choice":"Success","damage_taken":7,"relics_obtained":["StoneCalendar"],"max_hp_gain":0,"max_hp_loss":0,"event_name":"Scrap Ooze","floor":2,"gold_loss":0},{"cards_removed":["Strike_R"],"damage_healed":0,"gold_gain":0,"player_choice":"Card Removal","damage_taken":7,"max_hp_gain":0,"max_hp_loss":0,"event_name":"Golden Wing","floor":4,"gold_loss":0},{"damage_healed":0,"gold_gain":175,"player_choice":"AGREE","damage_taken":0,"max_hp_gain":0,"max_hp_loss":0,"event_name":"Liars Game","floor":5,"gold_loss":0,"cards_obtained":["Doubt"]},{"cards_removed":["Strike_R"],"damage_healed":0,"gold_gain":0,"player_choice":"Gave Gold","damage_taken":0,"max_hp_gain":0,"max_hp_loss":0,"event_name":"Beggar","floor":20,"gold_loss":75},{"damage_healed":0,"gold_gain":0,"player_choice":"Read","damage_taken":0,"max_hp_gain":0,"max_hp_loss":0,"event_name":"The Library","floor":21,"gold_loss":0,"cards_obtained":["Spot Weakness"]},{"damage_healed":0,"gold_gain":0,"player_choice":"Fought Bandits","damage_taken":0,"max_hp_gain":0,"max_hp_loss":0,"event_name":"Masked Bandits","floor":27,"gold_loss":0},{"damage_healed":0,"gold_gain":0,"player_choice":"Obtained Relic","damage_taken":0,"relics_obtained":["Blood Vial"],"max_hp_gain":0,"max_hp_loss":0,"event_name":"Addict","floor":31,"gold_loss":85},{"damage_healed":0,"gold_gain":0,"player_choice":"Fight","damage_taken":0,"max_hp_gain":0,"max_hp_loss":0,"event_name":"MindBloom","floor":36,"gold_loss":0}],"is_beta":false,"boss_relics":[{"not_picked":["Tiny House","Cursed Key"],"picked":"Sozu"},{"not_picked":["Calling Bell","Fusion Hammer"],"picked":"Black Blood"}],"items_purged_floors":[3,19],"is_endless":false,"potions_floor_spawned":[6,13,14,25,27,30,39],"killed_by":"Nemesis","ascension_level":0}