{"gold_per_floor":[117,127,30,30,30,30,45,15,15,40,54,73,73,88,88,208,208,178,253,268,268],"floor_reached":21,"playtime":1357,"items_purged":["Pain"],"score":173,"play_id":"b228470f-f843-4e53-b86f-dff7efb0f961","local_time":"20190207142848","is_ascension_mode":false,"campfire_choices":[{"data":"Neutralize","floor":6,"key":"SMITH"},{"data":"Noxious Fumes","floor":13,"key":"SMITH"},{"data":"Well Laid Plans","floor":15,"key":"SMITH"}],"neow_cost":"CURSE","seed_source_timestamp":5216054804301,"circlet_count":0,"master_deck":["Defend_G","Defend_G","Defend_G","Defend_G","Defend_G","Strike_G","Survivor","Neutralize+1","Noxious Fumes+1","Escape Plan","Acrobatics","Blur","Well Laid Plans+1","Escape Plan","Venomology","Dodge and Roll+1","Terror+1","Footwork+1"],"relics":["Ring of the Snake","Girya","Golden Idol","Matryoshka","Astrolabe"],"potions_floor_usage":[18,20,21,21,21,21,21],"damage_taken":[{"damage":10,"enemies":"Jaw Worm","floor":1,"turns":6},{"damage":1,"enemies":"2 Louse","floor":2,"turns":4},{"damage":0,"enemies":"Cultist","floor":7,"turns":5},{"damage":0,"enemies":"Looter","floor":8,"turns":4},{"damage":11,"enemies":"Exordium Thugs","floor":10,"turns":6},{"damage":0,"enemies":"Blue Slaver","floor":11,"turns":6},{"damage":0,"enemies":"3 Louse","floor":12,"turns":4},{"damage":0,"enemies":"2 Fungi Beasts","floor":14,"turns":5},{"damage":3,"enemies":"The Guardian","floor":16,"turns":14},{"damage":26,"enemies":"2 Thieves","floor":18,"turns":5},{"damage":0,"enemies":"Shell Parasite","floor":20,"turns":8},{"damage":6,"enemies":"Colosseum Slavers","floor":21,"turns":7},{"damage":39,"enemies":"Colosseum Nobs","floor":21,"turns":4}],"seed_played":"7602004738712285551","potions_obtained":[{"floor":7,"key":"SteroidPotion"},{"floor":10,"key":"Poison Potion"},{"floor":11,"key":"SneckoOil"}],"is_trial":false,"path_per_floor":["M","M","$","?","?","R","M","M","T","M","M","M","R","M","R","B",null,"M","?","M","?"],"character_chosen":"THE_SILENT","items_purchased":["Acrobatics"],"campfire_rested":0,"item_purchase_floors":[3],"current_hp_per_floor":[60,59,59,52,52,52,52,52,52,41,41,41,41,41,41,38,65,39,33,33,0],"gold":268,"neow_bonus":"ONE_RARE_RELIC","is_prod":false,"is_daily":false,"chose_seed":false,"campfire_upgraded":3,"win_rate":0.0,"timestamp":1549546128,"path_taken":["M","M","$","?","?","R","?","M","T","M","M","?","R","M","R","BOSS","M","?","?","?"],"build_version":"2019-01-23","purchased_purges":1,"victory":false,"max_hp_per_floor":[70,70,70,70,65,65,65,65,65,65,65,65,65,65,65,65,65,65,65,65,65],"card_choices":[{"not_picked":["Outmaneuver","Backstab"],"picked":"Noxious Fumes","floor":1},{"not_picked":["Dagger Throw","Acrobatics"],"picked":"Escape Plan","floor":2},{"not_picked":["Poisoned Stab","Caltrops"],"picked":"Blur","floor":7},{"not_picked":["Sucker Punch","Flechettes","Calculated Gamble"],"picked":"SKIP","floor":8},{"not_picked":["Terror","Slice","Caltrops"],"picked":"SKIP","floor":10},{"not_picked":["Catalyst","Prepared","Reflex"],"picked":"SKIP","floor":11},{"not_picked":["Outmaneuver","Deflect"],"picked":"Well Laid Plans","floor":12},{"not_picked":["Masterful Stab","Backflip"],"picked":"Escape Plan","floor":14},{"not_picked":["Night Terror","Envenom"],"picked":"Venomology","floor":16},{"not_picked":["Underhanded Strike","Endless Agony","Dodge and Roll"],"picked":"SKIP","floor":18},{"not_picked":["Blade Dance+1","Dodge and Roll","Deflect"],"picked":"SKIP","floor":20}],"player_experience":8692,"relics_obtained":[{"floor":9,"key":"Matryoshka"}],"event_choices":[{"cards_removed":["Strike_G"],"damage_healed":0,"gold_gain":0,"player_choice":"Card Removal","damage_taken":7,"max_hp_gain":0,"max_hp_loss":0,"event_name":"Golden Wing","floor":4,"gold_loss":0},{"damage_healed":0,"gold_gain":0,"player_choice":"Lose Max HP","damage_taken":0,"relics_obtained":["Golden Idol"],"max_hp_gain":0,"max_hp_loss":5,"event_name":"Golden Idol","floor":5,"gold_loss":0},{"damage_healed":0,"gold_gain":75,"player_choice":"Touch","damage_taken":6,"max_hp_gain":0,"max_hp_loss":0,"event_name":"FaceTrader","floor":19,"gold_loss":0},{"damage_healed":0,"gold_gain":0,"player_choice":"Fight","damage_taken":0,"max_hp_gain":0,"max_hp_loss":0,"event_name":"Colosseum","floor":21,"gold_loss":0},{"damage_healed":0,"gold_gain":0,"player_choice":"Fought Nobs","damage_taken":0,"max_hp_gain":0,"max_hp_loss":0,"event_name":"Colosseum","floor":21,"gold_loss":0}],"is_beta":false,"boss_relics":[{"not_picked":["Runic Pyramid","Snecko Eye"],"picked":"Astrolabe"}],"items_purged_floors":[3],"is_endless":false,"potions_floor_spawned":[7,10,11,12,16,18,20],"killed_by":"Colosseum Nobs","ascension_level":0}