{"gold_per_floor":[210,6,6,16,29,29,64,64,113,125,157,157,171,70,70,144,144,159,84,98,98,98,98,98],"floor_reached":24,"playtime":1108,"items_purged":["Strike_R"],"score":377,"play_id":"f807fc5d-97ff-4282-9d3c-5d082fcab384","local_time":"20190206214122","is_ascension_mode":true,"campfire_choices":[{"data":"Limit Break","floor":6.0,"key":"SMITH"},{"floor":12.0,"key":"REST"},{"data":"Armaments","floor":15.0,"key":"SMITH"},{"data":"True Grit","floor":23.0,"key":"SMITH"}],"neow_cost":"NONE","seed_source_timestamp":285443085041793,"circlet_count":0,"master_deck":["AscendersBane","Strike_R","Strike_R","Defend_R","Defend_R","Defend_R","Defend_R","Bash","Armaments+1","Limit Break+1","Shrug It Off","Reaper","Inflame","Pummel","Pummel","Barricade","Thunderclap","True Grit+1","Reaper","Spot Weakness","Intimidate"],"special_seed":0,"relics":["Burning Blood","Art of War","Bag of Marbles","Anchor","Runic Pyramid"],"potions_floor_usage":[24],"damage_taken":[{"damage":10.0,"enemies":"2 Louse","floor":1.0,"turns":4.0},{"damage":11.0,"enemies":"Cultist","floor":4.0,"turns":5.0},{"damage":12.0,"enemies":"Jaw Worm","floor":5.0,"turns":6.0},{"damage":39.0,"enemies":"Gremlin Nob","floor":7.0,"turns":5.0},{"damage":17.0,"enemies":"Lots of Slimes","floor":10.0,"turns":4.0},{"damage":45.0,"enemies":"3 Sentries","floor":11.0,"turns":10.0},{"damage":25.0,"enemies":"Exordium Thugs","floor":13.0,"turns":6.0},{"damage":28.0,"enemies":"Hexaghost","floor":16.0,"turns":9.0},{"damage":7.0,"enemies":"Chosen","floor":18.0,"turns":5.0},{"damage":41.0,"enemies":"2 Thieves","floor":20.0,"turns":5.0},{"damage":101,"enemies":"3 Cultists","floor":24,"turns":5}],"seed_played":"6132428377731479152","potions_obtained":[{"floor":7.0,"key":"Poison Potion"},{"floor":13.0,"key":"PowerPotion"},{"floor":16.0,"key":"Ancient Potion"},{"floor":20.0,"key":"Poison Potion"}],"is_trial":false,"path_per_floor":["M","$","?","M","M","R","E","?","T","M","E","R","M","$","R","B",null,"M","?","M","$","?","R","M"],"character_chosen":"IRONCLAD","items_purchased":["Limit Break","Shrug It Off","True Grit"],"campfire_rested":1,"item_purchase_floors":[2,2,14],"current_hp_per_floor":[64,64,64,59,59,59,26,26,26,50,29,51,42,42,42,20,61,60,60,47,47,62,62,0],"gold":98,"neow_bonus":"HUNDRED_GOLD","is_prod":false,"is_daily":false,"chose_seed":false,"campfire_upgraded":3,"win_rate":0,"timestamp":1549507282,"path_taken":["M","$","?","M","?","R","E","?","T","M","E","R","?","?","R","BOSS","M","?","M","$","?","R","M"],"build_version":"2019-01-23","purchased_purges":1,"victory":false,"max_hp_per_floor":[75,75,75,75,75,75,75,75,75,75,75,75,75,75,75,75,75,75,75,75,75,75,75,75],"card_choices":[{"not_picked":["Havoc","Heavy Blade"],"picked":"Armaments","floor":1.0},{"not_picked":["Dropkick","Shockwave"],"picked":"Reaper","floor":4.0},{"not_picked":["Pummel","Body Slam"],"picked":"Inflame","floor":5.0},{"not_picked":["Rupture","Battle Trance"],"picked":"Pummel","floor":7.0},{"not_picked":["Thunderclap","Perfected Strike"],"picked":"Pummel","floor":10.0},{"not_picked":["Twin Strike","Fire Breathing"],"picked":"Barricade","floor":11.0},{"not_picked":["Havoc","Iron Wave"],"picked":"Thunderclap","floor":13.0},{"not_picked":["Limit Break","Immolate"],"picked":"Reaper","floor":16.0},{"not_picked":["Inflame","Anger"],"picked":"Spot Weakness","floor":18.0},{"not_picked":["Spot Weakness","Searing Blow"],"picked":"Intimidate","floor":20.0}],"player_experience":2333639,"relics_obtained":[{"floor":7.0,"key":"Art of War"},{"floor":9.0,"key":"Bag of Marbles"},{"floor":11.0,"key":"Anchor"}],"event_choices":[{"cards_removed":["Strike_R"],"damage_healed":0.0,"max_hp_gain":0.0,"max_hp_loss":0.0,"gold_gain":0.0,"event_name":"Purifier","player_choice":"Purged","floor":3.0,"gold_loss":0.0,"damage_taken":0.0},{"damage_healed":0.0,"max_hp_gain":0.0,"max_hp_loss":0.0,"gold_gain":0.0,"event_name":"Match and Keep!","player_choice":"0 cards matched","floor":8.0,"gold_loss":0.0,"damage_taken":0.0,"cards_obtained":[]},{"cards_removed":["Strike_R"],"damage_healed":0.0,"max_hp_gain":0.0,"max_hp_loss":0.0,"gold_gain":0.0,"event_name":"Beggar","player_choice":"Gave Gold","floor":19.0,"gold_loss":75.0,"damage_taken":0.0},{"damage_healed":15.0,"max_hp_gain":0.0,"max_hp_loss":0.0,"gold_gain":0.0,"event_name":"The Library","player_choice":"Heal","floor":22.0,"gold_loss":0.0,"damage_taken":0.0}],"is_beta":false,"boss_relics":[{"not_picked":["Coffee Dripper","Orrery"],"picked":"Runic Pyramid"}],"items_purged_floors":[14],"is_endless":false,"potions_floor_spawned":[7,13,16,20],"killed_by":"3 Cultists","ascension_level":17}