{"gold_per_floor":[118,128,145,145,160,160,193,193,218,218,230,246,261,272,272,370,370,384,299,222,252,267,267,144,161,214,214,226,226,33,47,47,146,146,158,172,220,220,239,239,253,253,253,271,282,294,56,56,56,56],"floor_reached":51,"playtime":2415,"items_purged":["Strike_R","Defend_R"],"score":806,"play_id":"0a21d729-c54a-41e0-9de0-80ce3ef28ce7","local_time":"20180630224744","is_ascension_mode":true,"campfire_choices":[{"data":"Rage","floor":6,"key":"SMITH"},{"data":"Shrug It Off","floor":8,"key":"SMITH"},{"data":"Iron Wave","floor":10,"key":"SMITH"},{"data":"Heavy Blade","floor":15,"key":"SMITH"},{"data":"Heavy Blade","floor":23,"key":"SMITH"},{"data":"J.A.X.","floor":27,"key":"SMITH"},{"floor":29,"key":"REST"},{"data":"Inflame","floor":32,"key":"SMITH"},{"data":"Limit Break","floor":40,"key":"SMITH"},{"floor":49,"key":"DIG"}],"neow_cost":"NONE","seed_source_timestamp":527845697418522,"circlet_count":0,"master_deck":["Strike_R","Strike_R","Strike_R","Defend_R","Defend_R","Defend_R","Bash","Headbutt","Shrug It Off+1","Rage+1","Cleave","Iron Wave+1","Heavy Blade+1","Inflame","Blood for Blood","Inflame+1","Reaper","J.A.X.+1","Heavy Blade+1","Shrug It Off","Clash","Doubt","Dark Shackles","Intimidate","Limit Break+1","Writhe","Injury"],"relics":["Burning Blood","Happy Flower","Du-Vu Doll","Vajra","Cursed Key","Self Forming Clay","Red Mask","Anchor","Busted Crown","Shovel","Gambling Chip","Meat on the Bone","Ornamental Fan","Art of War"],"potions_floor_usage":[16,16,21,33,33,33,39,50,50,50],"damage_taken":[{"damage":0,"enemies":"Cultist","floor":1,"turns":3},{"damage":7,"enemies":"Jaw Worm","floor":2,"turns":2},{"damage":0,"enemies":"Small Slimes","floor":3,"turns":3},{"damage":2,"enemies":"Looter","floor":5,"turns":2},{"damage":16,"enemies":"Gremlin Nob","floor":7,"turns":4},{"damage":19,"enemies":"Exordium Thugs","floor":11,"turns":4},{"damage":0,"enemies":"2 Fungi Beasts","floor":12,"turns":2},{"damage":4,"enemies":"Looter","floor":13,"turns":3},{"damage":0,"enemies":"Exordium Wildlife","floor":14,"turns":3},{"damage":26,"enemies":"Slime Boss","floor":16,"turns":8},{"damage":24,"enemies":"3 Byrds","floor":18,"turns":5},{"damage":2,"floor":21,"turns":3},{"damage":0,"enemies":"Chosen","floor":22,"turns":2},{"damage":19,"enemies":"Centurion and Healer","floor":25,"turns":4},{"damage":20,"enemies":"Snake Plant","floor":28,"turns":3},{"damage":3,"enemies":"Chosen and Byrds","floor":31,"turns":5},{"damage":53,"enemies":"Automaton","floor":33,"turns":8},{"damage":4,"enemies":"3 Shapes","floor":35,"turns":3},{"damage":3,"enemies":"Orb Walker","floor":36,"turns":2},{"damage":7,"floor":37,"turns":5},{"damage":22,"enemies":"Maw","floor":39,"turns":6},{"damage":18,"enemies":"3 Darklings","floor":41,"turns":5},{"damage":13,"floor":42,"turns":4},{"damage":3,"enemies":"Sphere and 2 Shapes","floor":44,"turns":3},{"damage":15,"enemies":"Maw","floor":45,"turns":5},{"damage":10,"enemies":"4 Shapes","floor":46,"turns":5},{"damage":20,"enemies":"Time Eater","floor":50,"turns":6}],"seed_played":"7751165993926352773","potions_obtained":[{"floor":3,"key":"SteroidPotion"},{"floor":7,"key":"Energy Potion"},{"floor":12,"key":"Poison Potion"},{"floor":16,"key":"PowerPotion"},{"floor":21,"key":"PowerPotion"},{"floor":28,"key":"Dexterity Potion"},{"floor":33,"key":"Block Potion"},{"floor":35,"key":"Block Potion"},{"floor":39,"key":"Dexterity Potion"},{"floor":44,"key":"Block Potion"}],"is_trial":false,"path_per_floor":["M","M","M","T","M","R","E","R","T","R","M","M","M","M","R","B",null,"M","?","?","?","M","R","$","M","T","R","M","R","$","M","R","B",null,"M","M","?","?","M","R","M","?","T","M","M","M","$","?","R","B"],"character_chosen":"IRONCLAD","items_purchased":["Shrug It Off","Dark Shackles","Ornamental Fan"],"campfire_rested":1,"item_purchase_floors":[24,30,47],"current_hp_per_floor":[80,79,80,80,80,80,70,70,70,70,57,63,65,71,71,51,80,62,62,62,66,72,72,72,67,67,67,59,80,80,80,80,38,80,80,80,80,80,64,64,77,70,70,80,80,76,76,76,76,80],"gold":56,"neow_bonus":"TRANSFORM_CARD","is_prod":false,"is_daily":false,"chose_seed":false,"campfire_upgraded":8,"win_rate":0,"timestamp":1530413264,"path_taken":["M","M","?","?","M","R","E","R","T","R","M","M","M","?","R","BOSS","M","?","?","?","M","R","?","M","T","R","M","R","$","M","R","BOSS","M","M","?","?","M","R","M","?","T","M","M","M","$","?","R","BOSS"],"build_version":"2018-06-28","purchased_purges":2,"victory":true,"max_hp_per_floor":[80,80,80,80,80,80,80,80,80,80,80,80,80,80,80,80,80,80,80,80,80,80,80,80,80,80,80,80,80,80,80,80,80,80,80,80,80,80,80,80,80,80,80,80,80,80,80,80,80,80],"card_choices":[{"not_picked":["Warcry","Clothesline"],"picked":"Headbutt","floor":1},{"not_picked":["Bloodletting","Flex"],"picked":"Shrug It Off","floor":2},{"not_picked":["Twin Strike","Armaments"],"picked":"Rage","floor":3},{"not_picked":["Sword Boomerang","Second Wind"],"picked":"Cleave","floor":5},{"not_picked":["Clothesline","Brutality"],"picked":"Iron Wave","floor":7},{"not_picked":["Clothesline","True Grit"],"picked":"Heavy Blade","floor":11},{"not_picked":["Twin Strike","Cleave"],"picked":"Inflame","floor":12},{"not_picked":["Havoc","Reckless Charge"],"picked":"Blood for Blood","floor":13},{"not_picked":["Rampage","Clash"],"picked":"Inflame","floor":14},{"not_picked":["Dark Embrace","Exhume"],"picked":"Reaper","floor":16},{"not_picked":["Feel No Pain+1","Cleave","Body Slam+1"],"picked":"SKIP","floor":18},{"not_picked":["Infernal Blade","Corruption"],"picked":"Heavy Blade","floor":22},{"not_picked":["Rage","Combust"],"picked":"Clash","floor":25},{"not_picked":["Twin Strike","Anger","Thunderclap"],"picked":"SKIP","floor":28},{"not_picked":["Bloodletting+1","Armaments"],"picked":"Intimidate","floor":31},{"not_picked":["Feed","Bludgeon"],"picked":"Limit Break","floor":33},{"not_picked":["Sword Boomerang"],"picked":"SKIP","floor":35},{"not_picked":["Searing Blow+1"],"picked":"SKIP","floor":36},{"not_picked":["Burning Pact+1"],"picked":"SKIP","floor":39},{"not_picked":["Spot Weakness+1"],"picked":"SKIP","floor":41},{"not_picked":["Flex"],"picked":"SKIP","floor":44},{"not_picked":["Pommel Strike+1"],"picked":"SKIP","floor":45},{"not_picked":["Entrench"],"picked":"SKIP","floor":46}],"player_experience":881348,"relics_obtained":[{"floor":4,"key":"Happy Flower"},{"floor":7,"key":"Du-Vu Doll"},{"floor":9,"key":"Vajra"},{"floor":21,"key":"Red Mask"},{"floor":26,"key":"Anchor"},{"floor":37,"key":"Shovel"},{"floor":42,"key":"Gambling Chip"},{"floor":43,"key":"Meat on the Bone"},{"floor":49,"key":"Art of War"}],"event_choices":[{"event_name":"Addict","player_choice":"Obtained Relic","floor":19,"damage_taken":0},{"event_name":"Drug Dealer","player_choice":"Got JAXXED","floor":20,"damage_taken":0},{"event_name":"Masked Bandits","player_choice":"Fought over 222 gold","floor":21,"damage_taken":0},{"event_name":"Mysterious Sphere","player_choice":"Fight","floor":37,"damage_taken":0},{"event_name":"Winding Halls","player_choice":"Writhe","floor":38,"damage_taken":0},{"event_name":"MindBloom","player_choice":"Fight","floor":42,"damage_taken":0},{"event_name":"Falling","player_choice":"Removed Attack","floor":48,"damage_taken":0}],"boss_relics":[{"not_picked":["Mark of Pain","Velvet Choker"],"picked":"Cursed Key"},{"not_picked":["Black Blood","Runic Cube"],"picked":"Busted Crown"}],"items_purged_floors":[24,30],"is_endless":false,"potions_floor_spawned":[3,7,12,14,16,21,28,33,35,39,44,46],"ascension_level":4}