{"gold_per_floor":[115,115,115,35,55,55,55,55,81,81,114,137,158,196,196,285,348,371,371,371,371],"floor_reached":21,"playtime":683,"items_purged":[],"score":392,"play_id":"21f3a16d-91e6-4662-bba7-7191a096c8a4","local_time":"20190215133104","is_ascension_mode":true,"campfire_choices":[{"data":"Rampage","floor":6.0,"key":"SMITH"},{"data":"Pommel Strike","floor":8.0,"key":"SMITH"},{"data":"Bash","floor":10.0,"key":"SMITH"},{"data":"Demon Form","floor":15.0,"key":"SMITH"}],"neow_cost":"NONE","seed_source_timestamp":122285219452820,"circlet_count":0,"master_deck":["AscendersBane","Strike_R+1","Strike_R","Strike_R","Defend_R+1","Defend_R+1","Defend_R","Defend_R","Bash+1","Shrug It Off","Rampage+1","Pommel Strike+1","Pommel Strike","Metallicize","Demon Form+1","Limit Break","Headbutt","Metallicize+1","Shrug It Off","Hemokinesis"],"special_seed":0,"relics":["Burning Blood","NeowsBlessing","Golden Idol","War Paint","Bag of Preparation","Juzu Bracelet","Tiny House"],"potions_floor_usage":[],"damage_taken":[{"damage":0.0,"enemies":"Jaw Worm","floor":1.0,"turns":1.0},{"damage":0.0,"enemies":"2 Louse","floor":5.0,"turns":1.0},{"damage":0.0,"enemies":"3 Sentries","floor":11.0,"turns":2.0},{"damage":4.0,"enemies":"Small Slimes","floor":12.0,"turns":4.0},{"damage":14.0,"enemies":"Exordium Wildlife","floor":13.0,"turns":4.0},{"damage":28.0,"enemies":"Lagavulin","floor":14.0,"turns":6.0},{"damage":35.0,"enemies":"Hexaghost","floor":16.0,"turns":10.0},{"damage":49.0,"enemies":"Spheric Guardian","floor":18.0,"turns":6.0},{"damage":0.0,"enemies":"3 Byrds","floor":19.0,"turns":1.0},{"damage":41,"enemies":"Centurion and Healer","floor":21,"turns":7}],"seed_played":"-3491202081463880934","potions_obtained":[{"floor":5.0,"key":"SkillPotion"},{"floor":11.0,"key":"Regen Potion"},{"floor":17.0,"key":"SmokeBomb"}],"is_trial":false,"path_per_floor":["M","?","?","$","M","R","$","R","T","R","E","M","M","E","R","B",null,"M","M","?","M"],"character_chosen":"IRONCLAD","items_purchased":["Rampage"],"campfire_rested":0,"item_purchase_floors":[4],"current_hp_per_floor":[74,48,48,48,54,54,54,54,54,54,60,62,54,46,46,17,66,23,29,29,0],"gold":371,"neow_bonus":"THREE_ENEMY_KILL","is_prod":false,"is_daily":false,"chose_seed":false,"campfire_upgraded":4,"win_rate":0,"timestamp":1550255464,"path_taken":["M","?","?","$","?","R","$","R","T","R","E","M","M","E","R","BOSS","M","M","?","M"],"build_version":"2019-01-23","purchased_purges":0,"victory":false,"max_hp_per_floor":[75,75,75,75,75,75,75,75,75,75,75,75,75,75,75,75,80,80,80,80,80],"card_choices":[{"not_picked":["Wild Strike","Cleave"],"picked":"Shrug It Off","floor":1.0},{"not_picked":["Anger","Searing Blow"],"picked":"Pommel Strike","floor":5.0},{"not_picked":["Searing Blow","Sentinel"],"picked":"Pommel Strike","floor":11.0},{"not_picked":["Perfected Strike","Body Slam","Battle Trance"],"picked":"SKIP","floor":12.0},{"not_picked":["Perfected Strike","Havoc"],"picked":"Metallicize","floor":13.0},{"not_picked":["Clash","Sword Boomerang"],"picked":"Demon Form","floor":14.0},{"not_picked":["Brutality","Offering"],"picked":"Limit Break","floor":16.0},{"not_picked":["Seeing Red","Cleave"],"picked":"Headbutt","floor":17.0},{"not_picked":["Blood for Blood","Burning Pact+1"],"picked":"Metallicize+1","floor":18.0}],"player_experience":2442142,"relics_obtained":[{"floor":9.0,"key":"War Paint"},{"floor":11.0,"key":"Bag of Preparation"},{"floor":14.0,"key":"Juzu Bracelet"}],"event_choices":[{"damage_healed":0.0,"max_hp_gain":0.0,"max_hp_loss":0.0,"gold_gain":0.0,"event_name":"Golden Idol","player_choice":"Take Damage","floor":2.0,"gold_loss":0.0,"damage_taken":26.0,"relics_obtained":["Golden Idol"]},{"damage_healed":0.0,"max_hp_gain":0.0,"max_hp_loss":0.0,"gold_gain":0.0,"event_name":"Shining Light","player_choice":"Ignored","floor":3.0,"gold_loss":0.0,"damage_taken":0.0},{"damage_healed":0.0,"max_hp_gain":0.0,"max_hp_loss":0.0,"gold_gain":0.0,"cards_transformed":["Strike_R","Strike_R"],"event_name":"Drug Dealer","player_choice":"Became Test Subject","floor":20.0,"gold_loss":0.0,"damage_taken":0.0,"cards_obtained":["Shrug It Off","Hemokinesis"]}],"is_beta":false,"boss_relics":[{"not_picked":["Black Star","Runic Dome"],"picked":"Tiny House"}],"items_purged_floors":[],"is_endless":false,"potions_floor_spawned":[5,11,13,19],"killed_by":"Centurion and Healer","ascension_level":17}