{"gold_per_floor":[119,133,61,61,61,72,72,90,90,90,108,122,122,122,122,241,241,262,282,318,341,341],"floor_reached":22,"playtime":2799,"items_purged":[],"score":178,"play_id":"3fa44efe-1eb0-4357-abc2-11e398e54368","local_time":"20190103115502","is_ascension_mode":false,"campfire_choices":[{"data":"Dualcast","floor":7.0,"key":"SMITH"},{"data":"Double Energy","floor":10.0,"key":"SMITH"},{"floor":15.0,"key":"REST"}],"neow_cost":"NONE","seed_source_timestamp":0,"circlet_count":0,"master_deck":["Strike_B","Strike_B","Strike_B","Strike_B","Defend_B","Defend_B","Defend_B","Defend_B","Zap","Dualcast+1","Sweeping Beam","Static Discharge","FTL","Barrage","Double Energy+1","Darkness","Compile Driver","Doom and Gloom","Barrage","Injury","Buffer","Skim+1","Redo","Static Discharge+1","Sweeping Beam"],"special_seed":0,"relics":["Cracked Core","NeowsBlessing","Pear","Question Card","Golden Idol","Sozu","Red Mask"],"potions_floor_usage":[],"damage_taken":[{"damage":0.0,"enemies":"Jaw Worm","floor":1.0,"turns":1.0},{"damage":0.0,"enemies":"Cultist","floor":2.0,"turns":1.0},{"damage":0.0,"enemies":"2 Louse","floor":6.0,"turns":1.0},{"damage":19.0,"enemies":"Blue Slaver","floor":8.0,"turns":3.0},{"damage":5.0,"enemies":"Looter","floor":11.0,"turns":2.0},{"damage":4.0,"enemies":"Exordium Wildlife","floor":12.0,"turns":2.0},{"damage":51.0,"enemies":"Slime Boss","floor":16.0,"turns":9.0},{"damage":5,"enemies":"Spheric Guardian","floor":18,"turns":3},{"damage":20,"enemies":"2 Thieves","floor":19,"turns":4},{"damage":19,"enemies":"Masked Bandits","floor":20,"turns":3},{"damage":35,"enemies":"Chosen and Byrds","floor":21,"turns":4},{"damage":10,"enemies":"Snake Plant","floor":22,"turns":1}],"seed_played":"2726485709030079263","potions_obtained":[{"floor":2.0,"key":"AttackPotion"},{"floor":12.0,"key":"Weak Potion"},{"floor":16.0,"key":"PowerPotion"}],"is_trial":false,"path_per_floor":["M","M","$","?","$","M","R","M","T","R","M","M","?","?","R","B",null,"M","M","?","M","M"],"character_chosen":"DEFECT","items_purchased":["FTL"],"campfire_rested":1,"item_purchase_floors":[3],"current_hp_per_floor":[75,75,75,75,75,75,75,56,66,66,61,57,45,45,70,19,85,80,60,41,6,0],"gold":341,"neow_bonus":"THREE_ENEMY_KILL","is_prod":false,"is_daily":false,"chose_seed":false,"campfire_upgraded":2,"win_rate":0.0,"timestamp":1546545302,"path_taken":["M","M","$","?","?","M","R","M","T","R","M","?","?","?","R","BOSS","M","M","?","M","M"],"build_version":"2018-12-20","purchased_purges":0,"victory":false,"max_hp_per_floor":[75,75,75,75,75,75,75,75,85,85,85,85,85,85,85,85,85,85,85,85,85,85],"card_choices":[{"not_picked":["Coolheaded","Stack"],"picked":"Sweeping Beam","floor":1.0},{"not_picked":["Beam Cell","Reinforced Body"],"picked":"Static Discharge","floor":2.0},{"not_picked":["Cold Snap","Conserve Battery"],"picked":"Darkness","floor":6.0},{"not_picked":["Capacitor","Cold Snap"],"picked":"Compile Driver","floor":8.0},{"not_picked":["Reprogram","Scrape"],"picked":"Doom and Gloom","floor":11.0},{"not_picked":["Ball Lightning","Blizzard"],"picked":"Barrage","floor":12.0},{"not_picked":["Machine Learning","Rainbow","Multi-Cast"],"picked":"Buffer","floor":16.0},{"not_picked":["Steam","Consume","Beam Cell"],"picked":"Skim+1","floor":18},{"not_picked":["Ball Lightning+1","Cold Snap","Steam"],"picked":"Redo","floor":19},{"not_picked":["Gash","Cold Snap","Consume+1"],"picked":"Static Discharge+1","floor":20},{"not_picked":["Steam","Coolheaded","Thunder Strike"],"picked":"Sweeping Beam","floor":21}],"player_experience":6663,"relics_obtained":[{"floor":9.0,"key":"Pear"},{"floor":20,"key":"Red Mask"}],"event_choices":[{"damage_healed":0.0,"max_hp_gain":0.0,"max_hp_loss":0.0,"gold_gain":0.0,"event_name":"Match and Keep!","player_choice":"2 cards matched","floor":4.0,"gold_loss":0.0,"damage_taken":0.0,"cards_obtained":["Barrage","Double Energy"]},{"damage_healed":0.0,"max_hp_gain":0.0,"max_hp_loss":0.0,"gold_gain":0.0,"event_name":"Match and Keep!","player_choice":"2 cards matched","floor":4.0,"gold_loss":0.0,"damage_taken":0.0,"cards_obtained":["Barrage","Double Energy"]},{"damage_healed":0.0,"max_hp_gain":0.0,"max_hp_loss":0.0,"gold_gain":0.0,"event_name":"Scrap Ooze","player_choice":"Success","floor":13.0,"gold_loss":0.0,"damage_taken":12.0,"relics_obtained":["Question Card"]},{"damage_healed":0.0,"max_hp_gain":0.0,"max_hp_loss":0.0,"gold_gain":0.0,"event_name":"Golden Idol","player_choice":"Take Wound","floor":14.0,"gold_loss":0.0,"damage_taken":0.0,"relics_obtained":["Golden Idol"],"cards_obtained":["Injury"]},{"damage_healed":0,"gold_gain":0,"player_choice":"Fought Bandits","damage_taken":0,"max_hp_gain":0,"max_hp_loss":0,"event_name":"Masked Bandits","floor":20,"gold_loss":0}],"is_beta":false,"boss_relics":[{"not_picked":["Ectoplasm","Orrery"],"picked":"Sozu"}],"items_purged_floors":[],"is_endless":false,"potions_floor_spawned":[2,12,16,20],"killed_by":"Snake Plant","ascension_level":0}