{"gold_per_floor":[112,26,40,140,150,150,170,170,193,248,20,95,95,95,95,197,197,214,61,61,73,73,73,87,100,100,100,100,100,100,25,25,122,122,137,137,152,163,163,163,0,13,68,87,87,87,62,62,62,62],"floor_reached":50,"playtime":6442,"items_purged":["Flying Knee"],"score":774,"play_id":"8212ca25-1f27-40c3-98b4-fe474516f481","local_time":"20180720200101","is_ascension_mode":true,"campfire_choices":[{"data":"Infinite Blades","floor":6,"key":"SMITH"},{"floor":8,"key":"REST"},{"data":"Adrenaline","floor":15,"key":"SMITH"},{"floor":23,"key":"REST"},{"floor":27,"key":"REST"},{"floor":32,"key":"REST"},{"floor":40,"key":"REST"},{"floor":45,"key":"REST"},{"floor":49,"key":"REST"}],"neow_cost":"NONE","seed_source_timestamp":589252915067246,"circlet_count":0,"master_deck":["Survivor","Neutralize","Blade Dance","Bouncing Flask","Infinite Blades+1","Leg Sweep","Deadly Poison","Sucker Punch","Riddle With Holes","Deadly Poison","Infinite Blades+1","Infinite Blades","PiercingWail","Adrenaline+1","Well Laid Plans","After Image","Dash","Poisoned Stab","Prepared","Poisoned Stab","Choke+1","Dodge and Roll+1","Madness","Madness","Backflip"],"relics":["Pandora\u0027s Box","Orichalcum","Juzu Bracelet","Busted Crown","Letter Opener","Regal Pillow","Sozu","Turnip","Red Mask","Anchor"],"potions_floor_usage":[33,33,50],"damage_taken":[{"damage":0,"enemies":"Cultist","floor":1,"turns":2},{"damage":0,"enemies":"2 Louse","floor":3,"turns":2},{"damage":12,"enemies":"Jaw Worm","floor":5,"turns":3},{"damage":14,"enemies":"Lots of Slimes","floor":7,"turns":4},{"damage":19,"enemies":"Slime Boss","floor":16,"turns":9},{"damage":17,"enemies":"2 Thieves","floor":18,"turns":4},{"damage":5,"enemies":"3 Byrds","floor":21,"turns":4},{"damage":5,"enemies":"3 Cultists","floor":24,"turns":6},{"damage":9,"enemies":"Centurion and Healer","floor":25,"turns":6},{"damage":59,"enemies":"Champ","floor":33,"turns":12},{"damage":17,"enemies":"3 Darklings","floor":35,"turns":5},{"damage":6,"floor":36,"turns":6},{"damage":6,"enemies":"3 Shapes","floor":37,"turns":5},{"damage":18,"enemies":"Transient","floor":38,"turns":5},{"damage":20,"enemies":"Sphere and 2 Shapes","floor":42,"turns":4},{"damage":27,"enemies":"4 Shapes","floor":44,"turns":7},{"damage":73,"enemies":"Time Eater","floor":50,"turns":9}],"seed_played":"-7252503525969319651","potions_obtained":[{"floor":3,"key":"Regen Potion"},{"floor":7,"key":"Energy Potion"},{"floor":21,"key":"GamblersBrew"},{"floor":33,"key":"Dexterity Potion"}],"is_trial":false,"path_per_floor":["M","$","M","?","M","R","M","R","T","T","$","?","?","?","R","B",null,"M","$","?","M","?","R","M","M","T","R","?","?","?","?","R","B",null,"M","?","M","M","?","R","?","M","T","M","R","?","$","$","R"],"character_chosen":"THE_SILENT","items_purchased":["Deadly Poison","Infinite Blades","Adrenaline","Well Laid Plans","Dash","Backflip"],"campfire_rested":7,"item_purchase_floors":[2,2,11,11,19,47],"current_hp_per_floor":[63,63,63,63,51,51,37,58,58,58,58,47,47,52,52,33,61,44,44,31,26,26,48,43,34,34,56,56,56,56,56,75,26,63,46,40,34,16,16,53,53,33,33,6,43,34,34,34,71,0],"gold":62,"neow_bonus":"BOSS_RELIC","is_prod":false,"is_daily":false,"chose_seed":false,"campfire_upgraded":2,"win_rate":0,"timestamp":1532131261,"path_taken":["M","$","M","?","M","R","M","R","T","?","$","?","?","?","R","BOSS","M","$","?","M","?","R","M","M","T","R","?","?","?","?","R","BOSS","M","?","M","M","?","R","?","M","T","M","R","?","?","$","R","BOSS"],"build_version":"2018-07-19v2","purchased_purges":1,"victory":false,"max_hp_per_floor":[70,70,70,70,70,70,70,70,70,70,70,70,70,70,70,70,70,70,70,75,75,75,75,75,75,75,75,75,75,75,75,75,75,75,75,75,75,75,75,75,75,75,75,75,75,75,75,75,75,75],"card_choices":[{"not_picked":["Flechettes","Bane","Deflect"],"picked":"SKIP","floor":1},{"not_picked":["Prepared","PiercingWail"],"picked":"Infinite Blades","floor":3},{"not_picked":["Distraction","Dagger Throw"],"picked":"PiercingWail","floor":5},{"not_picked":["Tactician","Prepared","Underhanded Strike"],"picked":"SKIP","floor":7},{"not_picked":["Night Terror","Envenom"],"picked":"After Image","floor":16},{"not_picked":[],"picked":"Dodge and Roll","floor":18},{"not_picked":["Deflect"],"picked":"SKIP","floor":21},{"not_picked":["Prepared"],"picked":"SKIP","floor":24},{"not_picked":[],"picked":"Poisoned Stab","floor":25},{"not_picked":[],"picked":"Poisoned Stab","floor":35},{"not_picked":[],"picked":"Choke+1","floor":37},{"not_picked":["Acrobatics"],"picked":"SKIP","floor":38},{"not_picked":["Prepared"],"picked":"SKIP","floor":42},{"not_picked":[],"picked":"Dodge and Roll+1","floor":44}],"player_experience":1205607,"relics_obtained":[{"floor":9,"key":"Orichalcum"},{"floor":10,"key":"Juzu Bracelet"},{"floor":26,"key":"Letter Opener"},{"floor":36,"key":"Turnip"},{"floor":43,"key":"Anchor"}],"event_choices":[{"event_name":"Golden Shrine","player_choice":"Pray","floor":4,"damage_taken":0},{"event_name":"World of Goop","player_choice":"Gather Gold","floor":12,"damage_taken":0},{"event_name":"Living Wall","player_choice":"Grow","floor":13,"damage_taken":0},{"event_name":"Bonfire Elementals","player_choice":"COMMON","floor":14,"damage_taken":0},{"event_name":"Forgotten Altar","player_choice":"Shed Blood","floor":20,"damage_taken":0},{"event_name":"Back to Basics","player_choice":"Elegance","floor":22,"damage_taken":0},{"event_name":"The Mausoleum","player_choice":"Yes","floor":28,"damage_taken":0},{"event_name":"Transmorgrifier","player_choice":"Transform","floor":29,"damage_taken":0},{"event_name":"Drug Dealer","player_choice":"Ignored","floor":30,"damage_taken":0},{"event_name":"Beggar","player_choice":"Gave Gold","floor":31,"damage_taken":0},{"event_name":"MindBloom","player_choice":"Fight","floor":36,"damage_taken":0},{"event_name":"SensoryStone","player_choice":"Memory 1","floor":39,"damage_taken":0},{"event_name":"Tomb of Lord Red Mask","player_choice":"Paid","floor":41,"damage_taken":0},{"event_name":"Winding Halls","player_choice":"Embrace Madness","floor":46,"damage_taken":0}],"is_beta":false,"boss_relics":[{"not_picked":["Black Star","Runic Dome"],"picked":"Busted Crown"},{"not_picked":["Fusion Hammer","White Beast Statue"],"picked":"Sozu"}],"items_purged_floors":[19],"is_endless":false,"potions_floor_spawned":[3,7,21,33,35,36,37,38],"killed_by":"Time Eater","ascension_level":6}