{"gold_per_floor":[368,368,368,7,46,101,118,173,173,136,166,166,202,4,4,4],"floor_reached":16,"playtime":1012,"items_purged":["Strike_B"],"score":127,"play_id":"d3eacfad-c8ec-4730-8f5e-603baf7fac16","local_time":"20190209144431","is_ascension_mode":true,"campfire_choices":[{"floor":15,"key":"REST"}],"neow_cost":"TEN_PERCENT_HP_LOSS","seed_source_timestamp":2728471779817929,"circlet_count":0,"master_deck":["Strike_B","Strike_B","Defend_B","Defend_B","Defend_B","Defend_B","Zap","Dualcast","HandOfGreed","Blind","Darkness","Reinforced Body","Reboot","Conserve Battery"],"relics":["Cracked Core","Cables","Ginger","Golden Idol","Shuriken","ClockworkSouvenir"],"potions_floor_usage":[13,13,13],"damage_taken":[{"damage":0,"enemies":"2 Louse","floor":1,"turns":3},{"damage":0,"enemies":"Jaw Worm","floor":5,"turns":2},{"damage":11,"enemies":"Small Slimes","floor":6,"turns":4},{"damage":4,"enemies":"Blue Slaver","floor":7,"turns":3},{"damage":15,"enemies":"Lagavulin","floor":8,"turns":7},{"damage":1,"enemies":"Looter","floor":11,"turns":4},{"damage":4,"enemies":"Gremlin Nob","floor":13,"turns":4},{"damage":28,"enemies":"Slime Boss","floor":16,"turns":6}],"seed_played":"-6253145538302518406","potions_obtained":[{"floor":1,"key":"LiquidBronze"},{"floor":6,"key":"SpeedPotion"},{"floor":8,"key":"Fire Potion"},{"floor":11,"key":"EssenceOfSteel"}],"is_trial":false,"path_per_floor":["M","?","?","$","M","M","M","E","T","?","M","?","E","$","R","B"],"character_chosen":"DEFECT","items_purchased":["HandOfGreed","Blind","ClockworkSouvenir"],"campfire_rested":1,"item_purchase_floors":[4,4,14],"current_hp_per_floor":[68,61,36,36,36,25,21,6,6,6,5,5,1,1,19,0],"gold":4,"neow_bonus":"TWO_FIFTY_GOLD","is_prod":false,"is_daily":false,"chose_seed":false,"campfire_upgraded":0,"win_rate":0,"timestamp":1549745071,"path_taken":["M","?","?","?","M","M","M","E","T","?","?","?","E","$","R","BOSS"],"build_version":"2019-02-06","purchased_purges":1,"victory":false,"max_hp_per_floor":[68,68,68,68,68,68,68,68,68,68,68,63,63,63,63,63],"card_choices":[{"not_picked":["Blizzard","Defragment","Hologram"],"picked":"SKIP","floor":1},{"not_picked":["Compile Driver","Streamline"],"picked":"Darkness","floor":5},{"not_picked":["Coolheaded","Streamline"],"picked":"Reinforced Body","floor":6},{"not_picked":["Chill","Leap","Steam"],"picked":"SKIP","floor":7},{"not_picked":["Scrape","Machine Learning"],"picked":"Reboot","floor":8},{"not_picked":["Rebound","Coolheaded"],"picked":"Conserve Battery","floor":11},{"not_picked":["Stack","Force Field","Reinforced Body"],"picked":"SKIP","floor":13}],"player_experience":74677,"relics_obtained":[{"floor":8,"key":"Ginger"},{"floor":13,"key":"Shuriken"}],"event_choices":[{"cards_removed":["Strike_B"],"damage_healed":0,"gold_gain":0,"player_choice":"Card Removal","damage_taken":7,"max_hp_gain":0,"max_hp_loss":0,"event_name":"Golden Wing","floor":2,"gold_loss":0},{"damage_healed":0,"gold_gain":0,"player_choice":"Success","damage_taken":25,"relics_obtained":["Cables"],"max_hp_gain":0,"max_hp_loss":0,"event_name":"Scrap Ooze","floor":3,"gold_loss":0},{"damage_healed":0,"gold_gain":0,"player_choice":"Left Gold","damage_taken":0,"max_hp_gain":0,"max_hp_loss":0,"event_name":"World of Goop","floor":10,"gold_loss":37},{"damage_healed":0,"gold_gain":0,"player_choice":"Lose Max HP","damage_taken":0,"relics_obtained":["Golden Idol"],"max_hp_gain":0,"max_hp_loss":5,"event_name":"Golden Idol","floor":12,"gold_loss":0}],"is_beta":true,"boss_relics":[],"items_purged_floors":[4],"is_endless":false,"potions_floor_spawned":[1,6,8,11],"killed_by":"Slime Boss","ascension_level":3}