{"gold_per_floor":[119,139,152,170,120,148,148,148,173,173,18,36,46,46,46,46],"floor_reached":16,"playtime":549,"items_purged":[],"score":122,"play_id":"c63e10b7-3d38-47a9-8e8a-502b1a55aa93","local_time":"20180628164558","is_ascension_mode":true,"campfire_choices":[{"data":"Whirlwind","floor":7,"key":"SMITH"},{"data":"Flex","floor":10,"key":"SMITH"},{"data":"Warcry","floor":15,"key":"SMITH"}],"neow_cost":"NONE","seed_source_timestamp":335276204650620,"circlet_count":0,"master_deck":["Strike_R","Strike_R","Strike_R","Strike_R","Defend_R","Defend_R","Defend_R","Defend_R","Bash","Flex+1","Ghostly Armor","Whirlwind+1","Impervious","Warcry+1"],"relics":["Burning Blood","NeowsBlessing","Potion Belt","Strawberry","Vajra"],"potions_floor_usage":[4,6,16],"damage_taken":[{"damage":0,"enemies":"2 Louse","floor":1,"turns":1},{"damage":0,"enemies":"Jaw Worm","floor":2,"turns":1},{"damage":0,"enemies":"Cultist","floor":3,"turns":1},{"damage":7,"enemies":"Looter","floor":4,"turns":3},{"damage":38,"enemies":"Gremlin Nob","floor":6,"turns":4},{"damage":0,"enemies":"Gremlin Gang","floor":12,"turns":2},{"damage":0,"enemies":"3 Louse","floor":13,"turns":1},{"damage":66,"enemies":"Hexaghost","floor":16,"turns":10}],"seed_played":"-5941753173461668534","potions_obtained":[{"floor":1,"key":"PowerPotion"},{"floor":2,"key":"AttackPotion"},{"floor":3,"key":"EssenceOfSteel"}],"is_trial":false,"path_per_floor":["M","M","M","M","?","E","R","?","T","R","$","M","M","$","R"],"character_chosen":"IRONCLAD","items_purchased":["Vajra"],"campfire_rested":0,"item_purchase_floors":[11],"current_hp_per_floor":[80,80,80,79,79,47,47,47,54,54,54,60,66,66,66,0],"gold":46,"neow_bonus":"THREE_ENEMY_KILL","is_prod":false,"is_daily":false,"chose_seed":false,"campfire_upgraded":3,"win_rate":0,"timestamp":1530218758,"path_taken":["M","M","M","M","?","E","R","?","T","R","$","M","M","$","R","BOSS"],"build_version":"2018-06-21v2","purchased_purges":0,"victory":false,"max_hp_per_floor":[80,80,80,80,80,80,80,80,87,87,87,87,87,87,87,87],"card_choices":[{"not_picked":["Bloodletting","Uppercut"],"picked":"Flex","floor":1},{"not_picked":["Flame Barrier","Anger"],"picked":"Perfected Strike","floor":2},{"not_picked":["Thunderclap","Wild Strike"],"picked":"Ghostly Armor","floor":3},{"not_picked":["Shockwave","Havoc"],"picked":"Whirlwind","floor":4},{"not_picked":["Intimidate","Wild Strike"],"picked":"Impervious","floor":6},{"not_picked":["Corruption","Iron Wave","True Grit"],"picked":"SKIP","floor":12},{"not_picked":["Armaments","Clash"],"picked":"Warcry","floor":13}],"player_experience":826366,"relics_obtained":[{"floor":6,"key":"Potion Belt"},{"floor":9,"key":"Strawberry"}],"event_choices":[{"event_name":"The Cleric","player_choice":"Card Removal","floor":5,"damage_taken":0},{"event_name":"Living Wall","player_choice":"Forget","floor":8,"damage_taken":0}],"boss_relics":[],"items_purged_floors":[],"is_endless":false,"potions_floor_spawned":[1,2,3],"killed_by":"Hexaghost","ascension_level":4}