{"path_per_floor":["M","$","?","?","M","E","R","M","T","M","R","M","R","?","R","B",null,"M","?","?","?","M","R","M","E","T","M","T","$","R","M","R"],"character_chosen":"THE_SILENT","items_purchased":["Infinite Blades","PiercingWail","Bottled Tornado"],"gold_per_floor":[113,21,21,21,32,63,63,81,105,121,121,141,141,141,141,241,241,258,258,258,181,200,200,213,242,242,257,335,20,20,30,30,30],"floor_reached":33,"campfire_rested":4,"playtime":1716,"item_purchase_floors":[2,2,29],"current_hp_per_floor":[70,70,70,70,70,46,46,46,46,40,61,43,64,64,64,64,70,45,45,70,70,60,68,27,14,14,7,7,7,38,28,59,0],"items_purged":["Strike_G"],"gold":30,"score":378,"play_id":"b98d18e8-cb92-4c0b-959a-8bc5c77fc325","local_time":"20180618103123","is_prod":false,"is_daily":false,"chose_seed":false,"is_ascension_mode":true,"campfire_upgraded":3,"win_rate":0,"timestamp":1529332283,"campfire_choices":[{"data":"Infinite Blades","floor":7,"key":"SMITH"},{"floor":11,"key":"REST"},{"floor":13,"key":"REST"},{"data":"Blade Dance","floor":15,"key":"SMITH"},{"data":"Noxious Fumes","floor":23,"key":"SMITH"},{"floor":30,"key":"REST"},{"floor":32,"key":"REST"}],"path_taken":["M","$","?","?","M","E","R","?","T","M","R","?","R","?","R","BOSS","M","?","?","?","M","R","?","E","T","M","?","$","R","M","R","BOSS"],"build_version":"2018-06-14v2","seed_source_timestamp":369893622415566,"purchased_purges":1,"victory":false,"master_deck":["Defend_G+1","Defend_G+1","Defend_G","Defend_G","Defend_G","Strike_G","Strike_G","Strike_G","Survivor","Neutralize","All Out Attack","Infinite Blades+1","PiercingWail","Dagger Throw","Accuracy+1","Acrobatics","Cloak And Dagger","Blade Dance+1","Tactician","Noxious Fumes+1","J.A.X.","Reflex","Dodge and Roll","PiercingWail","Underhanded Strike","A Thousand Cuts"],"max_hp_per_floor":[70,70,70,70,70,70,70,70,70,70,70,70,70,70,70,70,70,70,70,70,70,70,70,70,70,70,70,70,70,70,70,70,70],"relics":["Ring of the Snake","War Paint","Art of War","Vajra","Eternal Feather","Oddly Smooth Stone","Dodecahedron","Toxic Egg 2","Bottled Tornado"],"card_choices":[{"not_picked":["Slice","Concentrate"],"picked":"All Out Attack","floor":1},{"not_picked":["Poisoned Stab","Concentrate"],"picked":"Escape Plan","floor":5},{"not_picked":["Sucker Punch","Blur"],"picked":"Accuracy","floor":6},{"not_picked":["Expertise","Sucker Punch"],"picked":"Acrobatics","floor":8},{"not_picked":["Dagger Throw","Bane"],"picked":"Cloak And Dagger","floor":10},{"not_picked":["Concentrate","Wraith Form v2"],"picked":"Blade Dance","floor":12},{"not_picked":["Burst","Corpse Explosion"],"picked":"Tactician","floor":16},{"not_picked":["Infinite Blades+1","Choke"],"picked":"Noxious Fumes","floor":18},{"not_picked":["Acrobatics","Prepared"],"picked":"Reflex","floor":22},{"not_picked":["Flechettes","Outmaneuver"],"picked":"Dodge and Roll","floor":24},{"not_picked":["Night Terror","Flying Knee+1"],"picked":"PiercingWail","floor":25},{"not_picked":["Acrobatics","Deadly Poison"],"picked":"Underhanded Strike","floor":27},{"not_picked":["Slice","Quick Slash+1"],"picked":"A Thousand Cuts","floor":31}],"player_experience":630745,"potions_floor_usage":[6,25,25,27],"damage_taken":[{"damage":0,"enemies":"Jaw Worm","floor":1,"turns":6},{"damage":0,"enemies":"2 Louse","floor":5,"turns":2},{"damage":24,"enemies":"Gremlin Nob","floor":6,"turns":4},{"damage":0,"enemies":"Cultist","floor":8,"turns":4},{"damage":6,"enemies":"3 Louse","floor":10,"turns":3},{"damage":18,"enemies":"Exordium Thugs","floor":12,"turns":3},{"damage":0,"enemies":"Slime Boss","floor":16,"turns":6},{"damage":25,"enemies":"Shell Parasite","floor":18,"turns":5},{"damage":10,"enemies":"Chosen","floor":22,"turns":5},{"damage":41,"enemies":"Sentry and Sphere","floor":24,"turns":6},{"damage":13,"enemies":"Gremlin Leader","floor":25,"turns":6},{"damage":24,"enemies":"3 Cultists","floor":27,"turns":5},{"damage":10,"enemies":"Snake Plant","floor":31,"turns":5},{"damage":61,"enemies":"Collector","floor":33,"turns":6}],"relics_obtained":[{"floor":6,"key":"Art of War"},{"floor":9,"key":"Vajra"},{"floor":25,"key":"Oddly Smooth Stone"},{"floor":26,"key":"Dodecahedron"},{"floor":28,"key":"Toxic Egg 2"}],"event_choices":[{"event_name":"The Cleric","player_choice":"Leave","floor":3,"damage_taken":0},{"event_name":"Transmorgrifier","player_choice":"Transform","floor":4,"damage_taken":0},{"event_name":"Liars Game","player_choice":"disagreed","floor":14,"damage_taken":0},{"event_name":"Upgrade Shrine","player_choice":"Upgraded","floor":19,"damage_taken":0},{"event_name":"Bonfire Elementals","player_choice":"UNCOMMON","floor":20,"damage_taken":0},{"event_name":"Drug Dealer","player_choice":"Got JAXXED","floor":21,"damage_taken":0}],"boss_relics":[{"not_picked":["Runic Dome","Pandora\u0027s Box"],"picked":"Eternal Feather"}],"items_purged_floors":[29],"is_endless":false,"potions_floor_spawned":[1,6,10,16,22,25,27],"seed_played":"5136399062382204321","killed_by":"Collector","ascension_level":4,"potions_obtained":[{"floor":1,"key":"Poison Potion"},{"floor":6,"key":"FairyPotion"},{"floor":10,"key":"Poison Potion"},{"floor":16,"key":"SkillPotion"},{"floor":22,"key":"Dexterity Potion"},{"floor":25,"key":"Fire Potion"},{"floor":27,"key":"SteroidPotion"}],"is_trial":false}