{"gold_per_floor":[111,76,1,12,27,27,47,62,62,62,82,97,127,137,137,137],"floor_reached":16,"playtime":354,"items_purged":["Well Laid Plans"],"score":96,"play_id":"e562a532-75a1-4a64-bad7-1b4016a0adfa","local_time":"20180727194044","is_ascension_mode":false,"campfire_choices":[{"data":"All Out Attack","floor":6,"key":"SMITH"},{"data":"Flechettes","floor":15,"key":"SMITH"}],"neow_cost":"NONE","seed_source_timestamp":26026518300917,"circlet_count":0,"master_deck":["Defend_G","Defend_G","Defend_G","Defend_G","Defend_G","Strike_G","Strike_G","Strike_G","Strike_G","Strike_G","Survivor","Neutralize","Backflip","All Out Attack+1","Bane","Die Die Die","Dagger Spray","Flechettes+1","Dodge and Roll"],"relics":["White Beast Statue","Nunchaku"],"potions_floor_usage":[8,11,12,16,16],"damage_taken":[{"damage":2,"enemies":"Small Slimes","floor":1,"turns":4},{"damage":5,"enemies":"Jaw Worm","floor":4,"turns":6},{"damage":4,"enemies":"Cultist","floor":5,"turns":4},{"damage":13,"enemies":"Lots of Slimes","floor":7,"turns":3},{"damage":5,"enemies":"2 Fungi Beasts","floor":8,"turns":3},{"damage":16,"enemies":"Red Slaver","floor":11,"turns":3},{"damage":0,"enemies":"Blue Slaver","floor":12,"turns":2},{"damage":0,"enemies":"3 Louse","floor":14,"turns":3},{"damage":27,"enemies":"Slime Boss","floor":16,"turns":6}],"seed_played":"-4153174273943893523","potions_obtained":[{"floor":1,"key":"Energy Potion"},{"floor":4,"key":"Regen Potion"},{"floor":5,"key":"Poison Potion"},{"floor":8,"key":"Strength Potion"},{"floor":11,"key":"FairyPotion"},{"floor":12,"key":"GamblersBrew"}],"is_trial":false,"path_per_floor":["M","?","$","M","M","R","M","M","T","?","M","M","?","M","R"],"character_chosen":"THE_SILENT","items_purchased":[],"campfire_rested":0,"item_purchase_floors":[],"current_hp_per_floor":[68,70,70,65,61,61,48,43,43,70,54,54,54,54,54,42],"gold":137,"neow_bonus":"BOSS_RELIC","is_prod":false,"is_daily":false,"chose_seed":false,"campfire_upgraded":2,"win_rate":0,"timestamp":1532686244,"path_taken":["M","?","$","M","?","R","M","M","T","?","M","M","?","M","R","BOSS"],"build_version":"2018-07-26","purchased_purges":1,"victory":false,"max_hp_per_floor":[70,70,70,70,70,70,70,70,70,70,70,70,70,70,70,70],"card_choices":[{"not_picked":["Slice","Acrobatics"],"picked":"Well Laid Plans","floor":1},{"not_picked":["Slice","Sucker Punch"],"picked":"Backflip","floor":4},{"not_picked":["Distraction","Calculated Gamble"],"picked":"All Out Attack","floor":5},{"not_picked":["Sucker Punch","Acrobatics"],"picked":"Bane","floor":7},{"not_picked":["Outmaneuver","Backflip"],"picked":"Die Die Die","floor":8},{"not_picked":["Infinite Blades","Deflect"],"picked":"Dagger Spray","floor":11},{"not_picked":["Masterful Stab","Distraction"],"picked":"Flechettes","floor":12},{"not_picked":["Deflect","PiercingWail"],"picked":"Dodge and Roll","floor":14}],"player_experience":267885,"relics_obtained":[{"floor":9,"key":"Nunchaku"}],"event_choices":[{"event_name":"The Cleric","player_choice":"Healed","floor":2,"damage_taken":0},{"event_name":"Wheel of Change","player_choice":"Full Heal","floor":10,"damage_taken":0},{"event_name":"Dead Adventurer","player_choice":"Searched \u00271\u0027 times","floor":13,"damage_taken":0}],"is_beta":false,"boss_relics":[],"items_purged_floors":[3],"is_endless":false,"potions_floor_spawned":[1,4,5,7,8,11,12,14],"killed_by":"Slime Boss","ascension_level":0}