{"gold_per_floor":[109,59,78,253,267,267,294,57,83,83,83],"floor_reached":11,"playtime":1060,"items_purged":["Doubt"],"score":82,"play_id":"9a05e071-eea0-4abf-8554-1a878bbf9b0c","local_time":"20190212195136","is_ascension_mode":true,"campfire_choices":[{"data":"Recycle","floor":6,"key":"SMITH"}],"neow_cost":"NONE","seed_source_timestamp":23975671975784,"circlet_count":0,"master_deck":["Strike_B","Strike_B","Strike_B","Defend_B","Defend_B","Defend_B","Zap","Dualcast","Machine Learning","Go for the Eyes","Glacier","Recycle+1","Turbo","Chrysalis","Hologram"],"relics":["Cracked Core","Smiling Mask"],"potions_floor_usage":[7,11],"damage_taken":[{"damage":13,"enemies":"Small Slimes","floor":1,"turns":3},{"damage":9,"enemies":"2 Louse","floor":3,"turns":4},{"damage":3,"enemies":"Jaw Worm","floor":5,"turns":7},{"damage":40,"enemies":"3 Sentries","floor":7,"turns":11},{"damage":10,"enemies":"Lagavulin","floor":11,"turns":3}],"seed_played":"4454700591140893109","potions_obtained":[{"floor":1,"key":"Explosive Potion"},{"floor":5,"key":"Dexterity Potion"}],"is_trial":false,"path_per_floor":["M","?","M","?","M","R","E","$","T","?","E"],"character_chosen":"DEFECT","items_purchased":["Chrysalis"],"campfire_rested":0,"item_purchase_floors":[8],"current_hp_per_floor":[62,62,53,53,50,50,10,10,10,10,0],"gold":83,"neow_bonus":"ONE_RANDOM_RARE_CARD","is_prod":false,"is_daily":false,"chose_seed":false,"campfire_upgraded":1,"win_rate":0,"timestamp":1549997496,"path_taken":["M","?","M","?","M","R","E","$","T","?","E"],"build_version":"2019-01-23","purchased_purges":1,"victory":false,"max_hp_per_floor":[75,75,75,75,75,75,75,75,75,75,75],"card_choices":[{"not_picked":["Force Field","BootSequence"],"picked":"Go for the Eyes","floor":1},{"not_picked":["Sweeping Beam","Compile Driver"],"picked":"Glacier","floor":3},{"not_picked":["Streamline","Static Discharge"],"picked":"Recycle","floor":5},{"not_picked":["Hyperbeam","Rebound"],"picked":"Turbo","floor":7}],"player_experience":70554,"relics_obtained":[{"floor":7,"key":"Smiling Mask"}],"event_choices":[{"cards_removed":["Strike_B"],"damage_healed":0,"gold_gain":0,"player_choice":"Card Removal","damage_taken":0,"max_hp_gain":0,"max_hp_loss":0,"event_name":"The Cleric","floor":2,"gold_loss":50},{"damage_healed":0,"gold_gain":175,"player_choice":"AGREE","damage_taken":0,"max_hp_gain":0,"max_hp_loss":0,"event_name":"Liars Game","floor":4,"gold_loss":0,"cards_obtained":["Doubt"]},{"damage_healed":0,"gold_gain":0,"cards_transformed":["Defend_B"],"player_choice":"Change","damage_taken":0,"max_hp_gain":0,"max_hp_loss":0,"event_name":"Living Wall","floor":10,"gold_loss":0,"cards_obtained":["Hologram"]}],"is_beta":false,"boss_relics":[],"items_purged_floors":[8],"is_endless":false,"potions_floor_spawned":[1,5],"killed_by":"Lagavulin","ascension_level":3}