{"gold_per_floor":[111,111,125,139,157,157,185,185,211,211],"floor_reached":10,"playtime":360,"items_purged":[],"score":133,"play_id":"71060e38-9658-4c44-8dde-1cf5f43be933","local_time":"20190210152718","is_ascension_mode":true,"campfire_choices":[{"data":"Neutralize","floor":6,"key":"SMITH"}],"neow_cost":"PERCENT_DAMAGE","seed_source_timestamp":143709044734069,"circlet_count":0,"master_deck":["AscendersBane","Defend_G","Defend_G","Defend_G","Defend_G","Strike_G","Strike_G","Survivor","Neutralize+1","Cloak And Dagger","Predator","Deflect","Flechettes","Envenom"],"relics":["Ring of the Snake","Boot","Oddly Smooth Stone"],"potions_floor_usage":[7,10],"damage_taken":[{"damage":2,"enemies":"2 Louse","floor":1,"turns":5},{"damage":0,"enemies":"Cultist","floor":3,"turns":4},{"damage":1,"enemies":"Jaw Worm","floor":4,"turns":3},{"damage":5,"enemies":"Red Slaver","floor":5,"turns":3},{"damage":17,"enemies":"3 Sentries","floor":7,"turns":14},{"damage":19,"enemies":"Gremlin Nob","floor":10,"turns":3}],"seed_played":"-5926139818052919069","potions_obtained":[{"floor":3,"key":"Dexterity Potion"},{"floor":7,"key":"EssenceOfSteel"}],"is_trial":false,"path_per_floor":["M","?","M","M","M","R","E","?","T","E"],"character_chosen":"THE_SILENT","items_purchased":[],"campfire_rested":0,"item_purchase_floors":[],"current_hp_per_floor":[42,42,42,41,36,36,19,19,19,0],"gold":211,"neow_bonus":"REMOVE_TWO","is_prod":false,"is_daily":false,"chose_seed":false,"campfire_upgraded":1,"win_rate":0,"timestamp":1549808838,"path_taken":["M","?","M","M","?","R","E","?","T","E"],"build_version":"2019-01-23","purchased_purges":0,"victory":false,"max_hp_per_floor":[66,66,66,66,66,66,66,66,66,66],"card_choices":[{"not_picked":["Bane","Backflip"],"picked":"Cloak And Dagger","floor":1},{"not_picked":["Poisoned Stab","PiercingWail"],"picked":"Predator","floor":3},{"not_picked":["Prepared","Accuracy"],"picked":"Deflect","floor":4},{"not_picked":["Endless Agony","Blade Dance"],"picked":"Flechettes","floor":5},{"not_picked":["Dagger Throw","Sucker Punch"],"picked":"Envenom","floor":7}],"player_experience":1389613,"relics_obtained":[{"floor":7,"key":"Boot"},{"floor":9,"key":"Oddly Smooth Stone"}],"event_choices":[{"cards_removed":["Defend_G"],"damage_healed":0,"gold_gain":0,"player_choice":"Offered Basic","damage_taken":0,"max_hp_gain":0,"max_hp_loss":0,"event_name":"Bonfire Elementals","floor":2,"gold_loss":0},{"cards_removed":["Strike_G"],"damage_healed":0,"gold_gain":0,"player_choice":"Purged","damage_taken":0,"max_hp_gain":0,"max_hp_loss":0,"event_name":"Purifier","floor":8,"gold_loss":0}],"is_beta":false,"boss_relics":[],"items_purged_floors":[],"is_endless":false,"potions_floor_spawned":[3,7],"killed_by":"Gremlin Nob","ascension_level":19}