{"gold_per_floor":[111,111,121,135,151,151,168,168,168,185,185,30,43,43,43,147,147,167,167,179,104,104,104,104,104,131,31,31,31,48,67,67,171,171,190,190,0,0,20,20,53,53,80,80,80,93,93,113,113,113],"floor_reached":50,"playtime":2025,"items_purged":["Strike_R","Parasite"],"score":732,"play_id":"ce4c5c26-eaef-4ab0-9878-4ab736737ee5","local_time":"20180629082142","is_ascension_mode":true,"campfire_choices":[{"data":"Searing Blow","floor":6,"key":"SMITH"},{"data":"Searing Blow+1","floor":8,"key":"SMITH"},{"floor":15,"key":"REST"},{"data":"Searing Blow+2","floor":23,"key":"SMITH"},{"data":"Searing Blow+3","floor":25,"key":"SMITH"},{"data":"Searing Blow+4","floor":28,"key":"SMITH"},{"floor":32,"key":"REST"},{"floor":40,"key":"REST"},{"floor":42,"key":"REST"},{"data":"Searing Blow+5","floor":44,"key":"SMITH"},{"floor":49,"key":"REST"}],"neow_cost":"FIFTY_PERCENT_DAMAGE","seed_source_timestamp":389934967682402,"circlet_count":0,"master_deck":["Strike_R","Defend_R","Defend_R","Defend_R","Defend_R","Bash","Thunderclap","Clash","Searing Blow+7","Shockwave","Double Tap","Headbutt+1","Necronomicurse","Battle Trance+1"],"relics":["Burning Blood","Champion Belt","Vajra","Pen Nib","Paper Frog","Runic Cube","Necronomicon","Omamori","Velvet Choker","Red Mask","Magic Flower","Potion Belt","Anchor"],"potions_floor_usage":[4,5,16,16,33,41,48],"damage_taken":[{"damage":0,"enemies":"2 Louse","floor":1,"turns":3},{"damage":7,"enemies":"Small Slimes","floor":3,"turns":3},{"damage":0,"enemies":"Cultist","floor":4,"turns":2},{"damage":8,"enemies":"Looter","floor":5,"turns":2},{"damage":10,"enemies":"Blue Slaver","floor":7,"turns":3},{"damage":16,"enemies":"Exordium Thugs","floor":10,"turns":4},{"damage":21,"enemies":"Exordium Wildlife","floor":13,"turns":6},{"damage":14,"enemies":"Slime Boss","floor":16,"turns":11},{"damage":0,"enemies":"Chosen","floor":18,"turns":4},{"damage":6,"enemies":"Spheric Guardian","floor":20,"turns":3},{"damage":5,"enemies":"3 Cultists","floor":30,"turns":5},{"damage":22,"enemies":"Centurion and Healer","floor":31,"turns":3},{"damage":21,"enemies":"Champ","floor":33,"turns":4},{"damage":43,"enemies":"3 Darklings","floor":35,"turns":8},{"damage":18,"floor":38,"turns":3},{"damage":26,"enemies":"3 Shapes","floor":39,"turns":4},{"damage":45,"enemies":"2 Orb Walkers","floor":41,"turns":4},{"damage":17,"enemies":"Sphere and 2 Shapes","floor":46,"turns":4},{"damage":8,"enemies":"4 Shapes","floor":48,"turns":3},{"damage":63,"enemies":"Awakened One","floor":50,"turns":4}],"seed_played":"410562374999149828","potions_obtained":[{"floor":3,"key":"Fruit Juice"},{"floor":4,"key":"Fire Potion"},{"floor":10,"key":"Dexterity Potion"},{"floor":13,"key":"Weak Potion"},{"floor":20,"key":"FairyPotion"},{"floor":31,"key":"LiquidBronze"},{"floor":35,"key":"Dexterity Potion"},{"floor":38,"key":"Swift Potion"}],"is_trial":false,"path_per_floor":["M","?","M","M","M","R","M","R","T","M","?","$","M","T","R","B",null,"M","?","M","$","?","R","?","R","T","$","R","?","M","M","R","B",null,"M","?","?","?","M","R","E","R","T","R","?","M","?","M","R"],"character_chosen":"IRONCLAD","items_purchased":["Pen Nib"],"campfire_rested":5,"item_purchase_floors":[12],"current_hp_per_floor":[46,46,45,56,54,54,50,50,50,40,61,61,46,46,71,63,85,85,85,85,85,69,69,69,69,69,69,69,82,82,66,82,67,82,45,45,45,33,16,40,21,45,45,45,45,37,37,38,62,0],"gold":113,"neow_bonus":"ONE_RARE_RELIC","is_prod":false,"is_daily":false,"chose_seed":false,"campfire_upgraded":6,"win_rate":0,"timestamp":1530274902,"path_taken":["M","?","M","M","M","R","M","R","T","M","?","$","M","?","R","BOSS","M","?","M","$","?","R","?","R","T","$","R","?","M","M","R","BOSS","M","?","?","?","M","R","E","R","T","R","?","M","?","M","R","BOSS"],"build_version":"2018-06-28","purchased_purges":2,"victory":false,"max_hp_per_floor":[80,80,80,85,85,85,85,85,85,85,85,85,85,85,85,85,85,85,85,85,85,85,85,85,85,85,82,82,82,82,82,82,82,82,82,82,82,82,82,82,82,82,82,82,82,82,82,82,82,82],"card_choices":[{"not_picked":["Twin Strike","Feel No Pain"],"picked":"Thunderclap","floor":1},{"not_picked":["Iron Wave","Sword Boomerang"],"picked":"Clash","floor":3},{"not_picked":["Seeing Red","Twin Strike"],"picked":"Searing Blow","floor":4},{"not_picked":["Thunderclap","Sword Boomerang"],"picked":"Shockwave","floor":5},{"not_picked":["Infernal Blade","Shockwave","Cleave"],"picked":"SKIP","floor":7},{"not_picked":["Wild Strike","Headbutt","Burning Pact"],"picked":"SKIP","floor":10},{"not_picked":["Shockwave","Wild Strike","Pommel Strike"],"picked":"SKIP","floor":13},{"not_picked":["Feed","Juggernaut"],"picked":"Double Tap","floor":16},{"not_picked":["True Grit","Whirlwind","Flex"],"picked":"SKIP","floor":18},{"not_picked":["Perfected Strike","Heavy Blade"],"picked":"Headbutt+1","floor":20},{"not_picked":["Havoc+1","Wild Strike","Dropkick"],"picked":"SKIP","floor":30},{"not_picked":["Thunderclap+1","Searing Blow","True Grit+1"],"picked":"SKIP","floor":31},{"not_picked":["Rampage","Warcry","Clash"],"picked":"SKIP","floor":35},{"not_picked":["Seeing Red","Pummel+1","Fire Breathing+1"],"picked":"SKIP","floor":39},{"not_picked":["Iron Wave","Heavy Blade"],"picked":"Battle Trance+1","floor":41},{"not_picked":["Sever Soul","Evolve","Twin Strike+1"],"picked":"SKIP","floor":46},{"not_picked":["Perfected Strike","Intimidate","Inflame+1"],"picked":"SKIP","floor":48}],"player_experience":839479,"relics_obtained":[{"floor":9,"key":"Vajra"},{"floor":14,"key":"Paper Frog"},{"floor":22,"key":"Necronomicon"},{"floor":26,"key":"Omamori"},{"floor":38,"key":"Magic Flower"},{"floor":41,"key":"Potion Belt"},{"floor":43,"key":"Anchor"}],"event_choices":[{"event_name":"Shining Light","player_choice":"Ignored","floor":2,"damage_taken":0},{"event_name":"Mushrooms","player_choice":"Healed and dodged fight","floor":11,"damage_taken":0},{"event_name":"Back to Basics","player_choice":"Elegance","floor":19,"damage_taken":0},{"event_name":"Cursed Tome","player_choice":"Obtained Book","floor":22,"damage_taken":0},{"event_name":"Ghosts","player_choice":"Ignored","floor":24,"damage_taken":0},{"event_name":"The Library","player_choice":"Heal","floor":29,"damage_taken":0},{"event_name":"Falling","player_choice":"Removed Attack","floor":36,"damage_taken":0},{"event_name":"Tomb of Lord Red Mask","player_choice":"Paid","floor":37,"damage_taken":0},{"event_name":"MindBloom","player_choice":"Fight","floor":38,"damage_taken":0},{"event_name":"Wheel of Change","player_choice":"Card Removal","floor":45,"damage_taken":0},{"event_name":"Upgrade Shrine","player_choice":"Upgraded","floor":47,"damage_taken":0}],"boss_relics":[{"not_picked":["Mark of Pain","Eternal Feather"],"picked":"Runic Cube"},{"not_picked":["Black Star","Philosopher\u0027s Stone"],"picked":"Velvet Choker"}],"items_purged_floors":[21,27],"is_endless":false,"potions_floor_spawned":[3,4,10,13,20,31,35,38],"killed_by":"Awakened One","ascension_level":4}