{"gold_per_floor":[369,369,11,27,41,75,75,75,101,120,139,139,174,174,174,270,270,288,301,301,311,43,77,77,97,97,12,27,27,62,72,72,174,174,192,202,202,222,239,239,268,268,292,17,17,37,37,57,57,57],"floor_reached":51,"playtime":3965,"items_purged":[],"score":824,"play_id":"e12f4dee-8153-4854-b505-295c34e0fa83","local_time":"20190208190109","is_ascension_mode":true,"campfire_choices":[{"floor":7,"key":"REST"},{"floor":12,"key":"REST"},{"floor":15,"key":"REST"},{"floor":24,"key":"REST"},{"floor":29,"key":"REST"},{"floor":32,"key":"REST"},{"floor":40,"key":"REST"},{"floor":45,"key":"REST"},{"floor":47,"key":"REST"},{"floor":49,"key":"REST"}],"neow_cost":"PERCENT_DAMAGE","seed_source_timestamp":2351591398882597,"circlet_count":0,"master_deck":["Defend_G","Defend_G","Defend_G","Defend_G","Defend_G","Strike_G","Strike_G","Strike_G","Strike_G","Strike_G","Survivor","Neutralize+1","PiercingWail","Well Laid Plans","PiercingWail","Bouncing Flask","Backflip","Well Laid Plans","Backflip","Escape Plan","Cloak And Dagger+1","Acrobatics","Infinite Blades","Footwork","Backflip","Underhanded Strike+1","Dodge and Roll","Concentrate+1","Burst","Backflip+1","Bouncing Flask+1","Doppelganger+1","Cloak And Dagger","After Image","After Image","Escape Plan+1","Parasite","Finisher","Flying Knee+1","Leg Sweep","Footwork","Prepared+1"],"relics":["Ring of the Snake","Snake Skull","Vajra","Happy Flower","Bronze Scales","Dodecahedron","Fusion Hammer","PreservedInsect","Smiling Mask","Pantograph","Lantern","Pen Nib","Astrolabe","Bag of Preparation","Blood Vial","ClockworkSouvenir"],"potions_floor_usage":[13,30,50],"damage_taken":[{"damage":2,"enemies":"Jaw Worm","floor":1,"turns":5},{"damage":2,"enemies":"2 Louse","floor":4,"turns":2},{"damage":0,"enemies":"Cultist","floor":5,"turns":3},{"damage":33,"enemies":"3 Sentries","floor":6,"turns":10},{"damage":9,"enemies":"2 Fungi Beasts","floor":10,"turns":3},{"damage":11,"enemies":"Large Slime","floor":11,"turns":7},{"damage":29,"enemies":"Gremlin Nob","floor":13,"turns":5},{"damage":41,"enemies":"Slime Boss","floor":16,"turns":13},{"damage":8,"enemies":"Chosen","floor":18,"turns":5},{"damage":9,"enemies":"Spheric Guardian","floor":19,"turns":5},{"damage":29,"enemies":"Snecko","floor":21,"turns":6},{"damage":0,"enemies":"Book of Stabbing","floor":23,"turns":3},{"damage":7,"enemies":"Cultist and Chosen","floor":25,"turns":6},{"damage":1,"enemies":"Snake Plant","floor":28,"turns":4},{"damage":21,"enemies":"Slavers","floor":30,"turns":4},{"damage":5,"enemies":"Centurion and Healer","floor":31,"turns":9},{"damage":26,"enemies":"Automaton","floor":33,"turns":12},{"damage":2,"enemies":"Orb Walker","floor":35,"turns":3},{"damage":12,"enemies":"3 Darklings","floor":36,"turns":6},{"damage":16,"enemies":"Maw","floor":38,"turns":6},{"damage":10,"enemies":"Writhing Mass","floor":39,"turns":5},{"damage":28,"enemies":"Nemesis","floor":41,"turns":7},{"damage":7,"enemies":"3 Darklings","floor":46,"turns":5},{"damage":2,"enemies":"Maw","floor":48,"turns":7},{"damage":45,"enemies":"Time Eater","floor":50,"turns":16}],"seed_played":"-916106443335859560","potions_obtained":[{"floor":4,"key":"PowerPotion"},{"floor":6,"key":"SpeedPotion"},{"floor":16,"key":"PowerPotion"},{"floor":21,"key":"SkillPotion"},{"floor":25,"key":"Swift Potion"},{"floor":33,"key":"SpeedPotion"},{"floor":41,"key":"Energy Potion"}],"is_trial":false,"path_per_floor":["M","?","$","M","M","E","R","?","T","M","M","R","E","?","R","B",null,"M","M","?","M","$","E","R","M","T","?","M","R","E","M","R","B",null,"M","M","?","M","M","R","E","?","T","$","R","M","R","M","R","B",null],"character_chosen":"THE_SILENT","items_purchased":["Well Laid Plans","Snake Skull","Vajra","Footwork","PreservedInsect","Backflip","Leg Sweep","ClockworkSouvenir"],"campfire_rested":10,"item_purchase_floors":[3,3,3,22,22,22,44,44],"current_hp_per_floor":[47,52,52,50,50,17,39,57,57,48,37,59,30,23,44,3,72,64,55,55,26,26,26,47,40,40,40,39,60,39,34,55,46,72,70,58,58,42,32,53,25,25,25,25,46,41,62,62,72,27],"gold":57,"neow_bonus":"TWO_FIFTY_GOLD","is_prod":false,"is_daily":false,"chose_seed":false,"campfire_upgraded":0,"win_rate":0,"timestamp":1549623669,"path_taken":["M","?","$","M","M","E","R","?","T","M","M","R","E","?","R","BOSS","M","M","?","M","$","E","R","?","T","?","M","R","E","M","R","BOSS","M","M","?","M","?","R","E","?","T","$","R","M","R","M","R","BOSS"],"build_version":"2019-01-23","purchased_purges":0,"victory":true,"max_hp_per_floor":[70,75,75,75,75,75,75,75,75,75,75,75,75,72,72,72,72,72,72,72,72,72,72,72,72,72,72,72,72,72,72,72,72,72,72,72,72,72,72,72,72,72,72,72,72,72,72,72,72,72],"card_choices":[{"not_picked":["Prepared","Poisoned Stab"],"picked":"PiercingWail","floor":1},{"not_picked":["Prepared","Setup"],"picked":"PiercingWail","floor":4},{"not_picked":["Masterful Stab","Acrobatics"],"picked":"Bouncing Flask","floor":5},{"not_picked":["Skewer","PiercingWail"],"picked":"Backflip","floor":6},{"not_picked":["Slice","Dagger Throw"],"picked":"Well Laid Plans","floor":10},{"not_picked":["Poisoned Stab","PiercingWail"],"picked":"Backflip","floor":11},{"not_picked":["Blade Dance","Terror"],"picked":"Escape Plan","floor":13},{"not_picked":["Phantasmal Killer","Wraith Form v2"],"picked":"Grand Finale","floor":16},{"not_picked":["Dodge and Roll","Quick Slash"],"picked":"Cloak And Dagger+1","floor":18},{"not_picked":["Reflex","Deadly Poison+1"],"picked":"Acrobatics","floor":19},{"not_picked":["All Out Attack","Acrobatics"],"picked":"Infinite Blades","floor":21},{"not_picked":["Phantasmal Killer","Prepared"],"picked":"Leg Sweep","floor":23},{"not_picked":["Backflip+1","Infinite Blades"],"picked":"Underhanded Strike+1","floor":25},{"not_picked":["Deadly Poison","Expertise+1"],"picked":"Tactician","floor":28},{"not_picked":["Reflex","Skewer+1"],"picked":"Dodge and Roll","floor":30},{"not_picked":["Reflex","Eviscerate"],"picked":"Concentrate+1","floor":31},{"not_picked":["Bullet Time","Venomology"],"picked":"Burst","floor":33},{"not_picked":["Flechettes+1","PiercingWail"],"picked":"Cloak And Dagger","floor":35},{"not_picked":["Blur","Cloak And Dagger"],"picked":"After Image","floor":36},{"not_picked":["Underhanded Strike+1","Dagger Spray"],"picked":"Escape Plan+1","floor":38},{"not_picked":["Skewer","Poisoned Stab"],"picked":"Finisher","floor":39},{"not_picked":["Acrobatics","Sucker Punch"],"picked":"Flying Knee+1","floor":41},{"not_picked":["Leg Sweep","Heel Hook+1"],"picked":"Footwork","floor":46},{"not_picked":["Sucker Punch+1","Dodge and Roll"],"picked":"Prepared+1","floor":48}],"player_experience":63475,"relics_obtained":[{"floor":6,"key":"Happy Flower"},{"floor":9,"key":"Bronze Scales"},{"floor":13,"key":"Dodecahedron"},{"floor":23,"key":"Smiling Mask"},{"floor":26,"key":"Pantograph"},{"floor":30,"key":"Pen Nib"},{"floor":41,"key":"Bag of Preparation"},{"floor":43,"key":"Blood Vial"}],"event_choices":[{"damage_healed":0,"gold_gain":0,"player_choice":"Donut","damage_taken":0,"max_hp_gain":5,"max_hp_loss":0,"event_name":"Big Fish","floor":2,"gold_loss":0},{"damage_healed":18,"gold_gain":0,"player_choice":"Healed and dodged fight","damage_taken":0,"max_hp_gain":0,"max_hp_loss":0,"event_name":"Mushrooms","floor":8,"gold_loss":0,"cards_obtained":["Parasite"]},{"cards_removed":["Parasite"],"damage_healed":0,"gold_gain":0,"player_choice":"Card Removal","damage_taken":7,"max_hp_gain":0,"max_hp_loss":0,"event_name":"Golden Wing","floor":14,"gold_loss":0},{"damage_healed":0,"gold_gain":0,"player_choice":"Upgraded","damage_taken":0,"max_hp_gain":0,"max_hp_loss":0,"event_name":"Upgrade Shrine","floor":20,"gold_loss":0,"cards_upgraded":["Neutralize"]},{"damage_healed":0,"gold_gain":0,"player_choice":"Obtained Relic","damage_taken":0,"relics_obtained":["Lantern"],"max_hp_gain":0,"max_hp_loss":0,"event_name":"Addict","floor":27,"gold_loss":85},{"damage_healed":0,"gold_gain":0,"player_choice":"Copied","damage_taken":0,"max_hp_gain":0,"max_hp_loss":0,"event_name":"Duplicator","floor":37,"gold_loss":0,"cards_obtained":["After Image"]},{"damage_healed":0,"gold_gain":0,"player_choice":"Ignored","damage_taken":0,"max_hp_gain":0,"max_hp_loss":0,"event_name":"The Moai Head","floor":42,"gold_loss":0}],"is_beta":false,"boss_relics":[{"not_picked":["Calling Bell","HoveringKite"],"picked":"Fusion Hammer"},{"not_picked":["Runic Pyramid","Eternal Feather"],"picked":"Astrolabe"}],"items_purged_floors":[],"is_endless":false,"potions_floor_spawned":[4,6,16,21,25,28,33,35,39,41],"ascension_level":2}