{"gold_per_floor":[217,232,232,245,255,255,205,216,216,216,240,252,252,268,268,268],"floor_reached":16,"playtime":789,"items_purged":[],"score":94,"play_id":"f1270e63-b584-43c0-979e-8196ec0117e8","local_time":"20190124131229","is_ascension_mode":false,"campfire_choices":[{"data":"Leg Sweep","floor":6,"key":"SMITH"},{"floor":15,"key":"REST"}],"neow_cost":"NONE","seed_source_timestamp":1108807308007427,"circlet_count":0,"master_deck":["Defend_G","Defend_G","Defend_G","Strike_G","Strike_G","Strike_G","Strike_G","Strike_G","Survivor","Neutralize","Dodge and Roll","Acrobatics","Leg Sweep+1","Terror","Footwork","Dagger Spray"],"relics":["Ring of the Snake","Pantograph","Omamori","Golden Idol"],"potions_floor_usage":[14,14],"damage_taken":[{"damage":7,"enemies":"Cultist","floor":1,"turns":4},{"damage":0,"enemies":"Jaw Worm","floor":2,"turns":5},{"damage":2,"enemies":"Small Slimes","floor":4,"turns":6},{"damage":0,"enemies":"Blue Slaver","floor":5,"turns":7},{"damage":6,"enemies":"3 Louse","floor":8,"turns":7},{"damage":4,"enemies":"Exordium Wildlife","floor":12,"turns":3},{"damage":5,"enemies":"Exordium Thugs","floor":14,"turns":4},{"damage":72,"enemies":"Slime Boss","floor":16,"turns":15}],"seed_played":"-8794910962885294361","potions_obtained":[{"floor":4,"key":"FearPotion"},{"floor":8,"key":"SpeedPotion"},{"floor":12,"key":"Fire Potion"}],"is_trial":false,"path_per_floor":["M","M","?","M","M","R","?","M","T","?","T","M","?","M","R","B"],"character_chosen":"THE_SILENT","items_purchased":[],"campfire_rested":1,"item_purchase_floors":[],"current_hp_per_floor":[63,63,68,66,66,66,66,60,60,53,53,49,32,27,48,0],"gold":268,"neow_bonus":"HUNDRED_GOLD","is_prod":false,"is_daily":false,"chose_seed":false,"campfire_upgraded":1,"win_rate":0.0,"timestamp":1548364349,"path_taken":["M","M","?","M","?","R","?","M","T","?","?","M","?","M","R","BOSS"],"build_version":"2019-01-23","purchased_purges":0,"victory":false,"max_hp_per_floor":[70,70,70,70,70,70,70,70,70,70,70,70,70,70,70,70],"card_choices":[{"not_picked":["Skewer","Dagger Throw"],"picked":"Dodge and Roll","floor":1},{"not_picked":["Backflip","Sucker Punch"],"picked":"PiercingWail","floor":2},{"not_picked":["Concentrate","Cloak And Dagger"],"picked":"Acrobatics","floor":4},{"not_picked":["Venomology","Acrobatics"],"picked":"Leg Sweep","floor":5},{"not_picked":["Deflect","Riddle With Holes"],"picked":"Terror","floor":8},{"not_picked":["All Out Attack","Slice"],"picked":"Footwork","floor":12},{"not_picked":["Sucker Punch","Distraction"],"picked":"Dagger Spray","floor":14}],"player_experience":147938,"relics_obtained":[{"floor":9,"key":"Pantograph"},{"floor":11,"key":"Omamori"}],"event_choices":[{"cards_removed":["PiercingWail"],"damage_healed":5,"gold_gain":0,"player_choice":"Offered Common","damage_taken":0,"max_hp_gain":0,"max_hp_loss":0,"event_name":"Bonfire Elementals","floor":3,"gold_loss":0},{"cards_removed":["PiercingWail"],"damage_healed":5,"gold_gain":0,"player_choice":"Offered Special","damage_taken":0,"max_hp_gain":0,"max_hp_loss":0,"event_name":"Bonfire Elementals","floor":3,"gold_loss":0},{"cards_removed":["Defend_G"],"damage_healed":0,"gold_gain":0,"player_choice":"Card Removal","damage_taken":0,"max_hp_gain":0,"max_hp_loss":0,"event_name":"The Cleric","floor":7,"gold_loss":50},{"cards_removed":["Defend_G"],"damage_healed":0,"gold_gain":0,"player_choice":"Card Removal","damage_taken":7,"max_hp_gain":0,"max_hp_loss":0,"event_name":"Golden Wing","floor":10,"gold_loss":0},{"damage_healed":0,"gold_gain":0,"player_choice":"Take Damage","damage_taken":17,"relics_obtained":["Golden Idol"],"max_hp_gain":0,"max_hp_loss":0,"event_name":"Golden Idol","floor":13,"gold_loss":0}],"is_beta":false,"boss_relics":[],"items_purged_floors":[],"is_endless":false,"potions_floor_spawned":[4,8,12],"killed_by":"Slime Boss","ascension_level":0}