{"path_per_floor":["M","M","$","?","?","E","?","R","T","M","R","M","R","?","R","B",null,"M","M","?","$","$"],"character_chosen":"DEFECT","items_purchased":["Doom and Gloom","Boot"],"gold_per_floor":[111,122,45,45,45,79,79,79,79,104,104,119,119,119,119,244,244,268,283,283,64,64,64],"floor_reached":23,"campfire_rested":3,"playtime":1234,"item_purchase_floors":[3,21],"current_hp_per_floor":[72,65,65,62,44,13,13,35,35,35,57,57,57,62,80,69,80,45,10,10,10,10,0],"items_purged":["Strike_B"],"gold":64,"score":187,"play_id":"913e4353-4b5b-4be3-bc4a-328d19fece91","local_time":"20180531232943","is_prod":false,"is_daily":false,"chose_seed":false,"is_ascension_mode":false,"campfire_upgraded":1,"win_rate":0.0,"timestamp":1527823783,"campfire_choices":[{"floor":8,"key":"REST"},{"floor":11,"key":"REST"},{"data":"Loop","floor":13,"key":"SMITH"},{"floor":15,"key":"REST"}],"path_taken":["M","M","$","?","?","E","?","R","T","?","R","M","R","?","R","BOSS","M","M","?","?","$","E"],"build_version":"2018-05-31","seed_source_timestamp":18688676820898,"purchased_purges":1,"victory":false,"master_deck":["Strike_B","Strike_B","Strike_B","Defend_B","Defend_B","Defend_B","Defend_B","Zap","Dualcast","Loop+1","Sweeping Beam","Doom and Gloom","Hello World","Steam","Redo","Machine Learning","Stack","Streamline","Blizzard","Coolheaded","Double Energy","Conserve Battery","Redo+1"],"max_hp_per_floor":[75,75,75,75,75,75,75,75,75,75,75,75,75,80,80,80,80,80,80,80,80,80,80],"relics":["Cracked Core","Bronze Scales","Golden Idol","Du-Vu Doll","Anchor","Orrery","Boot"],"card_choices":[{"not_picked":["Beam Cell","Conserve Battery"],"picked":"Loop","floor":1},{"not_picked":["Cold Snap","Redo"],"picked":"Sweeping Beam","floor":2},{"not_picked":["Double Energy","BootSequence"],"picked":"Hello World","floor":6},{"not_picked":["Ball Lightning","Aggregate"],"picked":"Steam","floor":10},{"not_picked":["Leap","Reprogram"],"picked":"Redo","floor":12},{"not_picked":["Thunder Strike","Creative AI"],"picked":"Machine Learning","floor":16},{"not_picked":["Steam","Beam Cell"],"picked":"Stack","floor":17},{"not_picked":["Chill","Steam"],"picked":"Streamline","floor":17},{"not_picked":["Beam Cell","Steam"],"picked":"Blizzard","floor":17},{"not_picked":["Hologram","Leap"],"picked":"Coolheaded","floor":17},{"not_picked":["Conserve Battery","Leap"],"picked":"Double Energy","floor":17},{"not_picked":["Double Energy+1","Go for the Eyes+1"],"picked":"Conserve Battery","floor":18},{"not_picked":["Doom and Gloom","Static Discharge"],"picked":"Redo+1","floor":19}],"player_experience":232716,"potions_floor_usage":[2,16,16,16],"damage_taken":[{"damage":3,"enemies":"Jaw Worm","floor":1,"turns":3},{"damage":7,"enemies":"2 Louse","floor":2,"turns":2},{"damage":31,"enemies":"Lagavulin","floor":6,"turns":5},{"damage":0,"enemies":"Small Slimes","floor":10,"turns":2},{"damage":0,"enemies":"2 Fungi Beasts","floor":12,"turns":2},{"damage":11,"enemies":"Slime Boss","floor":16,"turns":7},{"damage":35,"enemies":"2 Thieves","floor":18,"turns":4},{"damage":35,"enemies":"Chosen","floor":19,"turns":5},{"damage":10,"enemies":"Gremlin Leader","floor":23,"turns":2}],"relics_obtained":[{"floor":6,"key":"Du-Vu Doll"},{"floor":9,"key":"Anchor"}],"event_choices":[{"event_name":"Scrap Ooze","player_choice":"success","floor":4,"damage_taken":3},{"event_name":"Golden Idol","player_choice":"Take Damage","floor":5,"damage_taken":0},{"event_name":"The Lab","player_choice":"Got Potions","floor":7,"damage_taken":0},{"event_name":"Big Fish","player_choice":"Donut","floor":14,"damage_taken":0},{"event_name":"Ghosts","player_choice":"Ignored","floor":20,"damage_taken":0}],"boss_relics":[{"not_picked":["Runic Dome","Ectoplasm"],"picked":"Orrery"}],"items_purged_floors":[21],"potions_floor_spawned":[1,10,16],"seed_played":"5866214951182868128","killed_by":"Gremlin Leader","ascension_level":0,"potions_obtained":[{"floor":1,"key":"AttackPotion"},{"floor":7,"key":"LiquidBronze"},{"floor":7,"key":"Ancient Potion"},{"floor":7,"key":"Poison Potion"},{"floor":10,"key":"Explosive Potion"},{"floor":16,"key":"Ancient Potion"}],"is_trial":false}