{"gold_per_floor":[115,115,134,134,150,181,181,199,199,199,212,212,237,258,258,258],"floor_reached":16,"playtime":728,"items_purged":[],"score":172,"play_id":"f20941b4-cdbb-4a88-a950-56a65723dc6a","local_time":"20180806114314","is_ascension_mode":true,"campfire_choices":[{"floor":7,"key":"REST"},{"floor":10,"key":"REST"},{"floor":15,"key":"REST"}],"neow_cost":"","seed_source_timestamp":1015638916135406,"circlet_count":0,"master_deck":["Strike_B","Strike_B","Strike_B","Defend_B","Defend_B","Defend_B","Defend_B","Zap","Dualcast","AscendersBane","Melter","Cold Snap","Go for the Eyes","Glacier","Self Repair","Self Repair"],"relics":["Cracked Core","Golden Idol","Singing Bowl","Matryoshka"],"potions_floor_usage":[3,6,16],"damage_taken":[{"damage":0,"enemies":"2 Louse","floor":1,"turns":1},{"damage":7,"enemies":"Jaw Worm","floor":3,"turns":2},{"damage":4,"enemies":"Cultist","floor":5,"turns":3},{"damage":20,"enemies":"Lagavulin","floor":6,"turns":6},{"damage":10,"enemies":"Looter","floor":8,"turns":3},{"damage":10,"enemies":"Large Slime","floor":11,"turns":10},{"damage":16,"enemies":"Lots of Slimes","floor":13,"turns":4},{"damage":5,"enemies":"Red Slaver","floor":14,"turns":4},{"damage":68,"enemies":"Hexaghost","floor":16,"turns":16}],"seed_played":"-1244919058724249035","potions_obtained":[{"floor":1,"key":"Poison Potion"},{"floor":3,"key":"Block Potion"},{"floor":11,"key":"FearPotion"},{"floor":13,"key":"Strength Potion"}],"is_trial":false,"path_per_floor":["M","?","M","?","M","E","R","M","T","R","M","?","M","M","R"],"character_chosen":"DEFECT","items_purchased":[],"campfire_rested":3,"item_purchase_floors":[],"current_hp_per_floor":[68,68,61,43,39,19,41,31,31,53,52,45,38,40,63,0],"gold":258,"neow_bonus":"","is_prod":false,"is_daily":false,"chose_seed":false,"campfire_upgraded":0,"win_rate":0,"timestamp":1533570194,"path_taken":["M","?","M","?","M","E","R","M","T","R","M","?","M","M","R","BOSS"],"build_version":"2018-08-02","purchased_purges":0,"victory":false,"max_hp_per_floor":[75,75,75,75,75,75,75,75,75,75,77,77,79,79,79,79],"card_choices":[{"not_picked":["Compile Driver","Rip and Tear"],"picked":"Melter","floor":1},{"not_picked":["Streamline","Go for the Eyes"],"picked":"Cold Snap","floor":3},{"not_picked":["Fission","Beam Cell"],"picked":"Go for the Eyes","floor":5},{"not_picked":["Chill","Biased Cognition"],"picked":"Glacier","floor":6},{"not_picked":["Defragment","Coolheaded"],"picked":"Self Repair","floor":8},{"not_picked":["Storm","Stack","Reprogram"],"picked":"Singing Bowl","floor":11},{"not_picked":["Static Discharge","Steam","Ball Lightning"],"picked":"Singing Bowl","floor":13},{"not_picked":["Reinforced Body","Conserve Battery"],"picked":"Self Repair","floor":14}],"player_experience":1450551,"relics_obtained":[{"floor":6,"key":"Singing Bowl"},{"floor":9,"key":"Matryoshka"}],"event_choices":[{"event_name":"Shining Light","player_choice":"Ignored","floor":2,"damage_taken":0},{"event_name":"Golden Idol","player_choice":"Take Damage","floor":4,"damage_taken":0},{"event_name":"Golden Wing","player_choice":"Card Removal","floor":12,"damage_taken":0}],"is_beta":false,"boss_relics":[],"items_purged_floors":[],"is_endless":false,"potions_floor_spawned":[1,3,11,13],"killed_by":"Hexaghost","ascension_level":13}