{"gold_per_floor":[116,116,291,61,80,115,115,125,125,153,153,186,199,210,210,281,281,293,293,1,18,18,18,18,18,71,71,86,100,100,119,119,119],"floor_reached":33,"playtime":982,"items_purged":["Doubt"],"score":479,"play_id":"f1fa10f6-6d9a-4b9e-84d5-e6a4d77743d9","local_time":"20190114153624","is_ascension_mode":true,"campfire_choices":[{"data":"Spot Weakness","floor":7,"key":"SMITH"},{"data":"Searing Blow","floor":11,"key":"SMITH"},{"data":"Searing Blow+1","floor":15,"key":"SMITH"},{"data":"Heavy Blade","floor":23,"key":"SMITH"},{"data":"Searing Blow+2","floor":25,"key":"SMITH"},{"data":"Searing Blow+3","floor":27,"key":"SMITH"},{"data":"Searing Blow+4","floor":30,"key":"SMITH"},{"floor":32,"key":"REST"}],"neow_cost":"NONE","seed_source_timestamp":475210072966499,"circlet_count":0,"master_deck":["AscendersBane","Strike_R","Strike_R","Strike_R","Strike_R","Defend_R","Defend_R","Defend_R","Defend_R","Bash","Battle Trance","Spot Weakness+1","Rage","Twin Strike","Cleave","Shrug It Off","Rage","Searing Blow+5","Heavy Blade+1","Whirlwind","Anger","Impervious","Shrug It Off","Panacea","Writhe","Thunderclap"],"relics":["Burning Blood","NeowsBlessing","Du-Vu Doll","Turnip","Anchor","Potion Belt","Busted Crown","PreservedInsect","Juzu Bracelet","Pantograph","Centennial Puzzle"],"potions_floor_usage":[10,13,16,33],"damage_taken":[{"damage":0,"enemies":"Jaw Worm","floor":1,"turns":1},{"damage":0,"enemies":"2 Louse","floor":5,"turns":1},{"damage":0,"enemies":"3 Sentries","floor":6,"turns":1},{"damage":0,"enemies":"Cultist","floor":8,"turns":3},{"damage":23,"enemies":"Lagavulin","floor":10,"turns":5},{"damage":18,"enemies":"3 Sentries","floor":12,"turns":6},{"damage":0,"enemies":"Exordium Wildlife","floor":13,"turns":3},{"damage":0,"enemies":"Lots of Slimes","floor":14,"turns":2},{"damage":44,"enemies":"Hexaghost","floor":16,"turns":8},{"damage":3,"enemies":"3 Byrds","floor":18,"turns":3},{"damage":22,"enemies":"Shell Parasite","floor":21,"turns":5},{"damage":27,"enemies":"Sentry and Sphere","floor":28,"turns":4},{"damage":0,"enemies":"Centurion and Healer","floor":29,"turns":3},{"damage":16,"enemies":"Shelled Parasite and Fungi","floor":31,"turns":3},{"damage":88,"enemies":"Automaton","floor":33,"turns":8}],"seed_played":"1459693994436089057","potions_obtained":[{"floor":6,"key":"Block Potion"},{"floor":8,"key":"AttackPotion"},{"floor":12,"key":"AttackPotion"},{"floor":18,"key":"EssenceOfSteel"},{"floor":28,"key":"EssenceOfSteel"}],"is_trial":false,"path_per_floor":["M","?","?","$","M","E","R","M","T","E","R","E","M","M","R","B",null,"M","?","$","M","?","R","?","R","T","R","M","M","R","M","R","B"],"character_chosen":"IRONCLAD","items_purchased":["Spot Weakness","Rage","Twin Strike","PreservedInsect","Shrug It Off","Panacea"],"campfire_rested":1,"item_purchase_floors":[4,4,4,20,20,20],"current_hp_per_floor":[78,78,78,78,80,80,80,80,80,63,63,51,57,63,63,25,66,69,69,69,53,53,53,53,53,53,53,32,38,38,28,52,0],"gold":119,"neow_bonus":"THREE_ENEMY_KILL","is_prod":false,"is_daily":false,"chose_seed":false,"campfire_upgraded":7,"win_rate":0,"timestamp":1547498184,"path_taken":["M","?","?","?","M","E","R","M","T","E","R","E","M","?","R","BOSS","M","?","$","M","?","R","?","R","T","R","M","M","R","M","R","BOSS"],"build_version":"2019-01-10","purchased_purges":1,"victory":false,"max_hp_per_floor":[80,80,80,80,80,80,80,80,80,80,80,80,80,80,80,80,80,80,80,80,80,80,80,80,80,80,80,80,80,80,80,80,80],"card_choices":[{"not_picked":["Iron Wave","Shrug It Off"],"picked":"Battle Trance","floor":1},{"not_picked":["Burning Pact","Pommel Strike"],"picked":"Cleave","floor":5},{"not_picked":["Entrench","Twin Strike"],"picked":"Shrug It Off","floor":6},{"not_picked":["Cleave","Feel No Pain"],"picked":"Rage","floor":8},{"not_picked":["Combust","Warcry"],"picked":"Searing Blow","floor":10},{"not_picked":["Clothesline","Perfected Strike"],"picked":"Heavy Blade","floor":12},{"not_picked":["Pommel Strike","Wild Strike"],"picked":"Whirlwind","floor":13},{"not_picked":["Clothesline","Power Through"],"picked":"Anger","floor":14},{"not_picked":["Dark Embrace","Bludgeon"],"picked":"Impervious","floor":16},{"not_picked":["Clash"],"picked":"SKIP","floor":18},{"not_picked":["Perfected Strike"],"picked":"SKIP","floor":21},{"not_picked":[],"picked":"Thunderclap","floor":28},{"not_picked":["Carnage"],"picked":"SKIP","floor":29},{"not_picked":["Clothesline"],"picked":"SKIP","floor":31}],"player_experience":2118724,"relics_obtained":[{"floor":6,"key":"Du-Vu Doll"},{"floor":9,"key":"Turnip"},{"floor":10,"key":"Anchor"},{"floor":12,"key":"Potion Belt"},{"floor":26,"key":"Centennial Puzzle"}],"event_choices":[{"cards_removed":["Strike_R"],"damage_healed":0,"gold_gain":0,"player_choice":"Forget","damage_taken":0,"max_hp_gain":0,"max_hp_loss":0,"event_name":"Living Wall","floor":2,"gold_loss":0},{"damage_healed":0,"gold_gain":175,"player_choice":"AGREE","damage_taken":0,"max_hp_gain":0,"max_hp_loss":0,"event_name":"Liars Game","floor":3,"gold_loss":0,"cards_obtained":["Doubt"]},{"damage_healed":0,"gold_gain":0,"player_choice":"Ignored","damage_taken":0,"max_hp_gain":0,"max_hp_loss":0,"event_name":"Vampires","floor":19,"gold_loss":0},{"damage_healed":0,"gold_gain":0,"player_choice":"Gave Potion","damage_taken":0,"relics_obtained":["Juzu Bracelet"],"max_hp_gain":0,"max_hp_loss":0,"event_name":"WeMeetAgain","floor":22,"gold_loss":0},{"damage_healed":0,"gold_gain":0,"player_choice":"Opened","damage_taken":0,"relics_obtained":["Pantograph"],"max_hp_gain":0,"max_hp_loss":0,"event_name":"The Mausoleum","floor":24,"gold_loss":0,"cards_obtained":["Writhe"]}],"is_beta":false,"boss_relics":[{"not_picked":["Coffee Dripper","Runic Dome"],"picked":"Busted Crown"}],"items_purged_floors":[4],"is_endless":false,"potions_floor_spawned":[6,8,12,18,28],"killed_by":"Automaton","ascension_level":13}