{"gold_per_floor":[213,226,76,90,90,90,120,120,120,120,20,20,41,61,61,185,185,208,229,229],"floor_reached":20,"playtime":1017,"items_purged":["Strike_R","Strike_R"],"score":252,"play_id":"e933285a-009e-4180-b77e-23c910d95afd","local_time":"20180730211214","is_ascension_mode":true,"campfire_choices":[{"data":"Bash","floor":6.0,"key":"SMITH"},{"data":"Power Through","floor":8.0,"key":"SMITH"},{"data":"Blood for Blood","floor":12,"key":"SMITH"},{"floor":15,"key":"REST"}],"neow_cost":"NONE","seed_source_timestamp":444711288808310,"circlet_count":0,"master_deck":["Strike_R","Strike_R","Strike_R","Defend_R","Defend_R","Defend_R","Defend_R","Bash+1","Sword Boomerang","Dropkick","Blood for Blood+1","Power Through+1","Pummel","Double Tap"],"special_seed":0,"relics":["Burning Blood","Paper Frog","Darkstone Periapt","Golden Idol","Busted Crown"],"potions_floor_usage":[13,16,19,19],"damage_taken":[{"damage":6.0,"enemies":"2 Louse","floor":1.0,"turns":3.0},{"damage":0.0,"enemies":"Small Slimes","floor":2.0,"turns":3.0},{"damage":0.0,"enemies":"Cultist","floor":4.0,"turns":2.0},{"damage":43.0,"enemies":"3 Sentries","floor":7.0,"turns":8.0},{"damage":24,"enemies":"Exordium Wildlife","floor":13,"turns":5},{"damage":6,"enemies":"3 Louse","floor":14,"turns":3},{"damage":43,"enemies":"The Guardian","floor":16,"turns":11},{"damage":57,"enemies":"2 Thieves","floor":18,"turns":5},{"damage":4,"enemies":"Chosen","floor":19,"turns":5},{"damage":24,"enemies":"Centurion and Healer","floor":20,"turns":6}],"seed_played":"-4398537236639992743","potions_obtained":[{"floor":2.0,"key":"Fruit Juice"},{"floor":4.0,"key":"Energy Potion"},{"floor":13,"key":"Poison Potion"},{"floor":16,"key":"EssenceOfSteel"},{"floor":18,"key":"Fruit Juice"}],"is_trial":false,"path_per_floor":["M","M","$","M","?","R","E","R","T","?","$","R","M","M","R","B",null,"M","M"],"character_chosen":"IRONCLAD","items_purchased":["Dropkick"],"campfire_rested":1,"item_purchase_floors":[3],"current_hp_per_floor":[72,78,78,80,85,85,53,53,53,53,53,53,35,35,59,22,68,17,24,0],"gold":229,"neow_bonus":"HUNDRED_GOLD","is_prod":false,"is_daily":false,"chose_seed":false,"campfire_upgraded":3,"win_rate":0,"timestamp":1532999534,"path_taken":["M","M","$","M","?","R","E","R","T","?","$","R","?","M","R","BOSS","M","M","M"],"build_version":"2018-07-26","purchased_purges":2,"victory":false,"max_hp_per_floor":[80,80,80,80,85,85,90,90,90,83,83,83,83,83,83,83,83,83,88,88],"card_choices":[{"not_picked":["Warcry","Heavy Blade"],"picked":"Sword Boomerang","floor":1.0},{"not_picked":["Hemokinesis","Corruption","Rupture"],"picked":"SKIP","floor":2.0},{"not_picked":["Feel No Pain","Flex"],"picked":"Blood for Blood","floor":4.0},{"not_picked":["Anger","Flex"],"picked":"Power Through","floor":7.0},{"not_picked":["Cleave","Clothesline"],"picked":"Pummel","floor":13},{"not_picked":["Berserk","Anger","Perfected Strike"],"picked":"SKIP","floor":14},{"not_picked":["Juggernaut","Offering"],"picked":"Double Tap","floor":16},{"not_picked":["Clothesline"],"picked":"SKIP","floor":18},{"not_picked":["Perfected Strike"],"picked":"SKIP","floor":19}],"player_experience":1380386,"relics_obtained":[{"floor":7.0,"key":"Paper Frog"},{"floor":9.0,"key":"Darkstone Periapt"}],"event_choices":[{"event_name":"Big Fish","player_choice":"Donut","floor":5.0,"damage_taken":0.0},{"event_name":"Golden Idol","player_choice":"Lose Max HP","floor":10.0,"damage_taken":0.0}],"is_beta":false,"boss_relics":[{"not_picked":["Pandora\u0027s Box","Black Star"],"picked":"Busted Crown"}],"items_purged_floors":[3,11],"is_endless":false,"potions_floor_spawned":[2,4,13,16,18],"killed_by":"Centurion and Healer","ascension_level":9}