{"path_per_floor":["M","M","?","?","M","E","R","E","T","M","M","M","E","?","R"],"character_chosen":"THE_SILENT","items_purchased":[],"gold_per_floor":[111,129,129,129,149,187,187,228,252,277,298,311,347,347,347,347],"floor_reached":16,"campfire_rested":2,"playtime":1266,"item_purchase_floors":[],"current_hp_per_floor":[70,69,69,65,65,35,54,23,23,16,16,16,10,10,29,0],"items_purged":[],"gold":347,"score":134,"play_id":"a31b1aad-e35f-4a56-a749-c00231793b59","local_time":"20180626174546","is_prod":false,"is_daily":false,"chose_seed":false,"is_ascension_mode":true,"campfire_upgraded":0,"win_rate":0,"timestamp":1530053146,"campfire_choices":[{"floor":7,"key":"REST"},{"floor":15,"key":"REST"}],"path_taken":["M","M","?","?","M","E","R","E","T","M","M","M","E","?","R","BOSS"],"build_version":"2018-06-21","seed_source_timestamp":622000018709980,"purchased_purges":0,"circlet_count":0,"victory":false,"master_deck":["Defend_G","Defend_G","Defend_G","Defend_G","Defend_G","Strike_G","Strike_G","Strike_G","Strike_G","Survivor","Neutralize","Poisoned Stab","Heel Hook","Predator","Finisher","Crippling Poison","Well Laid Plans","Leg Sweep","After Image","Catalyst"],"max_hp_per_floor":[70,70,70,65,65,65,65,65,65,65,65,65,65,65,65,65],"relics":["Ring of the Snake","Oddly Smooth Stone","Golden Idol","Vajra","Anchor","Omamori","Singing Bowl"],"card_choices":[{"not_picked":["PiercingWail","Acrobatics"],"picked":"Poisoned Stab","floor":1},{"not_picked":["Underhanded Strike","Quick Slash"],"picked":"Heel Hook","floor":2},{"not_picked":["Expertise","Prepared"],"picked":"Predator","floor":5},{"not_picked":["Outmaneuver","Flying Knee"],"picked":"Finisher","floor":6},{"not_picked":["Poisoned Stab","Deflect","Bane"],"picked":"SKIP","floor":8},{"not_picked":["Backflip","Flying Knee"],"picked":"Crippling Poison","floor":10},{"not_picked":["Poisoned Stab","Deflect"],"picked":"Well Laid Plans","floor":11},{"not_picked":["Well Laid Plans","Predator"],"picked":"Leg Sweep","floor":12},{"not_picked":["Dagger Throw","Deflect"],"picked":"After Image","floor":13}],"player_experience":99126,"potions_floor_usage":[13,13,13],"damage_taken":[{"damage":0,"enemies":"Small Slimes","floor":1,"turns":4},{"damage":1,"enemies":"Cultist","floor":2,"turns":4},{"damage":0,"enemies":"2 Louse","floor":5,"turns":3},{"damage":30,"enemies":"Gremlin Nob","floor":6,"turns":5},{"damage":31,"enemies":"Lagavulin","floor":8,"turns":4},{"damage":7,"enemies":"Exordium Wildlife","floor":10,"turns":3},{"damage":0,"enemies":"3 Louse","floor":11,"turns":2},{"damage":0,"enemies":"Exordium Thugs","floor":12,"turns":3},{"damage":6,"enemies":"Gremlin Nob","floor":13,"turns":3},{"damage":30,"enemies":"Hexaghost","floor":16,"turns":9}],"relics_obtained":[{"floor":6,"key":"Vajra"},{"floor":8,"key":"Anchor"},{"floor":9,"key":"Omamori"},{"floor":13,"key":"Singing Bowl"}],"event_choices":[{"event_name":"Accursed Blacksmith","player_choice":"Ignore","floor":3,"damage_taken":0},{"event_name":"Golden Idol","player_choice":"Lose Max HP","floor":4,"damage_taken":0},{"event_name":"Transmorgrifier","player_choice":"Transform","floor":14,"damage_taken":0}],"boss_relics":[],"items_purged_floors":[],"is_endless":false,"potions_floor_spawned":[8,10,11,13],"seed_played":"-7379143372561971439","killed_by":"Hexaghost","ascension_level":2,"potions_obtained":[{"floor":8,"key":"Strength Potion"},{"floor":10,"key":"Energy Potion"},{"floor":11,"key":"Energy Potion"},{"floor":13,"key":"Fire Potion"}],"is_trial":false}