{"path_per_floor":["M","?","$","?","?","R","M","?","T","R","M","E","?","M","R","B",null,"M","M","M"],"character_chosen":"DEFECT","items_purchased":["Gash"],"gold_per_floor":[118,118,17,17,17,17,32,132,132,132,147,173,133,153,153,257,257,273,293,304,304],"floor_reached":21,"campfire_rested":2,"playtime":1117,"item_purchase_floors":[3],"current_hp_per_floor":[75,57,57,57,57,57,47,47,47,69,69,28,28,12,34,12,75,70,49,24,0],"items_purged":["Defend_B"],"gold":304,"score":215,"play_id":"b39dbb33-504e-414e-8027-263875f2f510","local_time":"20180615161402","is_prod":false,"is_daily":false,"chose_seed":false,"is_ascension_mode":true,"campfire_upgraded":1,"win_rate":0,"timestamp":1529093642,"campfire_choices":[{"data":"Zap","floor":6,"key":"SMITH"},{"floor":10,"key":"REST"},{"floor":15,"key":"REST"}],"path_taken":["M","?","$","?","?","R","?","?","T","R","M","E","?","M","R","BOSS","M","M","?","M"],"build_version":"2018-06-14v2","seed_source_timestamp":131878713389522,"purchased_purges":1,"victory":false,"master_deck":["Strike_B","Strike_B","Strike_B","Defend_B","Defend_B","Defend_B","Zap+1","Dualcast","Consume","Gash+1","Self Repair","Go for the Eyes","Ball Lightning","Beam Cell","Core Surge","Beam Cell","Go for the Eyes","Scrape"],"max_hp_per_floor":[75,75,75,75,75,75,75,75,75,75,75,75,75,75,75,75,75,75,75,75,75],"relics":["Lizard Tail","Dream Catcher","Ice Cream","Ancient Tea Set","Sozu"],"card_choices":[{"not_picked":["Redo","Ball Lightning"],"picked":"Consume","floor":1},{"not_picked":["Cold Snap","Loop","Ball Lightning"],"picked":"SKIP","floor":7},{"not_picked":["Ball Lightning","Beam Cell"],"picked":"Self Repair","floor":10},{"not_picked":["Hello World","Storm"],"picked":"Go for the Eyes","floor":11},{"not_picked":["Lockon","Biased Cognition","Ball Lightning"],"picked":"SKIP","floor":12},{"not_picked":["Coolheaded","Electrodynamics"],"picked":"Ball Lightning","floor":14},{"not_picked":["Cold Snap","Compile Driver"],"picked":"Beam Cell","floor":15},{"not_picked":["Multi-Cast","Creative AI"],"picked":"Core Surge","floor":16},{"not_picked":["BootSequence","Steam"],"picked":"Beam Cell","floor":18},{"not_picked":["Loop","Steam Power"],"picked":"Go for the Eyes","floor":19},{"not_picked":["Loop","Beam Cell"],"picked":"Scrape","floor":20}],"player_experience":590952,"potions_floor_usage":[12,16],"damage_taken":[{"damage":0,"enemies":"2 Louse","floor":1,"turns":3},{"damage":10,"enemies":"Small Slimes","floor":7,"turns":3},{"damage":7,"enemies":"Jaw Worm","floor":11,"turns":3},{"damage":48,"enemies":"Gremlin Nob","floor":12,"turns":5},{"damage":23,"enemies":"3 Louse","floor":14,"turns":4},{"damage":29,"enemies":"Hexaghost","floor":16,"turns":8},{"damage":12,"enemies":"3 Byrds","floor":18,"turns":5},{"damage":28,"enemies":"Spheric Guardian","floor":19,"turns":4},{"damage":85,"enemies":"Cultist and Chosen","floor":20,"turns":8},{"damage":27,"enemies":"Sentry and Sphere","floor":21,"turns":3}],"relics_obtained":[{"floor":9,"key":"Ice Cream"},{"floor":12,"key":"Ancient Tea Set"}],"event_choices":[{"event_name":"Scrap Ooze","player_choice":"success","floor":2,"damage_taken":18},{"event_name":"Living Wall","player_choice":"Forget","floor":4,"damage_taken":0},{"event_name":"Upgrade Shrine","player_choice":"Upgraded","floor":5,"damage_taken":0},{"event_name":"Golden Shrine","player_choice":"Pray","floor":8,"damage_taken":0},{"event_name":"The Woman in Blue","player_choice":"Bought 3 Potions","floor":13,"damage_taken":0}],"boss_relics":[{"not_picked":["Cursed Key","White Beast Statue"],"picked":"Sozu"}],"items_purged_floors":[3],"is_endless":false,"potions_floor_spawned":[7,14,19],"seed_played":"6260942768306172156","killed_by":"Sentry and Sphere","ascension_level":4,"potions_obtained":[{"floor":7,"key":"Poison Potion"},{"floor":13,"key":"Poison Potion"},{"floor":13,"key":"GamblersBrew"},{"floor":13,"key":"SneckoOil"}],"is_trial":false}