{"gold_per_floor":[214,3,3,21,21,21,46,56,129,150,162,162,180,197,197,268,268,284,20,37,37,37,37,72,72,125,140,155,155,173,189,189,264,264,279,279,299,299,18,18,30,30,56,56,70,70,100,120,120,120],"floor_reached":50,"playtime":3326,"items_purged":["Strike_B"],"score":1207,"play_id":"ee887f43-0549-42c0-8350-7e9e27ee3aa1","local_time":"20190201135742","is_ascension_mode":true,"campfire_choices":[{"floor":6.0,"key":"REST"},{"floor":15.0,"key":"REST"},{"floor":23.0,"key":"REST"},{"data":"Buffer","floor":25.0,"key":"SMITH"},{"data":"Capacitor","floor":29.0,"key":"SMITH"},{"floor":32.0,"key":"REST"},{"floor":40.0,"key":"REST"},{"floor":44.0,"key":"REST"},{"data":"Echo Form","floor":46.0,"key":"SMITH"},{"data":"Madness","floor":49.0,"key":"SMITH"}],"neow_cost":"NONE","seed_source_timestamp":693694851366160,"circlet_count":0,"master_deck":["AscendersBane","Strike_B+1","Strike_B","Strike_B","Defend_B+1","Defend_B","Defend_B","Defend_B","Zap+1","Dualcast","Ball Lightning","Defragment+1","Leap","Auto Shields","Cold Snap","Compile Driver","Leap","Chill","Melter","Capacitor+1","Buffer+1","Steam","Capacitor+1","Go for the Eyes","FTL","Conserve Battery","Hologram","Consume","Echo Form+1","Madness","Madness+1","Doom and Gloom","Hologram","Defragment+1"],"special_seed":0,"relics":["FrozenCore","DataDisk","Letter Opener","Odd Mushroom","Bottled Tornado","Pen Nib","Vajra","Tiny Chest","Busted Crown","Frozen Egg 2","Calipers","Lantern","Blue Candle"],"potions_floor_usage":[],"damage_taken":[{"damage":2.0,"enemies":"2 Louse","floor":1.0,"turns":3.0},{"damage":8.0,"enemies":"Small Slimes","floor":4.0,"turns":2.0},{"damage":12.0,"enemies":"Lagavulin","floor":7.0,"turns":4.0},{"damage":0.0,"enemies":"Cultist","floor":8.0,"turns":2.0},{"damage":6.0,"enemies":"The Mushroom Lair","floor":10.0,"turns":4.0},{"damage":0.0,"enemies":"Red Slaver","floor":11.0,"turns":3.0},{"damage":0.0,"enemies":"Exordium Wildlife","floor":13.0,"turns":4.0},{"damage":0.0,"enemies":"Lots of Slimes","floor":14.0,"turns":3.0},{"damage":0.0,"enemies":"The Guardian","floor":16.0,"turns":9.0},{"damage":4.0,"enemies":"3 Byrds","floor":18.0,"turns":6.0},{"damage":28.0,"enemies":"2 Thieves","floor":20.0,"turns":4.0},{"damage":3.0,"enemies":"Gremlin Leader","floor":24.0,"turns":11.0},{"damage":0.0,"enemies":"Centurion and Healer","floor":27.0,"turns":10.0},{"damage":0.0,"enemies":"3 Cultists","floor":28.0,"turns":7.0},{"damage":0.0,"enemies":"Chosen and Byrds","floor":30.0,"turns":9.0},{"damage":5.0,"enemies":"Snake Plant","floor":31.0,"turns":6.0},{"damage":0.0,"enemies":"Champ","floor":33.0,"turns":14.0},{"damage":0.0,"enemies":"Orb Walker","floor":35.0,"turns":6.0},{"damage":28.0,"enemies":"3 Darklings","floor":37.0,"turns":7.0},{"damage":0.0,"enemies":"Jaw Worm Horde","floor":41.0,"turns":7.0},{"damage":7.0,"enemies":"4 Shapes","floor":45.0,"turns":8.0},{"damage":0.0,"enemies":"Giant Head","floor":47.0,"turns":9.0},{"damage":2.0,"enemies":"Writhing Mass","floor":48.0,"turns":8.0},{"damage":68,"enemies":"Awakened One","floor":50,"turns":3}],"seed_played":"-7894402546673760936","potions_obtained":[{"floor":4.0,"key":"Poison Potion"},{"floor":10.0,"key":"SpeedPotion"},{"floor":11.0,"key":"Poison Potion"},{"floor":13.0,"key":"Strength Potion"},{"floor":16.0,"key":"SpeedPotion"},{"floor":27.0,"key":"FearPotion"},{"floor":45.0,"key":"PowerPotion"},{"floor":47.0,"key":"Block Potion"}],"is_trial":false,"path_per_floor":["M","$","?","M","?","R","E","M","T","?","M","?","M","M","R","B",null,"M","$","M","T","?","R","E","R","T","M","M","R","M","M","R","B",null,"M","?","M","?","$","R","M","?","T","R","M","R","E","M","R","B"],"character_chosen":"DEFECT","items_purchased":["Defragment","Leap","Bottled Tornado","Frozen Egg 2"],"campfire_rested":6,"item_purchase_floors":[2,2,19,39],"current_hp_per_floor":[62,62,41,33,33,54,42,42,42,36,36,36,36,36,57,57,68,64,64,36,36,36,57,54,54,54,54,54,54,54,49,70,70,71,71,58,30,30,30,51,51,51,51,71,64,64,64,62,62,0],"gold":120,"neow_bonus":"HUNDRED_GOLD","is_prod":false,"is_daily":false,"chose_seed":false,"campfire_upgraded":4,"win_rate":0,"timestamp":1549047462,"path_taken":["M","$","?","M","?","R","E","M","T","?","M","?","?","M","R","BOSS","M","$","M","?","?","R","E","R","T","?","M","R","?","M","R","BOSS","M","?","M","?","$","R","M","?","T","R","M","R","E","?","R","BOSS"],"build_version":"2019-01-23","purchased_purges":1,"victory":false,"max_hp_per_floor":[71,71,71,71,71,71,71,71,71,71,71,71,71,71,71,71,71,71,71,71,71,71,71,71,71,71,71,71,71,71,71,71,71,71,71,71,71,71,71,71,71,71,71,71,71,71,71,71,71,71],"card_choices":[{"not_picked":["Rip and Tear","Go for the Eyes"],"picked":"Ball Lightning","floor":1.0},{"not_picked":["Hologram","Compile Driver"],"picked":"Auto Shields","floor":4.0},{"not_picked":["Hello World","Heatsinks"],"picked":"Cold Snap","floor":7.0},{"not_picked":["Tempest","Redo"],"picked":"Compile Driver","floor":8.0},{"not_picked":["Redo","Hologram"],"picked":"Leap","floor":10.0},{"not_picked":["Leap","Steam"],"picked":"Chill","floor":11.0},{"not_picked":["Streamline","Scrape"],"picked":"Melter","floor":13.0},{"not_picked":["Biased Cognition","Rebound"],"picked":"Capacitor","floor":14.0},{"not_picked":["Hyperbeam","Rainbow"],"picked":"Buffer","floor":16.0},{"not_picked":["Genetic Algorithm","Conserve Battery"],"picked":"Steam","floor":18.0},{"not_picked":["Steam","Hello World"],"picked":"Capacitor+1","floor":20.0},{"not_picked":["Beam Cell+1","Compile Driver+1"],"picked":"Go for the Eyes","floor":24.0},{"not_picked":["Darkness+1","Leap"],"picked":"FTL","floor":27.0},{"not_picked":["Cold Snap","Turbo"],"picked":"Conserve Battery","floor":28.0},{"not_picked":["Chaos","Streamline"],"picked":"Hologram","floor":30.0},{"not_picked":["Go for the Eyes","Beam Cell"],"picked":"Consume","floor":31.0},{"not_picked":["Buffer","Machine Learning"],"picked":"Echo Form","floor":33.0},{"not_picked":["Melter"],"picked":"SKIP","floor":35.0},{"not_picked":[],"picked":"Doom and Gloom","floor":37.0},{"not_picked":[],"picked":"Hologram","floor":41.0},{"not_picked":[],"picked":"Defragment+1","floor":45.0},{"not_picked":["Beam Cell+1"],"picked":"SKIP","floor":47.0},{"not_picked":["Double Energy+1"],"picked":"SKIP","floor":48.0}],"player_experience":2270656,"relics_obtained":[{"floor":7.0,"key":"DataDisk"},{"floor":9.0,"key":"Letter Opener"},{"floor":10.0,"key":"Odd Mushroom"},{"floor":21.0,"key":"Pen Nib"},{"floor":24.0,"key":"Vajra"},{"floor":26.0,"key":"Tiny Chest"},{"floor":43.0,"key":"Lantern"},{"floor":47.0,"key":"Blue Candle"}],"event_choices":[{"damage_healed":0.0,"max_hp_gain":0.0,"max_hp_loss":0.0,"gold_gain":0.0,"event_name":"Shining Light","player_choice":"Entered Light","floor":3.0,"gold_loss":0.0,"damage_taken":21.0,"cards_upgraded":["Defend_B","Strike_B"]},{"damage_healed":0.0,"max_hp_gain":0.0,"max_hp_loss":0.0,"gold_gain":0.0,"event_name":"Living Wall","player_choice":"Grow","floor":5.0,"gold_loss":0.0,"damage_taken":0.0,"cards_upgraded":["Defragment"]},{"damage_healed":0.0,"max_hp_gain":0.0,"max_hp_loss":0.0,"gold_gain":0.0,"event_name":"Mushrooms","player_choice":"Fought Mushrooms","floor":10.0,"gold_loss":0.0,"damage_taken":0.0},{"damage_healed":0.0,"max_hp_gain":0.0,"max_hp_loss":0.0,"gold_gain":0.0,"event_name":"Accursed Blacksmith","player_choice":"Forge","floor":12.0,"gold_loss":0.0,"damage_taken":0.0,"cards_upgraded":["Zap"]},{"damage_healed":0.0,"max_hp_gain":0.0,"max_hp_loss":0.0,"gold_gain":0.0,"event_name":"Vampires","player_choice":"Ignored","floor":22.0,"gold_loss":0.0,"damage_taken":0.0},{"damage_healed":0.0,"max_hp_gain":0.0,"max_hp_loss":0.0,"gold_gain":0.0,"event_name":"Winding Halls","player_choice":"Embrace Madness","floor":36.0,"gold_loss":0.0,"damage_taken":13.0,"cards_obtained":["Madness","Madness"]},{"damage_healed":0.0,"max_hp_gain":0.0,"max_hp_loss":0.0,"gold_gain":0.0,"event_name":"SensoryStone","player_choice":"Memory 1","floor":38.0,"gold_loss":0.0,"damage_taken":0.0},{"damage_healed":0.0,"max_hp_gain":0.0,"max_hp_loss":0.0,"gold_gain":0.0,"event_name":"WeMeetAgain","player_choice":"Gave Potion","floor":42.0,"gold_loss":0.0,"damage_taken":0.0,"relics_obtained":["Calipers"]}],"is_beta":false,"boss_relics":[{"not_picked":["Runic Pyramid","Snecko Eye"],"picked":"FrozenCore"},{"not_picked":["Eternal Feather","Orrery"],"picked":"Busted Crown"}],"items_purged_floors":[2],"is_endless":false,"potions_floor_spawned":[4,10,11,13,16,27,28,31,33,45,47],"killed_by":"Awakened One","ascension_level":19}