{"gold_per_floor":[114,129,129,144,32,62,62,62,87,117,117,132,407,467,467,567,567,582,113,188,203,1,31,46,46,46,76,91,106,57,72,72,172,172,187,212,224,251,278,320,332,394,406,418,445,305,305,335,335,335],"floor_reached":51,"playtime":1983,"items_purged":[],"score":1088,"play_id":"a7bdf094-64f6-4a07-99a7-5752942e9e6e","local_time":"20181112114202","daily_mods":["Cursed Run","Time Dilation","Binary"],"is_ascension_mode":false,"campfire_choices":[{"data":"Fission","floor":8,"key":"SMITH"},{"data":"Defragment","floor":11,"key":"SMITH"},{"data":"Rip and Tear","floor":15,"key":"SMITH"},{"data":"Sweeping Beam","floor":25,"key":"SMITH"},{"floor":32,"key":"REST"},{"data":"Storm","floor":44,"key":"SMITH"},{"data":"Machine Learning","floor":47,"key":"SMITH"},{"floor":49,"key":"REST"}],"neow_cost":"","seed_source_timestamp":0,"circlet_count":0,"master_deck":["Zap","Dualcast","Conserve Battery","Rip and Tear+1","Streamline","Glacier","Defragment+1","Fission+1","Hologram","Double Energy","Sweeping Beam+1","Machine Learning+1","Shame","Clumsy","Regret","Core Surge+1","Self Repair","Melter+1","Doubt","Compile Driver+1","Rebound","Echo Form","Parasite","Go for the Eyes+1","Sweeping Beam+1","Recycle+1","Compile Driver+1","Storm+1","Normality","Biased Cognition","Heatsinks","Compile Driver+1","Hologram","Undo","Defragment","Steam","Go for the Eyes+1","Writhe","Compile Driver+1","Sunder+1","Writhe","Normality","Injury","Capacitor","Rip and Tear+1","Creative AI","Pain"],"special_seed":17847,"relics":["Cursed Key","Darkstone Periapt","Du-Vu Doll","Torii","Art of War","Happy Flower","Tiny Chest","Astrolabe","Bottled Flame","Question Card","DataDisk","Matryoshka","Regal Pillow","Pear","Molten Egg 2","Pandora\u0027s Box","MawBank","Boot","Symbiotic Virus","Whetstone","Cables","Pantograph"],"potions_floor_usage":[14,16,16,33,50,50],"damage_taken":[{"damage":0,"enemies":"Cultist","floor":1,"turns":3},{"damage":0,"enemies":"2 Louse","floor":2,"turns":3},{"damage":0,"enemies":"Small Slimes","floor":4,"turns":3},{"damage":0,"enemies":"Lagavulin","floor":6,"turns":6},{"damage":13,"enemies":"3 Sentries","floor":10,"turns":6},{"damage":3,"enemies":"Exordium Thugs","floor":12,"turns":3},{"damage":2,"enemies":"Gremlin Nob","floor":14,"turns":3},{"damage":11,"enemies":"Slime Boss","floor":16,"turns":7},{"damage":35,"enemies":"3 Byrds","floor":18,"turns":6},{"damage":5,"enemies":"Chosen","floor":21,"turns":4},{"damage":10,"enemies":"Gremlin Leader","floor":23,"turns":5},{"damage":13,"enemies":"3 Cultists","floor":24,"turns":5},{"damage":22,"enemies":"Book of Stabbing","floor":27,"turns":4},{"damage":4,"enemies":"Snake Plant","floor":28,"turns":3},{"damage":0,"enemies":"Centurion and Healer","floor":29,"turns":2},{"damage":28,"enemies":"Shelled Parasite and Fungi","floor":31,"turns":3},{"damage":52,"enemies":"Automaton","floor":33,"turns":9},{"damage":10,"enemies":"3 Shapes","floor":35,"turns":3},{"damage":0,"enemies":"3 Darklings","floor":38,"turns":5},{"damage":16,"enemies":"Spire Growth","floor":39,"turns":4},{"damage":23,"enemies":"Reptomancer","floor":40,"turns":6},{"damage":24,"enemies":"Jaw Worm Horde","floor":45,"turns":2},{"damage":30,"enemies":"Giant Head","floor":48,"turns":6},{"damage":41,"enemies":"Awakened One","floor":50,"turns":7}],"seed_played":"7220959267386294394","potions_obtained":[{"floor":2,"key":"EssenceOfSteel"},{"floor":6,"key":"Block Potion"},{"floor":12,"key":"Dexterity Potion"},{"floor":14,"key":"SteroidPotion"},{"floor":18,"key":"PowerPotion"},{"floor":23,"key":"SpeedPotion"},{"floor":33,"key":"EssenceOfSteel"}],"is_trial":false,"path_per_floor":["M","M","?","M","$","E","?","R","T","E","R","M","?","E","R","B",null,"M","$","T","M","$","E","M","R","T","E","M","M","$","M","R","B",null,"M","T","$","M","M","E","?","T","T","R","M","$","R","E","R","B",null],"character_chosen":"DEFECT","items_purchased":["Glacier","Defragment","Bottled Flame","Core Surge","Self Repair","Melter","DataDisk","Rebound","Compile Driver+1","Rip and Tear+1","GamblersBrew"],"campfire_rested":2,"item_purchase_floors":[5,5,19,19,19,19,22,22,30,46,46],"current_hp_per_floor":[75,75,68,68,68,68,73,73,79,66,66,63,69,67,67,62,113,78,78,84,86,86,83,70,70,86,71,67,74,74,46,101,62,141,131,137,137,144,128,112,153,159,165,165,141,141,141,118,165,130],"gold":335,"neow_bonus":"","is_prod":false,"is_daily":true,"chose_seed":false,"campfire_upgraded":6,"win_rate":0,"timestamp":1542019322,"path_taken":["M","?","?","M","$","E","?","R","T","E","R","M","?","E","R","BOSS","M","$","?","?","$","E","M","R","T","E","M","?","$","M","R","BOSS","M","?","$","M","M","E","?","?","T","R","?","?","R","E","R","BOSS"],"build_version":"2018-11-08","purchased_purges":0,"victory":true,"max_hp_per_floor":[75,75,75,75,75,75,80,80,86,86,86,86,92,92,92,98,113,113,113,119,119,119,119,119,119,135,135,135,135,135,135,135,141,141,141,147,147,147,147,147,153,159,165,165,165,165,165,165,165,171],"card_choices":[{"not_picked":["Turbo"],"picked":"Conserve Battery","floor":1},{"not_picked":["Go for the Eyes"],"picked":"Rip and Tear","floor":2},{"not_picked":["Rebound"],"picked":"Streamline","floor":4},{"not_picked":["Turbo"],"picked":"Fission","floor":6},{"not_picked":["Loop"],"picked":"Hologram","floor":10},{"not_picked":["Sweeping Beam"],"picked":"Double Energy","floor":12},{"not_picked":["Redo"],"picked":"Sweeping Beam","floor":14},{"not_picked":["Fission"],"picked":"Machine Learning","floor":16},{"not_picked":["Genetic Algorithm+1","Beam Cell"],"picked":"SKIP","floor":18},{"not_picked":["Hologram","Darkness+1"],"picked":"Compile Driver+1","floor":21},{"not_picked":["Tempest","Darkness+1"],"picked":"Echo Form","floor":23},{"not_picked":["Auto Shields","Force Field","Gash"],"picked":"SKIP","floor":24},{"not_picked":["Barrage","Static Discharge"],"picked":"Go for the Eyes","floor":27},{"not_picked":["Compile Driver+1","Tempest"],"picked":"Sweeping Beam+1","floor":28},{"not_picked":["Conserve Battery","Turbo+1"],"picked":"Recycle+1","floor":29},{"not_picked":["Scrape+1","Self Repair"],"picked":"Storm","floor":31},{"not_picked":["Echo Form","Hyperbeam+1"],"picked":"Biased Cognition","floor":33},{"not_picked":["Leap","Gash+1","Tempest"],"picked":"SKIP","floor":35},{"not_picked":["Steam+1","Turbo+1","Leap"],"picked":"SKIP","floor":38},{"not_picked":["Redo+1","Double Energy+1"],"picked":"Compile Driver+1","floor":39},{"not_picked":["Consume","Barrage+1"],"picked":"Sunder+1","floor":40},{"not_picked":["Compile Driver+1","FTL+1"],"picked":"Capacitor","floor":45},{"not_picked":["Reprogram+1","Beam Cell+1"],"picked":"Creative AI","floor":48}],"player_experience":1680552,"relics_obtained":[{"floor":6,"key":"Torii"},{"floor":9,"key":"Art of War"},{"floor":10,"key":"Happy Flower"},{"floor":14,"key":"Tiny Chest"},{"floor":20,"key":"Question Card"},{"floor":23,"key":"Matryoshka"},{"floor":26,"key":"Regal Pillow"},{"floor":26,"key":"Pear"},{"floor":27,"key":"Molten Egg 2"},{"floor":36,"key":"MawBank"},{"floor":36,"key":"Boot"},{"floor":40,"key":"Symbiotic Virus"},{"floor":42,"key":"Whetstone"},{"floor":43,"key":"Cables"},{"floor":48,"key":"Pantograph"}],"event_choices":[{"cards_removed":["Defend_B"],"damage_healed":0,"gold_gain":0,"player_choice":"Card Removal","damage_taken":7,"max_hp_gain":0,"max_hp_loss":0,"event_name":"Golden Wing","floor":3,"gold_loss":0},{"damage_healed":0,"gold_gain":0,"player_choice":"Donut","damage_taken":0,"max_hp_gain":5,"max_hp_loss":0,"event_name":"Big Fish","floor":7,"gold_loss":0},{"damage_healed":0,"gold_gain":275,"player_choice":"Desecrate","damage_taken":0,"max_hp_gain":0,"max_hp_loss":0,"event_name":"Golden Shrine","floor":13,"gold_loss":0,"cards_obtained":["Regret"]},{"damage_healed":37,"gold_gain":0,"player_choice":"Writhe","damage_taken":0,"max_hp_gain":0,"max_hp_loss":0,"event_name":"Winding Halls","floor":41,"gold_loss":0,"cards_obtained":["Writhe"]}],"is_beta":false,"boss_relics":[{"not_picked":["Lizard Tail","Velvet Choker"],"picked":"Astrolabe"},{"not_picked":["Busted Crown","Runic Dome"],"picked":"Pandora\u0027s Box"}],"items_purged_floors":[],"is_endless":false,"potions_floor_spawned":[2,6,12,14,18,23,33,35,39,45],"ascension_level":0}