{"gold_per_floor":[210,224,31,31,31,31,31,31,31,67,67,110,35,35,35,35],"floor_reached":16,"playtime":513,"items_purged":["Strike_R"],"score":177,"play_id":"a8b413f2-962f-45c2-bdee-8639fe14c977","local_time":"20190118085548","is_ascension_mode":true,"campfire_choices":[{"floor":6,"key":"REST"},{"data":"Mayhem","floor":8,"key":"SMITH"},{"floor":11,"key":"REST"},{"data":"Bash","floor":15,"key":"SMITH"}],"neow_cost":"NONE","seed_source_timestamp":91568950932134,"circlet_count":0,"master_deck":["AscendersBane","Strike_R","Strike_R","Strike_R","Strike_R","Defend_R","Defend_R","Defend_R","Defend_R","Bash+1","Cleave","Mayhem+1","Immolate"],"relics":["Burning Blood","Golden Idol","Singing Bowl","Strawberry","Vajra"],"potions_floor_usage":[10],"damage_taken":[{"damage":11,"enemies":"2 Louse","floor":1,"turns":3},{"damage":15,"enemies":"Small Slimes","floor":2,"turns":3},{"damage":32,"enemies":"Gremlin Nob","floor":10,"turns":4},{"damage":40,"enemies":"3 Sentries","floor":12,"turns":5},{"damage":61,"enemies":"Hexaghost","floor":16,"turns":9}],"seed_played":"-9145700573697479550","potions_obtained":[{"floor":2,"key":"BloodPotion"}],"is_trial":false,"path_per_floor":["M","M","$","?","?","R","?","R","T","E","R","E","$","?","R","B"],"character_chosen":"IRONCLAD","items_purchased":["Mayhem"],"campfire_rested":2,"item_purchase_floors":[3],"current_hp_per_floor":[63,54,54,36,29,51,51,51,51,39,63,31,31,59,59,0],"gold":35,"neow_bonus":"HUNDRED_GOLD","is_prod":false,"is_daily":false,"chose_seed":false,"campfire_upgraded":2,"win_rate":0,"timestamp":1547819748,"path_taken":["M","M","$","?","?","R","?","R","T","E","R","E","?","?","R","BOSS"],"build_version":"2019-01-17v2","purchased_purges":1,"victory":false,"max_hp_per_floor":[75,75,75,75,75,75,75,75,75,82,82,84,84,84,84,84],"card_choices":[{"not_picked":["Sword Boomerang","Warcry"],"picked":"Cleave","floor":1},{"not_picked":["Warcry","Clothesline"],"picked":"Corruption","floor":2},{"not_picked":["Shrug It Off","Hemokinesis"],"picked":"Immolate","floor":10},{"not_picked":["Perfected Strike","Iron Wave","Corruption"],"picked":"Singing Bowl","floor":12}],"player_experience":2149860,"relics_obtained":[{"floor":9,"key":"Singing Bowl"},{"floor":10,"key":"Strawberry"},{"floor":12,"key":"Vajra"}],"event_choices":[{"damage_healed":0,"gold_gain":0,"player_choice":"Take Damage","damage_taken":18,"relics_obtained":["Golden Idol"],"max_hp_gain":0,"max_hp_loss":0,"event_name":"Golden Idol","floor":4,"gold_loss":0},{"cards_removed":["Corruption"],"damage_healed":0,"gold_gain":0,"player_choice":"Card Removal","damage_taken":7,"max_hp_gain":0,"max_hp_loss":0,"event_name":"Golden Wing","floor":5,"gold_loss":0},{"damage_healed":0,"gold_gain":0,"player_choice":"Leave","damage_taken":0,"max_hp_gain":0,"max_hp_loss":0,"event_name":"The Cleric","floor":7,"gold_loss":0},{"damage_healed":28,"gold_gain":0,"player_choice":"Banana","damage_taken":0,"max_hp_gain":0,"max_hp_loss":0,"event_name":"Big Fish","floor":14,"gold_loss":0}],"is_beta":false,"boss_relics":[],"items_purged_floors":[13],"is_endless":false,"potions_floor_spawned":[2],"killed_by":"Hexaghost","ascension_level":14}