{"gold_per_floor":[114,127,138,18,118,118,93,93,175,186,199,210,210,222,222,319,319,294,4,24,43,57,57,75,75,100,114,129,143,143,158,158,260,260,273,283,293,15,15,15,0,10,61,61,61,61,61,23,23,23],"floor_reached":50,"playtime":4255,"items_purged":["Strike_B","Strike_B"],"score":590,"play_id":"de98825a-913a-4f36-aef6-86ddb2f721f4","local_time":"20180721125510","is_ascension_mode":false,"campfire_choices":[{"data":"Zap","floor":6.0,"key":"SMITH"},{"data":"Dualcast","floor":8.0,"key":"SMITH"},{"floor":15.0,"key":"REST"},{"floor":23.0,"key":"REST"},{"floor":25.0,"key":"REST"},{"floor":32.0,"key":"REST"},{"floor":40.0,"key":"REST"},{"data":"Storm","floor":45,"key":"SMITH"},{"data":"Chill","floor":47,"key":"SMITH"},{"data":"Buffer","floor":49,"key":"SMITH"}],"neow_cost":"","seed_source_timestamp":0,"circlet_count":0,"master_deck":["Strike_B","Strike_B","Defend_B","Defend_B","Defend_B","Defend_B","Zap+1","Dualcast+1","Aggregate","Coolheaded","Storm+1","Cold Snap","Leap","Capacitor","Loop","Leap","Buffer+1","Capacitor","Buffer+1","Conserve Battery+1","Reinforced Body+1","Chill+1","Compile Driver","Barrage","Seek","Coolheaded","Heatsinks","Heatsinks","Doom and Gloom","Doubt","Sunder"],"special_seed":0,"relics":["Cracked Core","Meat on the Bone","Dodecahedron","Nuclear Battery","DollysMirror","Blood Vial","Lizard Tail","ClockworkSouvenir","Red Mask","Bronze Scales","Pantograph"],"potions_floor_usage":[],"damage_taken":[{"damage":8.0,"enemies":"Small Slimes","floor":1.0,"turns":2.0},{"damage":1.0,"enemies":"Cultist","floor":2.0,"turns":4.0},{"damage":11.0,"enemies":"Jaw Worm","floor":3.0,"turns":5.0},{"damage":8.0,"enemies":"Exordium Thugs","floor":10.0,"turns":5.0},{"damage":10.0,"enemies":"Blue Slaver","floor":11.0,"turns":4.0},{"damage":8.0,"enemies":"2 Fungi Beasts","floor":12.0,"turns":5.0},{"damage":3.0,"enemies":"Red Slaver","floor":14.0,"turns":3.0},{"damage":52.0,"enemies":"Hexaghost","floor":16.0,"turns":11.0},{"damage":24.0,"enemies":"2 Thieves","floor":18.0,"turns":5.0},{"damage":7.0,"enemies":"3 Byrds","floor":20.0,"turns":5.0},{"damage":9.0,"enemies":"Snake Plant","floor":21.0,"turns":5.0},{"damage":26.0,"enemies":"Sentry and Sphere","floor":22.0,"turns":10.0},{"damage":28.0,"enemies":"Chosen and Byrds","floor":24.0,"turns":11.0},{"damage":11.0,"enemies":"Snake Plant","floor":27.0,"turns":8.0},{"damage":14.0,"enemies":"Centurion and Healer","floor":28.0,"turns":36.0},{"damage":10.0,"enemies":"Sentry and Sphere","floor":29.0,"turns":8.0},{"damage":5.0,"enemies":"Cultist and Chosen","floor":31.0,"turns":7.0},{"damage":27.0,"enemies":"Collector","floor":33.0,"turns":17.0},{"damage":7.0,"enemies":"3 Darklings","floor":35.0,"turns":9.0},{"damage":39.0,"enemies":"Flame Bruiser 1 Orb","floor":36.0,"turns":16.0},{"damage":18.0,"enemies":"Sphere and 2 Shapes","floor":37.0,"turns":11.0},{"damage":47.0,"enemies":"3 Darklings","floor":42.0,"turns":9.0},{"damage":123,"enemies":"Awakened One","floor":50,"turns":6}],"seed_played":"7487572919611508001","potions_obtained":[{"floor":3.0,"key":"LiquidBronze"},{"floor":10.0,"key":"SteroidPotion"},{"floor":11.0,"key":"SpeedPotion"},{"floor":12.0,"key":"Explosive Potion"},{"floor":18.0,"key":"Weak Potion"},{"floor":22.0,"key":"FearPotion"},{"floor":24.0,"key":"Ancient Potion"},{"floor":28.0,"key":"Block Potion"},{"floor":42.0,"key":"Swift Potion"}],"is_trial":true,"path_per_floor":["M","M","M","$","?","R","$","R","T","M","M","M","T","M","R","B",null,"M","$","M","M","M","R","M","R","T","M","M","M","?","M","R","B",null,"M","M","M","$","?","R","?","M","T","?","R","T","R","$","R"],"character_chosen":"DEFECT","items_purchased":["Cold Snap","Leap","DollysMirror","Heatsinks","ClockworkSouvenir","Sunder"],"campfire_rested":5,"item_purchase_floors":[4,7,19,38,38,48],"current_hp_per_floor":[67,66,55,55,55,55,55,55,55,47,49,41,41,38,60,20,75,51,51,44,47,33,55,39,61,61,52,40,44,44,41,63,38,75,68,43,39,39,39,61,61,28,28,75,75,75,75,75,75,0],"gold":23,"neow_bonus":"","is_prod":false,"is_daily":false,"chose_seed":false,"campfire_upgraded":5,"win_rate":0,"timestamp":1532192110,"path_taken":["M","M","M","$","?","R","?","R","T","M","M","M","?","M","R","BOSS","M","$","M","M","M","R","M","R","T","M","M","M","?","?","R","BOSS","M","M","M","$","?","R","?","M","T","?","R","?","R","?","R","BOSS"],"build_version":"2018-07-19v2","purchased_purges":2,"victory":false,"max_hp_per_floor":[75,75,75,75,75,75,75,75,75,75,75,75,75,75,75,75,75,75,75,75,75,75,75,75,75,75,75,75,75,75,75,75,75,75,75,75,75,75,75,75,75,75,75,75,75,75,75,75,75,75],"card_choices":[{"not_picked":["Go for the Eyes","Storm"],"picked":"Aggregate","floor":1.0},{"not_picked":["Genetic Algorithm","Stack"],"picked":"Coolheaded","floor":2.0},{"not_picked":["Double Energy","Force Field"],"picked":"Storm","floor":3.0},{"not_picked":["Steam","Rip and Tear"],"picked":"Capacitor","floor":10.0},{"not_picked":["Double Energy","Rebound","Turbo"],"picked":"SKIP","floor":11.0},{"not_picked":["Chaos","Double Energy"],"picked":"Loop","floor":12.0},{"not_picked":["Sweeping Beam","Doom and Gloom"],"picked":"Leap","floor":14.0},{"not_picked":["Core Surge","Fission"],"picked":"Buffer","floor":16.0},{"not_picked":["Coolheaded","Hologram"],"picked":"Capacitor","floor":18.0},{"not_picked":["Tempest","Skim"],"picked":"Conserve Battery+1","floor":20.0},{"not_picked":["Aggregate","Sweeping Beam"],"picked":"Reinforced Body+1","floor":21.0},{"not_picked":["Go for the Eyes","Beam Cell+1","Sunder+1"],"picked":"SKIP","floor":22.0},{"not_picked":["Gash","Recycle"],"picked":"Chill","floor":24.0},{"not_picked":["Static Discharge+1","Sweeping Beam","Ball Lightning"],"picked":"SKIP","floor":27.0},{"not_picked":["Turbo","Lockon"],"picked":"Compile Driver","floor":28.0},{"not_picked":["Steam","Rebound","Static Discharge+1"],"picked":"SKIP","floor":29.0},{"not_picked":["Recycle","Force Field+1"],"picked":"Barrage","floor":31.0},{"not_picked":["Hyperbeam","Amplify"],"picked":"Seek","floor":33.0},{"not_picked":["BootSequence+1","Double Energy+1"],"picked":"Coolheaded","floor":35.0},{"not_picked":["Reinforced Body","Go for the Eyes"],"picked":"Heatsinks","floor":36.0},{"not_picked":["Rip and Tear","Ball Lightning","FTL+1"],"picked":"SKIP","floor":37.0},{"not_picked":["Gash+1","Go for the Eyes"],"picked":"Doom and Gloom","floor":42.0}],"player_experience":1213675,"relics_obtained":[{"floor":9.0,"key":"Meat on the Bone"},{"floor":13.0,"key":"Dodecahedron"},{"floor":26.0,"key":"Blood Vial"},{"floor":43.0,"key":"Bronze Scales"},{"floor":46,"key":"Pantograph"}],"event_choices":[{"event_name":"Golden Shrine","player_choice":"Pray","floor":5.0,"damage_taken":0.0},{"event_name":"Upgrade Shrine","player_choice":"Upgraded","floor":30.0,"damage_taken":0.0},{"event_name":"Mysterious Sphere","player_choice":"Ignore","floor":39.0,"damage_taken":0.0},{"event_name":"Tomb of Lord Red Mask","player_choice":"Paid","floor":41.0,"damage_taken":0.0},{"event_name":"MindBloom","player_choice":"Heal","floor":44,"damage_taken":0}],"is_beta":false,"boss_relics":[{"not_picked":["Coffee Dripper","Astrolabe"],"picked":"Nuclear Battery"},{"not_picked":["Eternal Feather","Pandora\u0027s Box"],"picked":"Lizard Tail"}],"items_purged_floors":[4,19],"is_endless":true,"potions_floor_spawned":[3,10,11,12,18,22,24,28,29,42],"killed_by":"Awakened One","ascension_level":0}