{"gold_per_floor":[110,285,301,350,367,401,401,428,428,448,460,494,494,494,494,596,596,615,10,10,10,27,27,44,44,116,132,32,32,63,80,80,181,181,191,205,305,325,148,148,161,174,197,197,209,238,238,238,238,238,238,238,42,42],"floor_reached":54,"playtime":2946,"items_purged":["Doubt","Strike_R","Strike_R"],"score":732,"play_id":"af2fcba1-c352-409b-9343-e272a9a6ae41","local_time":"20181125185533","is_ascension_mode":false,"campfire_choices":[{"data":"Sword Boomerang","floor":7,"key":"SMITH"},{"floor":15,"key":"REST"},{"floor":23,"key":"RECALL"},{"data":"Metallicize","floor":25,"key":"SMITH"},{"data":"Disarm","floor":32,"key":"SMITH"},{"data":"True Grit","floor":40,"key":"SMITH"},{"floor":49,"key":"REST"},{"data":"The Bomb","floor":52,"key":"SMITH"}],"neow_cost":"NONE","seed_source_timestamp":671864173132326,"circlet_count":0,"master_deck":["Strike_R","Strike_R","Strike_R","Defend_R","Defend_R","Defend_R","Defend_R","Bash+1","Sword Boomerang+1","Clothesline","Cleave","Fiend Fire","Metallicize+1","True Grit+1","Armaments","Power Through","Juggernaut","Ghostly Armor+1","Battle Trance","Shockwave","Intimidate","Disarm+1","Feed","Pommel Strike+1","Inflame+1","The Bomb+1","Body Slam+1","Infernal Blade+1","Metallicize","Writhe","Double Tap"],"relics":["Black Blood","Bronze Scales","Self Forming Clay","Orichalcum","Blood Vial","Bottled Tornado","Philosopher\u0027s Stone","ClockworkSouvenir","Ice Cream","Pear","Art of War","Strawberry","Bottled Flame"],"potions_floor_usage":[6,8,27,30,33,33,50,50,50],"damage_taken":[{"damage":1,"enemies":"Jaw Worm","floor":1,"turns":3},{"damage":6,"enemies":"Cultist","floor":3,"turns":3},{"damage":9,"enemies":"2 Louse","floor":5,"turns":3},{"damage":21,"enemies":"Lagavulin","floor":6,"turns":7},{"damage":21,"enemies":"Gremlin Nob","floor":8,"turns":4},{"damage":13,"enemies":"Blue Slaver","floor":10,"turns":3},{"damage":0,"enemies":"Large Slime","floor":11,"turns":5},{"damage":22,"enemies":"Lagavulin","floor":12,"turns":6},{"damage":35,"enemies":"Slime Boss","floor":16,"turns":12},{"damage":0,"enemies":"Shell Parasite","floor":18,"turns":6},{"damage":12,"enemies":"Chosen","floor":22,"turns":5},{"damage":10,"enemies":"Snake Plant","floor":24,"turns":4},{"damage":7,"enemies":"Sentry and Sphere","floor":27,"turns":5},{"damage":30,"enemies":"Gremlin Leader","floor":30,"turns":5},{"damage":0,"enemies":"Snecko","floor":31,"turns":4},{"damage":39,"enemies":"Collector","floor":33,"turns":10},{"damage":10,"enemies":"Orb Walker","floor":35,"turns":4},{"damage":1,"enemies":"3 Shapes","floor":36,"turns":6},{"damage":35,"enemies":"Jaw Worm Horde","floor":38,"turns":6},{"damage":11,"enemies":"3 Darklings","floor":41,"turns":6},{"damage":2,"enemies":"Writhing Mass","floor":42,"turns":6},{"damage":9,"enemies":"4 Shapes","floor":45,"turns":4},{"damage":62,"enemies":"Reptomancer","floor":46,"turns":8},{"damage":44,"enemies":"Donu and Deca","floor":50,"turns":8},{"damage":105,"enemies":"Shield and Spear","floor":54,"turns":8}],"seed_played":"-1465168569026696240","potions_obtained":[{"floor":3,"key":"Poison Potion"},{"floor":6,"key":"AttackPotion"},{"floor":12,"key":"Swift Potion"},{"floor":22,"key":"Regen Potion"},{"floor":27,"key":"Swift Potion"},{"floor":30,"key":"SkillPotion"},{"floor":36,"key":"Ancient Potion"},{"floor":41,"key":"SteroidPotion"},{"floor":46,"key":"SteroidPotion"}],"is_trial":false,"path_per_floor":["M","?","M","T","M","E","R","E","T","M","M","E","?","T","R","B",null,"M","$","?","?","M","R","M","R","T","M","$","?","E","M","R","B",null,"M","M","?","M","$","R","M","M","T","?","M","E","?","?","R","B",null,"R","$","E"],"character_chosen":"IRONCLAD","items_purchased":["ClockworkSouvenir","Ice Cream","Battle Trance","The Bomb","Double Tap"],"campfire_rested":2,"item_purchase_floors":[19,19,19,39,53],"current_hp_per_floor":[80,80,80,80,77,62,62,47,47,40,46,30,30,30,54,27,80,80,80,80,80,74,74,72,72,82,83,83,83,61,69,69,53,90,90,90,90,65,65,65,66,76,83,83,89,39,64,64,94,62,100,100,100,0],"gold":42,"neow_bonus":"UPGRADE_CARD","is_prod":false,"is_daily":false,"chose_seed":false,"campfire_upgraded":5,"win_rate":0,"timestamp":1543190133,"path_taken":["M","?","M","?","M","E","R","E","T","?","M","E","?","?","R","BOSS","M","$","?","?","M","R","M","R","T","M","$","?","E","M","R","BOSS","M","M","?","M","$","R","M","?","T","?","M","E","?","?","R","BOSS","R","$","E"],"build_version":"2018-11-15","purchased_purges":3,"victory":false,"max_hp_per_floor":[80,80,80,80,80,80,80,80,80,80,80,80,80,80,80,80,80,80,80,80,80,80,80,80,80,90,90,90,90,90,90,90,90,90,90,90,90,90,90,90,90,90,97,97,100,100,100,100,100,100,100,100,100,100],"card_choices":[{"not_picked":["Twin Strike","Body Slam"],"picked":"Sword Boomerang","floor":1},{"not_picked":["Clash","Flex"],"picked":"Clothesline","floor":3},{"not_picked":["Sword Boomerang","Perfected Strike"],"picked":"Cleave","floor":5},{"not_picked":["Uppercut","Body Slam"],"picked":"Fiend Fire","floor":6},{"not_picked":["Shockwave","Reckless Charge"],"picked":"Metallicize","floor":8},{"not_picked":["Wild Strike","Rage"],"picked":"True Grit","floor":10},{"not_picked":["Searing Blow","Twin Strike"],"picked":"Armaments","floor":11},{"not_picked":["Limit Break","Entrench"],"picked":"Power Through","floor":12},{"not_picked":["Bludgeon","Exhume"],"picked":"Juggernaut","floor":16},{"not_picked":["Flex","Cleave"],"picked":"Ghostly Armor+1","floor":18},{"not_picked":["Rupture","Havoc"],"picked":"Shockwave","floor":22},{"not_picked":["Sword Boomerang+1","Perfected Strike","Headbutt"],"picked":"SKIP","floor":24},{"not_picked":["Dual Wield","Anger+1","Havoc"],"picked":"SKIP","floor":27},{"not_picked":["Carnage","Flex+1"],"picked":"Intimidate","floor":30},{"not_picked":["Carnage","Pommel Strike"],"picked":"Disarm","floor":31},{"not_picked":["Offering","Juggernaut"],"picked":"Feed","floor":33},{"not_picked":["Rampage+1","Corruption"],"picked":"Pommel Strike+1","floor":35},{"not_picked":["Perfected Strike","Dropkick+1","Warcry"],"picked":"SKIP","floor":36},{"not_picked":["True Grit+1","Fire Breathing+1"],"picked":"Inflame+1","floor":38},{"not_picked":["Clash+1","Heavy Blade"],"picked":"Body Slam+1","floor":41},{"not_picked":["Havoc","Sword Boomerang+1"],"picked":"Burning Pact+1","floor":42},{"not_picked":["Intimidate","Havoc+1"],"picked":"Infernal Blade+1","floor":45},{"not_picked":["Infernal Blade+1","Iron Wave"],"picked":"Metallicize","floor":46}],"player_experience":1742695,"relics_obtained":[{"floor":4,"key":"Bronze Scales"},{"floor":6,"key":"Self Forming Clay"},{"floor":8,"key":"Orichalcum"},{"floor":12,"key":"Blood Vial"},{"floor":14,"key":"Bottled Tornado"},{"floor":26,"key":"Pear"},{"floor":30,"key":"Art of War"},{"floor":43,"key":"Strawberry"},{"floor":46,"key":"Bottled Flame"}],"event_choices":[{"damage_healed":0,"gold_gain":175,"player_choice":"AGREE","damage_taken":0,"max_hp_gain":0,"max_hp_loss":0,"event_name":"Liars Game","floor":2,"gold_loss":0,"cards_obtained":["Doubt"]},{"damage_healed":0,"gold_gain":0,"player_choice":"Ignored","damage_taken":0,"max_hp_gain":0,"max_hp_loss":0,"event_name":"Shining Light","floor":13,"gold_loss":0},{"damage_healed":0,"gold_gain":0,"player_choice":"Ignored","damage_taken":0,"max_hp_gain":0,"max_hp_loss":0,"event_name":"Ghosts","floor":21,"gold_loss":0},{"damage_healed":0,"gold_gain":0,"player_choice":"Ignored","damage_taken":0,"max_hp_gain":0,"max_hp_loss":0,"event_name":"NoteForYourself","floor":29,"gold_loss":0},{"damage_healed":0,"gold_gain":100,"player_choice":"Pray","damage_taken":0,"max_hp_gain":0,"max_hp_loss":0,"event_name":"Golden Shrine","floor":37,"gold_loss":0},{"cards_removed":["Burning Pact"],"damage_healed":0,"gold_gain":0,"player_choice":"Removed Skill","damage_taken":0,"max_hp_gain":0,"max_hp_loss":0,"event_name":"Falling","floor":44,"gold_loss":0},{"damage_healed":25,"gold_gain":0,"player_choice":"Writhe","damage_taken":0,"max_hp_gain":0,"max_hp_loss":0,"event_name":"Winding Halls","floor":47,"gold_loss":0,"cards_obtained":["Writhe"]},{"damage_healed":0,"gold_gain":0,"player_choice":"Ignored","damage_taken":0,"max_hp_gain":0,"max_hp_loss":0,"event_name":"Tomb of Lord Red Mask","floor":48,"gold_loss":0}],"is_beta":false,"boss_relics":[{"not_picked":["Calling Bell","Busted Crown"],"picked":"Philosopher\u0027s Stone"},{"not_picked":["Sozu","Runic Pyramid"],"picked":"Black Blood"}],"items_purged_floors":[19,28,53],"is_endless":false,"potions_floor_spawned":[3,6,12,22,27,30,36,41,46],"killed_by":"Shield and Spear","ascension_level":0}