{"gold_per_floor":[17,31,106,123,123,123,147,163,234,234,9,43,62,76,76,169,169,185,185,200,223,238,238,258,279,279,279,279,279],"floor_reached":29,"playtime":1815,"items_purged":["Strike_R"],"score":404,"play_id":"d9bf1762-efcd-44cb-a8e4-37695c5df59f","local_time":"20180705220924","is_ascension_mode":true,"campfire_choices":[{"data":"Uppercut","floor":6.0,"key":"SMITH"},{"data":"Flame Barrier","floor":10.0,"key":"SMITH"},{"data":"Uppercut","floor":15.0,"key":"SMITH"},{"data":"True Grit","floor":23.0,"key":"SMITH"},{"floor":27,"key":"REST"}],"neow_cost":"","seed_source_timestamp":584321277754074,"circlet_count":0,"master_deck":["Strike_R","Defend_R","Defend_R","Defend_R","Defend_R","Bash","AscendersBane","Metallicize","Wild Strike","Pommel Strike","Flame Barrier+1","Uppercut+1","Shrug It Off","Metallicize","Inflame","Uppercut+1","Carnage","Immolate","Dual Wield","Power Through","True Grit+1","Shrug It Off","Pommel Strike","Burning Pact"],"special_seed":0,"relics":["Burning Blood","Golden Idol","Art of War","Sundial","Sozu","Molten Egg 2","Nloth\u0027s Gift"],"potions_floor_usage":[25],"damage_taken":[{"damage":2.0,"enemies":"2 Louse","floor":1.0,"turns":3.0},{"damage":0.0,"enemies":"Small Slimes","floor":2.0,"turns":3.0},{"damage":4.0,"enemies":"Jaw Worm","floor":4.0,"turns":4.0},{"damage":5.0,"enemies":"Exordium Thugs","floor":7.0,"turns":6.0},{"damage":9.0,"enemies":"3 Louse","floor":8.0,"turns":5.0},{"damage":17.0,"enemies":"Gremlin Nob","floor":12.0,"turns":5.0},{"damage":5.0,"enemies":"Looter","floor":13.0,"turns":2.0},{"damage":5.0,"enemies":"Gremlin Gang","floor":14.0,"turns":4.0},{"damage":26.0,"enemies":"Hexaghost","floor":16.0,"turns":11.0},{"damage":19.0,"enemies":"2 Thieves","floor":18.0,"turns":4.0},{"damage":6.0,"enemies":"Chosen","floor":20.0,"turns":4.0},{"damage":18.0,"enemies":"Snake Plant","floor":21.0,"turns":3.0},{"damage":4.0,"enemies":"Centurion and Healer","floor":22.0,"turns":7.0},{"damage":32.0,"enemies":"Slaver and Parasite","floor":24.0,"turns":7.0},{"damage":13,"enemies":"Snecko","floor":25,"turns":5},{"damage":41,"enemies":"Slavers","floor":29,"turns":3}],"seed_played":"3012422651660526529","potions_obtained":[{"floor":8.0,"key":"LiquidBronze"},{"floor":13.0,"key":"PowerPotion"},{"floor":14.0,"key":"Ancient Potion"},{"floor":16.0,"key":"Fire Potion"}],"is_trial":false,"path_per_floor":["M","M","?","M","?","R","M","M","T","R","$","E","M","M","R","B",null,"M","?","M","M","M","R","M","M","T","R","?"],"character_chosen":"IRONCLAD","items_purchased":["Art of War"],"campfire_rested":1,"item_purchase_floors":[],"current_hp_per_floor":[72,75,64,66,40,40,41,38,48,48,48,37,38,39,39,19,69,56,56,56,44,46,46,20,13,13,38,38,0],"gold":279,"neow_bonus":"","is_prod":false,"is_daily":false,"chose_seed":false,"campfire_upgraded":4,"win_rate":0,"timestamp":1530821364,"path_taken":["M","M","?","M","?","R","M","M","T","R","$","E","M","M","R","BOSS","M","?","M","M","M","R","M","M","T","R","?","E"],"build_version":"2018-07-04","purchased_purges":1,"victory":false,"max_hp_per_floor":[75,75,75,75,75,75,75,75,85,85,85,85,85,85,85,85,85,85,85,85,85,85,85,85,85,85,85,85,85],"card_choices":[{"not_picked":["Wild Strike","Clash"],"picked":"Pommel Strike","floor":1.0},{"not_picked":["Thunderclap","Sword Boomerang"],"picked":"Flame Barrier","floor":2.0},{"not_picked":["Flex","Shrug It Off"],"picked":"Uppercut","floor":4.0},{"not_picked":["Wild Strike","Rupture"],"picked":"Shrug It Off","floor":7.0},{"not_picked":["Searing Blow","Dual Wield"],"picked":"Metallicize","floor":8.0},{"not_picked":["Limit Break","Reckless Charge"],"picked":"Inflame","floor":12.0},{"not_picked":["Heavy Blade","Body Slam"],"picked":"Uppercut","floor":13.0},{"not_picked":["Blood for Blood","Flex"],"picked":"Carnage","floor":14.0},{"not_picked":["Juggernaut","Bludgeon"],"picked":"Immolate","floor":16.0},{"not_picked":["Sentinel","Body Slam"],"picked":"Dual Wield","floor":18.0},{"not_picked":["Corruption+1","Pommel Strike"],"picked":"Power Through","floor":20.0},{"not_picked":["Thunderclap","Heavy Blade"],"picked":"True Grit","floor":21.0},{"not_picked":["Carnage","Bloodletting"],"picked":"Shrug It Off","floor":22.0},{"not_picked":["Body Slam","Clothesline"],"picked":"Pommel Strike","floor":24.0},{"not_picked":["Searing Blow","Sever Soul"],"picked":"Burning Pact","floor":25}],"player_experience":270583,"relics_obtained":[{"floor":9.0,"key":"Pear"},{"floor":12.0,"key":"Sundial"},{"floor":26,"key":"Molten Egg 2"}],"event_choices":[{"event_name":"World of Goop","player_choice":"Gather Gold","floor":3.0,"damage_taken":0.0},{"event_name":"Golden Idol","player_choice":"Take Damage","floor":5.0,"damage_taken":0.0},{"event_name":"Bonfire Elementals","player_choice":"BASIC","floor":19.0,"damage_taken":0.0},{"event_name":"N\u0027loth","player_choice":"Traded a Pear","floor":28,"damage_taken":0}],"boss_relics":[{"not_picked":["Astrolabe","White Beast Statue"],"picked":"Sozu"}],"items_purged_floors":[],"is_endless":false,"potions_floor_spawned":[8,13,14,16,18,22,25],"killed_by":"Slavers","ascension_level":15}