{"gold_per_floor":[210,221,221,61,80,80,114,114,139,139,214,194,194,225,225,323,323,336,336,336,103,203,230,242,287,299,311,351,363,375,422,434,542,554,583,64,77,0,47,47,77,56,80,105,105,105,118,128,128,128,128,128,1,34,34],"floor_reached":56,"playtime":4308,"items_purged":["Regret","Doubt","Writhe"],"score":1646,"play_id":"bfa6b408-481e-44ca-a59e-4618d17be1f0","local_time":"20190213213425","is_ascension_mode":true,"campfire_choices":[{"data":"Dualcast","floor":6.0,"key":"SMITH"},{"data":"Zap","floor":8.0,"key":"SMITH"},{"data":"Conserve Battery","floor":10.0,"key":"SMITH"},{"data":"FTL","floor":15.0,"key":"SMITH"},{"floor":24.0,"key":"REST"},{"data":"Defragment","floor":27.0,"key":"SMITH"},{"data":"Echo Form","floor":30.0,"key":"SMITH"},{"data":"Self Repair","floor":32.0,"key":"SMITH"},{"floor":40,"key":"REST"},{"floor":49,"key":"RECALL"},{"data":"Skim","floor":52,"key":"SMITH"}],"neow_cost":"NONE","seed_source_timestamp":0,"circlet_count":0,"master_deck":["Strike_B","Strike_B","Strike_B","Strike_B","Defend_B","Defend_B","Defend_B","Defend_B","Zap+1","Dualcast+1","Auto Shields","Conserve Battery+1","Skim+1","FTL+1","Seek+1","Echo Form+1","Injury","Glacier+1","Ghostly+1","Ghostly+1","Ghostly+1","Ghostly+1","Ghostly+1","Self Repair+1","Leap+1","Defragment+1","Defragment+1","Cold Snap+1","Machine Learning+1","Go for the Eyes+1","Seek+1","Loop+1","Loop+1","Conserve Battery+1","BootSequence+1","Defragment+1","Blizzard+1","Coolheaded+1","Ball Lightning+1","Bandage Up+1","Flash of Steel+1","Discovery+1","Rainbow+1","Redo+1","Blizzard+1","Capacitor+1","Compile Driver+1"],"special_seed":0,"relics":["FrozenCore","Ancient Tea Set","Toxic Egg 2","Juzu Bracelet","Blood Vial","The Courier","Calling Bell","Bag of Marbles","Molten Egg 2","FossilizedHelix","Anchor","StoneCalendar","Mercury Hourglass","MawBank","Bottled Flame","Pear","Frozen Egg 2","Boot","Lee\u0027s Waffle","Red Mask","Du-Vu Doll","PreservedInsect","Vajra","Meat on the Bone","Spirit Poop","Art of War"],"potions_floor_usage":[39,47,47,55],"damage_taken":[{"damage":0.0,"enemies":"2 Louse","floor":1.0,"turns":1.0},{"damage":4.0,"enemies":"Small Slimes","floor":2.0,"turns":3.0},{"damage":5.0,"enemies":"Cultist","floor":5.0,"turns":4.0},{"damage":0.0,"enemies":"3 Sentries","floor":7.0,"turns":7.0},{"damage":12.0,"enemies":"Gremlin Nob","floor":14.0,"turns":3.0},{"damage":34.0,"enemies":"Slime Boss","floor":16.0,"turns":14.0},{"damage":27.0,"enemies":"Spheric Guardian","floor":18.0,"turns":6.0},{"damage":0.0,"enemies":"Colosseum Slavers","floor":22.0,"turns":8.0},{"damage":12.0,"enemies":"Colosseum Nobs","floor":22.0,"turns":10.0},{"damage":27.0,"enemies":"Gremlin Leader","floor":23.0,"turns":7.0},{"damage":0.0,"enemies":"Slavers","floor":25.0,"turns":7.0},{"damage":0.0,"enemies":"Gremlin Leader","floor":28.0,"turns":10.0},{"damage":2.0,"enemies":"Book of Stabbing","floor":31.0,"turns":8.0},{"damage":0.0,"enemies":"Champ","floor":33.0,"turns":14.0},{"damage":7.0,"enemies":"3 Shapes","floor":35.0,"turns":6.0},{"damage":0.0,"enemies":"3 Darklings","floor":37.0,"turns":7.0},{"damage":19,"enemies":"2 Orb Walkers","floor":39,"turns":7},{"damage":0,"enemies":"Giant Head","floor":41,"turns":16},{"damage":0,"enemies":"Nemesis","floor":44,"turns":7},{"damage":0,"enemies":"Transient","floor":47,"turns":5},{"damage":0,"enemies":"Spire Growth","floor":48,"turns":6},{"damage":13,"enemies":"Donu and Deca","floor":50,"turns":10},{"damage":11,"enemies":"Shield and Spear","floor":54,"turns":7},{"damage":17,"enemies":"The Heart","floor":55,"turns":11}],"seed_played":"1596832473510343744","potions_obtained":[{"floor":1.0,"key":"EssenceOfSteel"},{"floor":7.0,"key":"Explosive Potion"},{"floor":12.0,"key":"PowerPotion"},{"floor":14.0,"key":"Block Potion"},{"floor":16.0,"key":"Poison Potion"},{"floor":18.0,"key":"Fire Potion"},{"floor":22.0,"key":"Energy Potion"},{"floor":25.0,"key":"PowerPotion"},{"floor":31.0,"key":"FearPotion"},{"floor":35.0,"key":"Explosive Potion"},{"floor":39,"key":"SteroidPotion"},{"floor":41,"key":"AttackPotion"}],"is_trial":false,"path_per_floor":["M","M","?","$","M","R","E","R","T","R","?","?","?","E","R","B",null,"M","?","?","$","?","E","R","E","T","R","E","?","R","E","R","B",null,"M","$","M","?","?","R","E","$","T","E","?","?","M","M","R","B",null,"R","$","E","B",null],"character_chosen":"DEFECT","items_purchased":["Conserve Battery","Skim","Self Repair","Anchor","Lee\u0027s Waffle","Seek+1","Loop+1","Loop+1","Conserve Battery+1","Coolheaded+1","Blizzard+1","Capacitor+1"],"campfire_rested":2,"item_purchase_floors":[4,4,21,21,36,36,36,36,36,42,53,53],"current_hp_per_floor":[75,71,71,71,66,66,66,66,66,66,55,55,52,42,42,10,75,48,48,37,37,32,14,25,34,34,34,47,47,47,47,47,47,47,40,54,54,54,35,51,54,54,54,54,54,44,54,54,54,47,54,54,54,54,43],"gold":34,"neow_bonus":"HUNDRED_GOLD","is_prod":false,"is_daily":false,"chose_seed":false,"campfire_upgraded":8,"win_rate":0,"timestamp":1550122465,"path_taken":["M","M","?","$","M","R","E","R","T","R","?","?","?","E","R","BOSS","M","?","?","$","?","E","R","E","T","R","E","?","R","E","R","BOSS","M","$","M","?","?","R","E","$","T","E","?","?","M","M","R","BOSS","R","$","E","BOSS"],"build_version":"2019-01-23","purchased_purges":3,"victory":true,"max_hp_per_floor":[75,75,75,75,75,75,75,75,75,75,75,75,75,75,75,75,75,75,75,37,37,37,37,37,37,37,37,47,47,47,47,47,47,47,47,54,54,54,54,54,54,54,54,54,54,54,54,54,54,54,54,54,54,54,54],"card_choices":[{"not_picked":["Storm","Rebound"],"picked":"Auto Shields","floor":1.0},{"not_picked":["Static Discharge","Barrage","Aggregate"],"picked":"SKIP","floor":2.0},{"not_picked":["Turbo","Hologram"],"picked":"FTL","floor":5.0},{"not_picked":["Steam","Heatsinks"],"picked":"Seek","floor":7.0},{"not_picked":["Hello World","Tempest+1","Barrage"],"picked":"SKIP","floor":14.0},{"not_picked":["Reboot+1","Fission+1"],"picked":"Echo Form","floor":16.0},{"not_picked":["Streamline+1","Turbo+1","Static Discharge"],"picked":"SKIP","floor":18.0},{"not_picked":["Gash+1","Beam Cell+1"],"picked":"Leap+1","floor":22.0},{"not_picked":["Aggregate+1","Recycle+1","Streamline+1"],"picked":"SKIP","floor":23.0},{"not_picked":["Double Energy+1","Hologram+1"],"picked":"Defragment","floor":25.0},{"not_picked":["Static Discharge+1","Hello World"],"picked":"Defragment+1","floor":28.0},{"not_picked":["Beam Cell+1","Hello World+1"],"picked":"Cold Snap+1","floor":31.0},{"not_picked":["Reboot+1","Thunder Strike+1"],"picked":"Machine Learning+1","floor":33.0},{"not_picked":["Beam Cell+1","Heatsinks+1"],"picked":"Go for the Eyes+1","floor":35.0},{"not_picked":["Streamline+1","Leap+1"],"picked":"BootSequence+1","floor":37.0},{"not_picked":["Hello World+1","Go for the Eyes+1"],"picked":"Defragment+1","floor":39},{"not_picked":["Streamline+1","Barrage+1"],"picked":"Blizzard+1","floor":41},{"not_picked":["Self Repair+1","Conserve Battery+1"],"picked":"Ball Lightning+1","floor":44},{"not_picked":["Flash of Steel+1","Mind Blast+1"],"picked":"Bandage Up+1","floor":46},{"not_picked":["PanicButton+1","Blind+1"],"picked":"Flash of Steel+1","floor":46},{"not_picked":["Purity+1","Madness+1"],"picked":"Discovery+1","floor":46},{"not_picked":["Self Repair+1","Chaos+1"],"picked":"Rainbow+1","floor":47},{"not_picked":["Gash+1","Static Discharge+1"],"picked":"Redo+1","floor":48},{"not_picked":["Conserve Battery+1","Gash+1"],"picked":"Compile Driver+1","floor":54}],"player_experience":347810,"relics_obtained":[{"floor":7.0,"key":"Toxic Egg 2"},{"floor":9.0,"key":"Juzu Bracelet"},{"floor":14.0,"key":"The Courier"},{"floor":17.0,"key":"Bag of Marbles"},{"floor":17.0,"key":"Molten Egg 2"},{"floor":17.0,"key":"FossilizedHelix"},{"floor":22.0,"key":"StoneCalendar"},{"floor":22.0,"key":"Mercury Hourglass"},{"floor":23.0,"key":"MawBank"},{"floor":25.0,"key":"Bottled Flame"},{"floor":28.0,"key":"Pear"},{"floor":31.0,"key":"Boot"},{"floor":39,"key":"Du-Vu Doll"},{"floor":41,"key":"PreservedInsect"},{"floor":43,"key":"Vajra"},{"floor":44,"key":"Meat on the Bone"},{"floor":54,"key":"Art of War"}],"event_choices":[{"damage_healed":0.0,"max_hp_gain":0.0,"max_hp_loss":0.0,"gold_gain":0.0,"event_name":"Big Fish","player_choice":"Box","floor":3.0,"gold_loss":0.0,"damage_taken":0.0,"relics_obtained":["Ancient Tea Set"],"cards_obtained":["Regret"]},{"damage_healed":0.0,"max_hp_gain":0.0,"max_hp_loss":0.0,"gold_gain":75.0,"event_name":"World of Goop","player_choice":"Gather Gold","floor":11.0,"gold_loss":0.0,"damage_taken":11.0},{"damage_healed":0.0,"max_hp_gain":0.0,"max_hp_loss":0.0,"gold_gain":0.0,"event_name":"The Woman in Blue","player_choice":"Bought 1 Potion","floor":12.0,"gold_loss":0.0,"damage_taken":0.0},{"damage_healed":0.0,"max_hp_gain":0.0,"max_hp_loss":0.0,"gold_gain":0.0,"event_name":"Scrap Ooze","player_choice":"Success","floor":13.0,"gold_loss":0.0,"damage_taken":3.0,"relics_obtained":["Blood Vial"]},{"damage_healed":0.0,"max_hp_gain":0.0,"max_hp_loss":0.0,"gold_gain":0.0,"event_name":"The Library","player_choice":"Read","floor":19.0,"gold_loss":0.0,"damage_taken":0.0,"cards_obtained":["Glacier"]},{"damage_healed":0.0,"max_hp_gain":0.0,"max_hp_loss":38.0,"gold_gain":0.0,"event_name":"Ghosts","player_choice":"Became a Ghost","floor":20.0,"gold_loss":0.0,"damage_taken":0.0,"cards_obtained":["Ghostly","Ghostly","Ghostly","Ghostly","Ghostly"]},{"damage_healed":0.0,"max_hp_gain":0.0,"max_hp_loss":0.0,"gold_gain":0.0,"event_name":"Colosseum","player_choice":"Fight","floor":22.0,"gold_loss":0.0,"damage_taken":0.0},{"damage_healed":0.0,"max_hp_gain":0.0,"max_hp_loss":0.0,"gold_gain":0.0,"event_name":"Colosseum","player_choice":"Fought Nobs","floor":22.0,"gold_loss":0.0,"damage_taken":0.0},{"damage_healed":0.0,"max_hp_gain":0.0,"max_hp_loss":0.0,"gold_gain":0.0,"event_name":"The Mausoleum","player_choice":"Opened","floor":29.0,"gold_loss":0.0,"damage_taken":0.0,"relics_obtained":["Frozen Egg 2"],"cards_obtained":["Writhe"]},{"damage_healed":0.0,"max_hp_gain":0.0,"max_hp_loss":0.0,"gold_gain":0.0,"event_name":"Tomb of Lord Red Mask","player_choice":"Paid","floor":38.0,"gold_loss":77.0,"damage_taken":0.0,"relics_obtained":["Red Mask"]},{"damage_healed":0,"gold_gain":0,"player_choice":"Fight","damage_taken":0,"max_hp_gain":0,"max_hp_loss":0,"event_name":"Mysterious Sphere","floor":39,"gold_loss":0},{"cards_removed":["Doubt"],"damage_healed":0,"gold_gain":0,"player_choice":"Offered Curse","damage_taken":0,"relics_obtained":["Spirit Poop"],"max_hp_gain":0,"max_hp_loss":0,"event_name":"Bonfire Elementals","floor":45,"gold_loss":0},{"damage_healed":0,"gold_gain":0,"player_choice":"Memory 3","damage_taken":10,"max_hp_gain":0,"max_hp_loss":0,"event_name":"SensoryStone","floor":46,"gold_loss":0}],"is_beta":false,"boss_relics":[{"not_picked":["Tiny House","White Beast Statue"],"picked":"Calling Bell"},{"not_picked":["Sozu","Velvet Choker"],"picked":"FrozenCore"}],"items_purged_floors":[4,21,36],"is_endless":false,"potions_floor_spawned":[1,7,14,16,18,22,25,31,35,39,41],"ascension_level":2}