{"gold_per_floor":[114,129,129,144,159,189,204,234,259,259,259,259,31,61,61,161,161,176,64,64,64,64,64,64,64,64,77,77,26,56,86,86,186,186,201,201,102,102,157,157,187,187,187,217,247,129,129,129,129,129],"floor_reached":51,"playtime":1947,"items_purged":["Havoc"],"score":954,"play_id":"78dc075c-be5c-4b7b-b0f2-53afd4c2d83c","local_time":"20181106103324","daily_mods":["Specialized","Flight","Night Terrors"],"is_ascension_mode":false,"campfire_choices":[{"data":"Clothesline","floor":11.0,"key":"SMITH"},{"data":"Corruption","floor":12.0,"key":"SMITH"},{"data":"Entrench","floor":15.0,"key":"SMITH"},{"floor":23.0,"key":"REST"},{"data":"Barricade","floor":25.0,"key":"SMITH"},{"data":"Spot Weakness","floor":32.0,"key":"SMITH"},{"data":"Feel No Pain","floor":40.0,"key":"SMITH"},{"data":"Disarm","floor":42,"key":"SMITH"},{"floor":49,"key":"REST"}],"neow_cost":"","seed_source_timestamp":0,"circlet_count":0,"master_deck":["Strike_R","Strike_R","Defend_R","Defend_R","Defend_R","Defend_R","Bash+1","Havoc","Havoc+1","Havoc","Havoc","Corruption+1","Perfected Strike+1","Shrug It Off","Body Slam+1","Shockwave","Headbutt","Clothesline+1","Disarm+1","Entrench+1","Iron Wave","Barricade+1","Headbutt+1","Disarm+1","Shrug It Off","Spot Weakness+1","Armaments","Feed","Juggernaut+1","Body Slam+1","Searing Blow+1","Feel No Pain+1","Shrug It Off","Headbutt","Dramatic Entrance","Impatience"],"special_seed":17841,"relics":["Burning Blood","Whetstone","Paper Frog","Juzu Bracelet","Odd Mushroom","War Paint","Busted Crown","Enchiridion","Bottled Tornado","Red Mask","Boot","Magic Flower","Astrolabe","GremlinMask","Tiny Chest","Blood Vial","Mummified Hand","Bronze Scales","Smiling Mask","Letter Opener"],"potions_floor_usage":[50,50,50],"damage_taken":[{"damage":6.0,"enemies":"2 Louse","floor":1.0,"turns":4.0},{"damage":7.0,"enemies":"Small Slimes","floor":2.0,"turns":3.0},{"damage":11.0,"enemies":"Jaw Worm","floor":4.0,"turns":2.0},{"damage":5.0,"enemies":"3 Louse","floor":5.0,"turns":4.0},{"damage":0.0,"enemies":"Lagavulin","floor":6.0,"turns":5.0},{"damage":0.0,"enemies":"Exordium Wildlife","floor":7.0,"turns":4.0},{"damage":6.0,"enemies":"Gremlin Nob","floor":8.0,"turns":3.0},{"damage":17.0,"enemies":"The Mushroom Lair","floor":10.0,"turns":5.0},{"damage":19.0,"enemies":"3 Sentries","floor":14.0,"turns":7.0},{"damage":26.0,"enemies":"The Guardian","floor":16.0,"turns":10.0},{"damage":10.0,"enemies":"3 Byrds","floor":18.0,"turns":7.0},{"damage":45.0,"enemies":"Colosseum Slavers","floor":20.0,"turns":6.0},{"damage":34.0,"enemies":"Masked Bandits","floor":27.0,"turns":6.0},{"damage":0.0,"enemies":"Book of Stabbing","floor":30.0,"turns":6.0},{"damage":12.0,"enemies":"Gremlin Leader","floor":31.0,"turns":5.0},{"damage":12.0,"enemies":"Collector","floor":33.0,"turns":10.0},{"damage":7.0,"enemies":"Orb Walker","floor":35.0,"turns":3.0},{"damage":43,"enemies":"Reptomancer","floor":41,"turns":8},{"damage":6,"enemies":"Nemesis","floor":44,"turns":7},{"damage":23,"enemies":"Reptomancer","floor":45,"turns":6},{"damage":46,"enemies":"Donu and Deca","floor":50,"turns":6}],"seed_played":"-1781606062419763823","potions_obtained":[{"floor":1.0,"key":"Swift Potion"},{"floor":2.0,"key":"SpeedPotion"},{"floor":7.0,"key":"Explosive Potion"},{"floor":10.0,"key":"Ancient Potion"},{"floor":16.0,"key":"Strength Potion"},{"floor":31.0,"key":"AttackPotion"},{"floor":33.0,"key":"Strength Potion"}],"is_trial":false,"path_per_floor":["M","M","?","M","M","E","M","E","T","?","R","R","$","E","R","B",null,"M","$","?","?","$","R","?","R","T","?","?","$","E","E","R","B",null,"M","?","$","?","T","R","E","R","T","E","E","$","?","T","R","B",null],"character_chosen":"IRONCLAD","items_purchased":["Disarm","Entrench","LiquidBronze","Disarm","Armaments","Feel No Pain","Shrug It Off","Headbutt","Dramatic Entrance"],"campfire_rested":2,"item_purchase_floors":[13,13,13,19,29,37,37,46,46],"current_hp_per_floor":[80,79,79,74,75,80,80,80,80,69,69,69,69,56,56,36,80,76,76,37,21,21,75,75,75,75,47,47,47,53,47,47,44,75,75,75,75,75,75,75,41,41,41,47,36,36,36,36,70,38],"gold":129,"neow_bonus":"","is_prod":false,"is_daily":true,"chose_seed":false,"campfire_upgraded":7,"win_rate":0,"timestamp":1541496804,"path_taken":["M","M","?","M","M","E","M","E","T","?","R","R","$","E","R","BOSS","M","$","?","?","?","R","?","R","T","?","?","?","E","E","R","BOSS","M","?","$","?","?","R","E","R","T","E","E","?","?","?","R","BOSS"],"build_version":"2018-11-01","purchased_purges":1,"victory":true,"max_hp_per_floor":[80,80,80,80,80,80,80,80,80,80,80,80,80,80,80,80,80,80,80,80,80,80,75,75,75,75,75,75,75,75,75,75,75,75,75,75,75,75,75,75,75,75,75,75,75,75,75,75,70,73],"card_choices":[{"not_picked":["Sentinel","Clash"],"picked":"Corruption","floor":1.0},{"not_picked":["Heavy Blade","Wild Strike"],"picked":"Perfected Strike","floor":2.0},{"not_picked":["Headbutt","Thunderclap"],"picked":"Shrug It Off","floor":4.0},{"not_picked":["Clothesline","Warcry"],"picked":"Body Slam","floor":5.0},{"not_picked":["Intimidate","True Grit"],"picked":"Shockwave","floor":6.0},{"not_picked":["Clash","Pommel Strike"],"picked":"Headbutt","floor":7.0},{"not_picked":["Wild Strike","Reaper","Combust"],"picked":"SKIP","floor":8.0},{"not_picked":["Flex","Wild Strike"],"picked":"Clothesline","floor":10.0},{"not_picked":["Wild Strike","Cleave"],"picked":"Iron Wave","floor":14.0},{"not_picked":["Brutality","Immolate"],"picked":"Barricade","floor":16.0},{"not_picked":[],"picked":"Headbutt+1","floor":18.0},{"not_picked":[],"picked":"Spot Weakness","floor":27.0},{"not_picked":["Rupture"],"picked":"SKIP","floor":30.0},{"not_picked":["Corruption"],"picked":"SKIP","floor":31.0},{"not_picked":[],"picked":"Feed","floor":33.0},{"not_picked":["Clothesline+1"],"picked":"SKIP","floor":35.0},{"not_picked":["Combust"],"picked":"SKIP","floor":41},{"not_picked":["Bloodletting"],"picked":"SKIP","floor":44},{"not_picked":["Heavy Blade"],"picked":"SKIP","floor":45},{"not_picked":[],"picked":"Impatience","floor":47}],"player_experience":1600662,"relics_obtained":[{"floor":6.0,"key":"Whetstone"},{"floor":8.0,"key":"Paper Frog"},{"floor":9.0,"key":"Juzu Bracelet"},{"floor":10.0,"key":"Odd Mushroom"},{"floor":14.0,"key":"War Paint"},{"floor":21.0,"key":"Enchiridion"},{"floor":26.0,"key":"Bottled Tornado"},{"floor":27.0,"key":"Red Mask"},{"floor":30.0,"key":"Boot"},{"floor":31.0,"key":"Magic Flower"},{"floor":39.0,"key":"Tiny Chest"},{"floor":41,"key":"Blood Vial"},{"floor":43,"key":"Mummified Hand"},{"floor":44,"key":"Bronze Scales"},{"floor":45,"key":"Smiling Mask"},{"floor":48,"key":"Letter Opener"}],"event_choices":[{"damage_healed":0.0,"max_hp_gain":0.0,"max_hp_loss":0.0,"gold_gain":0.0,"event_name":"Living Wall","player_choice":"Grow","floor":3.0,"gold_loss":0.0,"damage_taken":0.0,"cards_upgraded":["Bash"]},{"damage_healed":0.0,"max_hp_gain":0.0,"max_hp_loss":0.0,"gold_gain":0.0,"event_name":"Mushrooms","player_choice":"Fought Mushrooms","floor":10.0,"gold_loss":0.0,"damage_taken":0.0},{"damage_healed":0.0,"max_hp_gain":0.0,"max_hp_loss":0.0,"gold_gain":0.0,"event_name":"Colosseum","player_choice":"Fight","floor":20.0,"gold_loss":0.0,"damage_taken":0.0},{"damage_healed":0.0,"max_hp_gain":0.0,"max_hp_loss":0.0,"gold_gain":0.0,"event_name":"Colosseum","player_choice":"Fled From Nobs","floor":20.0,"gold_loss":0.0,"damage_taken":0.0},{"damage_healed":0.0,"max_hp_gain":0.0,"max_hp_loss":0.0,"gold_gain":0.0,"event_name":"Cursed Tome","player_choice":"Obtained Book","floor":21.0,"gold_loss":0.0,"damage_taken":16.0},{"damage_healed":0.0,"max_hp_gain":0.0,"max_hp_loss":0.0,"gold_gain":0.0,"event_name":"The Library","player_choice":"Read","floor":24.0,"gold_loss":0.0,"damage_taken":0.0,"cards_obtained":["Shrug It Off"]},{"damage_healed":0.0,"max_hp_gain":0.0,"max_hp_loss":0.0,"gold_gain":0.0,"event_name":"Masked Bandits","player_choice":"Fought Bandits","floor":27.0,"gold_loss":0.0,"damage_taken":0.0},{"damage_healed":0.0,"max_hp_gain":0.0,"max_hp_loss":0.0,"gold_gain":0.0,"event_name":"Vampires","player_choice":"Ignored","floor":28.0,"gold_loss":0.0,"damage_taken":0.0},{"damage_healed":0.0,"max_hp_gain":0.0,"max_hp_loss":0.0,"gold_gain":0.0,"event_name":"SecretPortal","player_choice":"Ignored","floor":36.0,"gold_loss":0.0,"damage_taken":0.0},{"damage_healed":0.0,"max_hp_gain":0.0,"max_hp_loss":0.0,"gold_gain":0.0,"event_name":"FaceTrader","player_choice":"Trade","floor":38.0,"gold_loss":0.0,"damage_taken":0.0,"relics_obtained":["GremlinMask"]},{"damage_healed":0,"gold_gain":0,"player_choice":"Memory 1","damage_taken":0,"max_hp_gain":0,"max_hp_loss":0,"event_name":"SensoryStone","floor":47,"gold_loss":0}],"is_beta":false,"boss_relics":[{"not_picked":["Mark of Pain","Empty Cage"],"picked":"Busted Crown"},{"not_picked":["Lizard Tail","Black Star"],"picked":"Astrolabe"}],"items_purged_floors":[19],"is_endless":false,"potions_floor_spawned":[1,2,7,10,16,18,31,33,35,45],"ascension_level":0}