{"gold_per_floor":[110,110,3,19,32,59,59,59,59,77,152,175,47,47],"floor_reached":14,"playtime":445,"items_purged":["Strike_B"],"score":176,"play_id":"39bb03c1-8873-46a7-9d9f-34ba1a457f77","local_time":"20190206204127","is_ascension_mode":true,"campfire_choices":[{"data":"Creative AI","floor":8,"key":"SMITH"}],"neow_cost":"NONE","seed_source_timestamp":282607669929064,"circlet_count":0,"master_deck":["AscendersBane","Strike_B","Strike_B","Defend_B","Defend_B","Defend_B","Defend_B","Zap","Dualcast","Capacitor","Ball Lightning","Coolheaded","Go for the Eyes","Consume","Beam Cell","Creative AI+1","Steam+1","Redo+1","Conserve Battery+1"],"relics":["Cracked Core","Toxic Egg 2","Golden Idol","Ornamental Fan"],"potions_floor_usage":[6,6],"damage_taken":[{"damage":14,"enemies":"Small Slimes","floor":1,"turns":4},{"damage":0,"enemies":"Cultist","floor":4,"turns":3},{"damage":7,"enemies":"2 Louse","floor":5,"turns":3},{"damage":2,"enemies":"3 Sentries","floor":6,"turns":8},{"damage":8,"enemies":"Blue Slaver","floor":10,"turns":3},{"damage":8,"enemies":"2 Fungi Beasts","floor":12,"turns":3},{"damage":35,"enemies":"Gremlin Gang","floor":14,"turns":3}],"seed_played":"-1908565142032227194","potions_obtained":[{"floor":4,"key":"Dexterity Potion"},{"floor":5,"key":"EssenceOfSteel"},{"floor":10,"key":"FearPotion"}],"is_trial":false,"path_per_floor":["M","?","$","M","M","E","?","R","T","M","?","M","$","M"],"character_chosen":"DEFECT","items_purchased":["Coolheaded","Go for the Eyes","Conserve Battery+1"],"campfire_rested":0,"item_purchase_floors":[3,3,13],"current_hp_per_floor":[50,50,50,50,43,41,41,41,41,33,22,14,14,0],"gold":47,"neow_bonus":"THREE_CARDS","is_prod":false,"is_daily":false,"chose_seed":false,"campfire_upgraded":1,"win_rate":0,"timestamp":1549503687,"path_taken":["M","?","$","?","M","E","?","R","T","M","?","M","?","M"],"build_version":"2019-01-23","purchased_purges":1,"victory":false,"max_hp_per_floor":[71,71,71,71,71,71,64,64,64,64,64,64,64,64],"card_choices":[{"not_picked":["Turbo","Go for the Eyes"],"picked":"Capacitor","floor":0},{"not_picked":["Cold Snap","Streamline"],"picked":"Ball Lightning","floor":1},{"not_picked":["Cold Snap","Go for the Eyes"],"picked":"Consume","floor":4},{"not_picked":["Hello World","Streamline"],"picked":"Beam Cell","floor":5},{"not_picked":["Steam","Chill"],"picked":"Creative AI","floor":6},{"not_picked":["Ball Lightning","Sunder"],"picked":"Steam+1","floor":10},{"not_picked":["Cold Snap","Aggregate+1"],"picked":"Redo+1","floor":12}],"player_experience":2331546,"relics_obtained":[{"floor":6,"key":"Toxic Egg 2"},{"floor":9,"key":"Ornamental Fan"}],"event_choices":[{"cards_removed":["Strike_B"],"damage_healed":0,"gold_gain":0,"player_choice":"Offered Basic","damage_taken":0,"max_hp_gain":0,"max_hp_loss":0,"event_name":"Bonfire Elementals","floor":2,"gold_loss":0},{"damage_healed":0,"gold_gain":0,"player_choice":"Lose Max HP","damage_taken":0,"relics_obtained":["Golden Idol"],"max_hp_gain":0,"max_hp_loss":7,"event_name":"Golden Idol","floor":7,"gold_loss":0},{"damage_healed":0,"gold_gain":75,"player_choice":"Gather Gold","damage_taken":11,"max_hp_gain":0,"max_hp_loss":0,"event_name":"World of Goop","floor":11,"gold_loss":0}],"is_beta":false,"boss_relics":[],"items_purged_floors":[13],"is_endless":false,"potions_floor_spawned":[4,5,10],"killed_by":"Gremlin Gang","ascension_level":19}