{"gold_per_floor":[114,167,167,167,3,3,38,38,38,102,102,137,149,224,224,296,296,316,316],"floor_reached":19,"playtime":547,"items_purged":["Strike_B"],"score":382,"play_id":"4d22690b-dad4-46b4-96e3-049cd94d36ff","local_time":"20190130114320","is_ascension_mode":true,"campfire_choices":[{"data":"Sunder","floor":6,"key":"SMITH"},{"data":"Rip and Tear","floor":11,"key":"SMITH"},{"floor":15,"key":"REST"}],"neow_cost":"NONE","seed_source_timestamp":515933022709605,"circlet_count":0,"master_deck":["AscendersBane","Strike_B","Strike_B","Strike_B","Defend_B","Defend_B","Defend_B","Defend_B","Zap","Dualcast","Sunder+1","Rip and Tear+1","Beam Cell","Hologram+1","Gash","Leap+1","Echo Form","Defragment"],"relics":["Cracked Core","NeowsBlessing","Torii","Ornamental Fan","Toxic Egg 2","Gremlin Horn","Kunai","Inserter"],"potions_floor_usage":[12,18],"damage_taken":[{"damage":0,"enemies":"Jaw Worm","floor":1,"turns":1},{"damage":0,"enemies":"Gremlin Nob","floor":7,"turns":1},{"damage":0,"enemies":"Gremlin Nob","floor":10,"turns":1},{"damage":17,"enemies":"3 Sentries","floor":12,"turns":5},{"damage":0,"enemies":"Small Slimes","floor":13,"turns":1},{"damage":14,"enemies":"Slime Boss","floor":16,"turns":7},{"damage":41,"enemies":"Shell Parasite","floor":18,"turns":5},{"damage":33,"enemies":"Chosen","floor":19,"turns":4}],"seed_played":"3056596768151751948","potions_obtained":[{"floor":1,"key":"Weak Potion"},{"floor":7,"key":"Swift Potion"}],"is_trial":false,"path_per_floor":["M","?","?","$","$","R","E","T","T","?","R","E","M","?","R","B",null,"M","M"],"character_chosen":"DEFECT","items_purchased":["Rip and Tear"],"campfire_rested":1,"item_purchase_floors":[5],"current_hp_per_floor":[64,64,64,64,64,64,64,64,64,64,64,47,47,36,57,43,64,23,0],"gold":316,"neow_bonus":"THREE_ENEMY_KILL","is_prod":false,"is_daily":false,"chose_seed":false,"campfire_upgraded":2,"win_rate":0,"timestamp":1548866600,"path_taken":["M","?","?","?","$","R","E","?","T","?","R","E","?","?","R","BOSS","M","M"],"build_version":"2019-01-23","purchased_purges":1,"victory":false,"max_hp_per_floor":[71,71,71,71,71,71,71,71,71,71,71,71,71,71,71,71,71,71,71],"card_choices":[{"not_picked":["Melter","Lockon"],"picked":"Sunder","floor":1},{"not_picked":["Coolheaded","Gash"],"picked":"Beam Cell","floor":7},{"not_picked":["Compile Driver","Hello World"],"picked":"Hologram+1","floor":10},{"not_picked":["Turbo+1","Compile Driver"],"picked":"Gash","floor":12},{"not_picked":["Streamline","Force Field+1"],"picked":"Leap+1","floor":13},{"not_picked":["Reboot+1","Thunder Strike"],"picked":"Echo Form","floor":16},{"not_picked":["Streamline","Leap+1"],"picked":"Defragment","floor":18}],"player_experience":2229818,"relics_obtained":[{"floor":7,"key":"Torii"},{"floor":8,"key":"Ornamental Fan"},{"floor":9,"key":"Toxic Egg 2"},{"floor":10,"key":"Gremlin Horn"},{"floor":12,"key":"Kunai"}],"event_choices":[{"damage_healed":0,"gold_gain":53,"player_choice":"Gained Gold","damage_taken":0,"max_hp_gain":0,"max_hp_loss":0,"event_name":"Golden Wing","floor":2,"gold_loss":0},{"damage_healed":0,"gold_gain":0,"player_choice":"Ignored","damage_taken":0,"max_hp_gain":0,"max_hp_loss":0,"event_name":"Shining Light","floor":3,"gold_loss":0},{"damage_healed":0,"gold_gain":0,"player_choice":"Searched \u00271\u0027 times","damage_taken":0,"max_hp_gain":0,"max_hp_loss":0,"event_name":"Dead Adventurer","floor":10,"gold_loss":0},{"damage_healed":0,"gold_gain":75,"player_choice":"Gather Gold","damage_taken":11,"max_hp_gain":0,"max_hp_loss":0,"event_name":"World of Goop","floor":14,"gold_loss":0}],"is_beta":false,"boss_relics":[{"not_picked":["Tiny House","Runic Pyramid"],"picked":"Inserter"}],"items_purged_floors":[5],"is_endless":false,"potions_floor_spawned":[1,7],"killed_by":"Chosen","ascension_level":19}