{"gold_per_floor":[112,112,112,130,155,155,189,189,212,243,243,272,333,350,350,424,424,424,424,3,3,3,3,3,3,3,3,3,3,3,3,3,3],"floor_reached":33,"playtime":1199,"items_purged":[],"score":742,"play_id":"110be85a-8b8d-41d0-b683-5f4d571b1f17","local_time":"20181201231148","is_ascension_mode":true,"campfire_choices":[{"data":"Poisoned Stab","floor":6,"key":"SMITH"},{"data":"Flechettes","floor":8,"key":"SMITH"},{"data":"Bane","floor":11,"key":"SMITH"},{"floor":15,"key":"REST"},{"floor":23,"key":"REST"},{"floor":32,"key":"REST"}],"neow_cost":"NONE","seed_source_timestamp":0,"circlet_count":0,"master_deck":["AscendersBane","Defend_G","Defend_G","Defend_G","Defend_G","Defend_G","Strike_G","Strike_G","Strike_G","Strike_G","Survivor","Neutralize+1","Poisoned Stab+1","Deflect+1","Flechettes+1","Bane+1","Backstab","Deadly Poison","Sucker Punch","Burst","Catalyst","Deflect+1","Bandage Up","Crippling Poison","PiercingWail+1","Backstab","Backstab","Skewer","Well Laid Plans","Escape Plan"],"special_seed":0,"relics":["Ring of the Snake","NeowsBlessing","Pen Nib","Smiling Mask","Regal Pillow","Boot","Bag of Marbles","Potion Belt","Ectoplasm","Red Mask","Thread and Needle","Omamori","Matryoshka","Gremlin Horn","Mummified Hand","War Paint"],"potions_floor_usage":[10,12,16,27,29,29],"damage_taken":[{"damage":0,"enemies":"Jaw Worm","floor":1,"turns":1},{"damage":0,"enemies":"Cultist","floor":4,"turns":1},{"damage":0,"enemies":"3 Sentries","floor":7,"turns":2},{"damage":6,"enemies":"Gremlin Nob","floor":10,"turns":3},{"damage":21,"enemies":"3 Sentries","floor":12,"turns":11},{"damage":18,"enemies":"Lagavulin Event","floor":13,"turns":4},{"damage":0,"enemies":"2 Louse","floor":14,"turns":2},{"damage":21,"enemies":"Hexaghost","floor":16,"turns":10},{"damage":0,"enemies":"Spheric Guardian","floor":18,"turns":3},{"damage":42,"enemies":"Masked Bandits","floor":19,"turns":5},{"damage":4,"enemies":"3 Byrds","floor":21,"turns":5},{"damage":13,"enemies":"Slavers","floor":24,"turns":6},{"damage":0,"enemies":"3 Cultists","floor":25,"turns":5},{"damage":21,"enemies":"Gremlin Leader","floor":27,"turns":5},{"damage":0,"enemies":"Snecko","floor":28,"turns":4},{"damage":0,"enemies":"Book of Stabbing","floor":29,"turns":1},{"damage":0,"enemies":"Snake Plant","floor":30,"turns":3},{"damage":81,"enemies":"Collector","floor":33,"turns":7}],"seed_played":"811020667994839280","potions_obtained":[{"floor":7,"key":"Fire Potion"},{"floor":10,"key":"FearPotion"},{"floor":14,"key":"SkillPotion"},{"floor":19,"key":"EssenceOfSteel"},{"floor":21,"key":"Energy Potion"},{"floor":25,"key":"Explosive Potion"}],"is_trial":false,"path_per_floor":["M","?","?","M","T","R","E","R","T","E","R","E","?","M","R","B",null,"M","?","$","M","T","R","E","M","T","E","M","E","M","$","R","B"],"character_chosen":"THE_SILENT","items_purchased":["Thread and Needle","Bandage Up"],"campfire_rested":3,"item_purchase_floors":[20,20],"current_hp_per_floor":[59,59,59,59,59,59,59,59,59,53,53,32,14,14,48,27,56,56,14,14,14,14,48,39,43,43,26,26,26,30,30,64,0],"gold":3,"neow_bonus":"THREE_ENEMY_KILL","is_prod":false,"is_daily":false,"chose_seed":false,"campfire_upgraded":3,"win_rate":0,"timestamp":1543702308,"path_taken":["M","?","?","?","?","R","E","R","T","E","R","E","?","M","R","BOSS","M","?","$","M","?","R","E","?","T","E","M","E","M","?","R","BOSS"],"build_version":"2018-11-15","purchased_purges":0,"victory":false,"max_hp_per_floor":[66,66,66,66,66,66,66,66,66,66,66,66,66,66,66,66,66,66,66,66,66,66,66,66,66,66,66,66,66,66,66,66,66],"card_choices":[{"not_picked":["Quick Slash","Backflip"],"picked":"Poisoned Stab","floor":1},{"not_picked":["Prepared","Accuracy"],"picked":"Deflect","floor":4},{"not_picked":["Sucker Punch","Acrobatics"],"picked":"Flechettes","floor":7},{"not_picked":["Riddle With Holes","Night Terror"],"picked":"Bane","floor":10},{"not_picked":["Dagger Spray","Expertise"],"picked":"Backstab","floor":12},{"not_picked":["Bane","Acrobatics"],"picked":"Deadly Poison","floor":13},{"not_picked":["All Out Attack","Masterful Stab"],"picked":"Sucker Punch","floor":14},{"not_picked":["Bullet Time","Grand Finale"],"picked":"Burst","floor":16},{"not_picked":["Escape Plan","Poisoned Stab"],"picked":"Catalyst","floor":18},{"not_picked":["Accuracy+1","Slice"],"picked":"Deflect+1","floor":19},{"not_picked":["Skewer","Acrobatics"],"picked":"Crippling Poison","floor":21},{"not_picked":["Endless Agony","Bouncing Flask"],"picked":"PiercingWail","floor":24},{"not_picked":["Concentrate","Dagger Spray"],"picked":"Backstab","floor":25},{"not_picked":["Heel Hook","Escape Plan"],"picked":"Backstab","floor":27},{"not_picked":["Calculated Gamble","Flying Knee"],"picked":"Skewer","floor":28},{"not_picked":["Bane+1","Blur"],"picked":"Well Laid Plans","floor":29},{"not_picked":["Poisoned Stab","Underhanded Strike"],"picked":"Escape Plan","floor":30}],"player_experience":1758739,"relics_obtained":[{"floor":5,"key":"Pen Nib"},{"floor":7,"key":"Smiling Mask"},{"floor":9,"key":"Regal Pillow"},{"floor":10,"key":"Boot"},{"floor":12,"key":"Bag of Marbles"},{"floor":13,"key":"Potion Belt"},{"floor":19,"key":"Red Mask"},{"floor":22,"key":"Omamori"},{"floor":24,"key":"Matryoshka"},{"floor":26,"key":"Gremlin Horn"},{"floor":26,"key":"Mummified Hand"},{"floor":27,"key":"War Paint"}],"event_choices":[{"damage_healed":0,"gold_gain":0,"player_choice":"Grow","damage_taken":0,"max_hp_gain":0,"max_hp_loss":0,"event_name":"Living Wall","floor":2,"gold_loss":0,"cards_upgraded":["Neutralize"]},{"cards_removed":["Strike_G"],"damage_healed":0,"gold_gain":0,"player_choice":"Purged","damage_taken":0,"max_hp_gain":0,"max_hp_loss":0,"event_name":"Purifier","floor":3,"gold_loss":0},{"damage_healed":0,"gold_gain":30,"player_choice":"Searched \u00273\u0027 times","damage_taken":0,"max_hp_gain":0,"max_hp_loss":0,"event_name":"Dead Adventurer","floor":13,"gold_loss":0},{"damage_healed":0,"gold_gain":0,"player_choice":"Fought Bandits","damage_taken":0,"max_hp_gain":0,"max_hp_loss":0,"event_name":"Masked Bandits","floor":19,"gold_loss":0}],"is_beta":false,"boss_relics":[{"not_picked":["Calling Bell","Ring of the Serpent"],"picked":"Ectoplasm"}],"items_purged_floors":[],"is_endless":false,"potions_floor_spawned":[7,10,14,19,21,25],"killed_by":"Collector","ascension_level":20}