{"gold_per_floor":[119,44,62,62,76,76,116,116,116,129,142,142],"floor_reached":12,"playtime":719,"items_purged":["Strike_R"],"score":128,"play_id":"b05b7022-7746-465d-96eb-842f4c61ea29","local_time":"20181019141114","is_ascension_mode":true,"campfire_choices":[{"data":"Bash","floor":6,"key":"SMITH"},{"floor":8,"key":"REST"}],"neow_cost":"NONE","seed_source_timestamp":815984495971213,"circlet_count":0,"master_deck":["Strike_R","Strike_R","Strike_R","Strike_R","Defend_R","Defend_R","Defend_R","Defend_R","Bash+1","AscendersBane","Dark Embrace","Heavy Blade","Body Slam","Heavy Blade","Clothesline"],"relics":["Burning Blood","Golden Idol","Unceasing Top","Nunchaku"],"potions_floor_usage":[7,7,12],"damage_taken":[{"damage":11,"enemies":"Jaw Worm","floor":1,"turns":4},{"damage":7,"enemies":"Small Slimes","floor":3,"turns":3},{"damage":6,"enemies":"Cultist","floor":5,"turns":4},{"damage":45,"enemies":"3 Sentries","floor":7,"turns":13},{"damage":14,"enemies":"Blue Slaver","floor":10,"turns":5},{"damage":21,"enemies":"3 Louse","floor":11,"turns":5},{"damage":44,"enemies":"Gremlin Nob","floor":12,"turns":5}],"seed_played":"-7692849829562491206","potions_obtained":[{"floor":3,"key":"BloodPotion"},{"floor":5,"key":"Block Potion"},{"floor":11,"key":"Dexterity Potion"}],"is_trial":false,"path_per_floor":["M","$","M","?","M","R","E","R","T","M","M"],"character_chosen":"IRONCLAD","items_purchased":[],"campfire_rested":1,"item_purchase_floors":[],"current_hp_per_floor":[67,67,66,66,66,66,34,56,56,48,33,0],"gold":142,"neow_bonus":"ONE_RANDOM_RARE_CARD","is_prod":false,"is_daily":false,"chose_seed":false,"campfire_upgraded":1,"win_rate":0,"timestamp":1539972674,"path_taken":["M","$","M","?","?","R","E","R","T","M","M","E"],"build_version":"2018-10-18","purchased_purges":1,"victory":false,"max_hp_per_floor":[80,80,80,74,74,74,74,74,74,74,74,74],"card_choices":[{"not_picked":["Clothesline","Twin Strike"],"picked":"Heavy Blade","floor":1},{"not_picked":["Clash","Searing Blow","Wild Strike"],"picked":"SKIP","floor":3},{"not_picked":["Sever Soul","Dual Wield"],"picked":"Body Slam","floor":5},{"not_picked":["Perfected Strike","Body Slam","Power Through"],"picked":"SKIP","floor":7},{"not_picked":["Feed","Clash"],"picked":"Heavy Blade","floor":10},{"not_picked":["Second Wind","Perfected Strike"],"picked":"Clothesline","floor":11}],"player_experience":1550666,"relics_obtained":[{"floor":7,"key":"Unceasing Top"},{"floor":9,"key":"Nunchaku"}],"event_choices":[{"damage_healed":0,"gold_gain":0,"player_choice":"Lose Max HP","damage_taken":0,"relics_obtained":["Golden Idol"],"max_hp_gain":0,"max_hp_loss":6,"event_name":"Golden Idol","floor":4,"gold_loss":0}],"is_beta":false,"boss_relics":[],"items_purged_floors":[2],"is_endless":false,"potions_floor_spawned":[3,5,11],"killed_by":"Gremlin Nob","ascension_level":12}