{"gold_per_floor":[16,16,16,16,34,34,48,48,48,62,122,122,137,154,154,232,232,245,245,34,34,34,54,54,86,86,86,86,49,66,101,101,178,178,192,192,292,42,42,42,42],"floor_reached":41,"playtime":2285,"items_purged":["Strike_G"],"score":879,"play_id":"1feadc94-e1f8-456d-ba0b-8f4c6daf9b93","local_time":"20190208113747","is_ascension_mode":true,"campfire_choices":[{"data":"All Out Attack","floor":6,"key":"SMITH"},{"data":"Dagger Throw","floor":8,"key":"SMITH"},{"data":"Footwork","floor":12,"key":"SMITH"},{"floor":15,"key":"REST"},{"floor":24,"key":"REST"},{"floor":27,"key":"REST"},{"floor":32,"key":"REST"},{"floor":40,"key":"REST"}],"neow_cost":"NO_GOLD","seed_source_timestamp":257219197122931,"circlet_count":0,"master_deck":["AscendersBane","Defend_G","Defend_G","Defend_G","Defend_G","Defend_G+1","Strike_G","Strike_G+1","Survivor","Neutralize","Dodge and Roll+1","Bane","Dagger Throw+1","All Out Attack+1","After Image","Crippling Poison","Footwork+1","Deadly Poison","Bouncing Flask","Adrenaline","PiercingWail","PiercingWail+1","Catalyst","Footwork+1","Noxious Fumes","Well Laid Plans","Malaise","Footwork","Escape Plan","Madness","Madness"],"relics":["Ring of the Snake","Thread and Needle","Prayer Wheel","Singing Bowl","Tiny Chest","Fusion Hammer","Nilry\u0027s Codex","TwistedFunnel","Mango","Ice Cream","Mercury Hourglass","War Paint","Busted Crown","FossilizedHelix"],"potions_floor_usage":[10,25,31,33,35],"damage_taken":[{"damage":0,"enemies":"Small Slimes","floor":1,"turns":4},{"damage":0,"enemies":"2 Louse","floor":5,"turns":3},{"damage":0,"enemies":"Jaw Worm","floor":7,"turns":3},{"damage":0,"enemies":"Blue Slaver","floor":10,"turns":4},{"damage":8,"enemies":"3 Sentries","floor":11,"turns":12},{"damage":24,"enemies":"Large Slime","floor":13,"turns":8},{"damage":5,"enemies":"Exordium Thugs","floor":14,"turns":6},{"damage":23,"enemies":"The Guardian","floor":16,"turns":11},{"damage":7,"enemies":"Shell Parasite","floor":18,"turns":6},{"damage":2,"enemies":"Spheric Guardian","floor":23,"turns":5},{"damage":16,"enemies":"Slavers","floor":25,"turns":7},{"damage":3,"enemies":"Snecko","floor":30,"turns":5},{"damage":24,"enemies":"Gremlin Leader","floor":31,"turns":5},{"damage":64,"enemies":"Collector","floor":33,"turns":10},{"damage":8,"enemies":"Orb Walker","floor":35,"turns":4},{"damage":0,"enemies":"Mind Bloom Boss Battle","floor":37,"turns":7},{"damage":96,"enemies":"Reptomancer","floor":41,"turns":4}],"seed_played":"6007797362502720584","potions_obtained":[{"floor":5,"key":"SpeedPotion"},{"floor":10,"key":"Fruit Juice"},{"floor":18,"key":"AttackPotion"},{"floor":30,"key":"PowerPotion"},{"floor":33,"key":"SkillPotion"}],"is_trial":false,"path_per_floor":["M","?","?","?","M","R","M","R","T","M","E","R","M","M","R","B",null,"M","?","$","?","T","M","R","E","T","R","?","$","M","E","R","B",null,"M","?","?","$","?","R","E"],"character_chosen":"THE_SILENT","items_purchased":["TwistedFunnel","Noxious Fumes","Footwork","Escape Plan","Dexterity Potion"],"campfire_rested":5,"item_purchase_floors":[20,29,38,38,38],"current_hp_per_floor":[59,54,34,34,34,34,34,34,34,43,35,35,13,10,33,10,62,57,36,36,36,50,50,79,63,63,92,92,92,91,69,99,35,85,81,81,83,83,64,96,0],"gold":42,"neow_bonus":"ONE_RARE_RELIC","is_prod":false,"is_daily":false,"chose_seed":false,"campfire_upgraded":3,"win_rate":0,"timestamp":1549643867,"path_taken":["M","?","?","?","M","R","M","R","T","M","E","R","M","M","R","BOSS","M","?","$","?","?","?","R","E","T","R","?","?","?","E","R","BOSS","M","?","?","$","?","R","E"],"build_version":"2019-01-23","purchased_purges":1,"victory":false,"max_hp_per_floor":[66,66,66,66,66,66,66,66,66,75,75,75,77,79,79,79,79,81,81,81,81,95,97,97,97,97,97,97,97,99,101,101,101,101,105,105,107,107,107,107,107],"card_choices":[{"not_picked":["Underhanded Strike","Backflip"],"picked":"Dodge and Roll","floor":1},{"not_picked":["Deadly Poison","Bouncing Flask"],"picked":"Dagger Throw","floor":5},{"not_picked":["Deadly Poison","Blade Dance"],"picked":"All Out Attack","floor":5},{"not_picked":["Outmaneuver","Blade Dance"],"picked":"After Image","floor":7},{"not_picked":["Distraction","Blade Dance"],"picked":"Crippling Poison","floor":7},{"not_picked":["Deflect","Bouncing Flask","Sucker Punch"],"picked":"Singing Bowl","floor":10},{"not_picked":["Expertise","Dagger Throw","Flechettes"],"picked":"Singing Bowl","floor":10},{"not_picked":["Sucker Punch","Cloak And Dagger"],"picked":"Footwork","floor":11},{"not_picked":["Outmaneuver","Crippling Poison","Poisoned Stab"],"picked":"Singing Bowl","floor":13},{"not_picked":["Sucker Punch","Eviscerate"],"picked":"Deadly Poison","floor":13},{"not_picked":["Dagger Spray","Quick Slash"],"picked":"Bouncing Flask","floor":14},{"not_picked":["Dagger Throw","Tactician","Concentrate"],"picked":"Singing Bowl","floor":14},{"not_picked":["Phantasmal Killer","Bullet Time"],"picked":"Adrenaline","floor":16},{"not_picked":["Dagger Spray","Crippling Poison"],"picked":"PiercingWail","floor":18},{"not_picked":["Deadly Poison","Calculated Gamble","Underhanded Strike"],"picked":"Singing Bowl","floor":18},{"not_picked":["Expertise+1","Setup","Sucker Punch"],"picked":"Singing Bowl","floor":23},{"not_picked":["Acrobatics","Finisher"],"picked":"PiercingWail","floor":23},{"not_picked":["Bane","Expertise"],"picked":"Catalyst","floor":25},{"not_picked":["Eviscerate+1","Finisher"],"picked":"Well Laid Plans","floor":30},{"not_picked":["Leg Sweep","Dash","Sucker Punch"],"picked":"Singing Bowl","floor":30},{"not_picked":["Underhanded Strike","Leg Sweep","Dagger Throw"],"picked":"Singing Bowl","floor":31},{"not_picked":["Venomology","Wraith Form v2"],"picked":"Malaise","floor":33},{"not_picked":["Caltrops"],"picked":"Singing Bowl","floor":35},{"not_picked":["Cloak And Dagger"],"picked":"Singing Bowl","floor":35},{"not_picked":["All Out Attack"],"picked":"Singing Bowl","floor":37}],"player_experience":628220,"relics_obtained":[{"floor":9,"key":"Singing Bowl"},{"floor":11,"key":"Tiny Chest"},{"floor":19,"key":"Nilry\u0027s Codex"},{"floor":22,"key":"Mango"},{"floor":25,"key":"Ice Cream"},{"floor":26,"key":"Mercury Hourglass"},{"floor":31,"key":"War Paint"},{"floor":37,"key":"FossilizedHelix"}],"event_choices":[{"damage_healed":0,"gold_gain":0,"player_choice":"Success","damage_taken":5,"relics_obtained":["Prayer Wheel"],"max_hp_gain":0,"max_hp_loss":0,"event_name":"Scrap Ooze","floor":2,"gold_loss":0},{"damage_healed":0,"gold_gain":0,"player_choice":"Entered Light","damage_taken":20,"max_hp_gain":0,"max_hp_loss":0,"event_name":"Shining Light","floor":3,"gold_loss":0,"cards_upgraded":["Dodge and Roll","Strike_G"]},{"damage_healed":0,"gold_gain":0,"cards_transformed":["Strike_G"],"player_choice":"Change","damage_taken":0,"max_hp_gain":0,"max_hp_loss":0,"event_name":"Living Wall","floor":4,"gold_loss":0,"cards_obtained":["Bane"]},{"damage_healed":0,"gold_gain":0,"player_choice":"Obtained Book","damage_taken":21,"max_hp_gain":0,"max_hp_loss":0,"event_name":"Cursed Tome","floor":19,"gold_loss":0},{"damage_healed":0,"gold_gain":0,"player_choice":"Ignored","damage_taken":0,"max_hp_gain":0,"max_hp_loss":0,"event_name":"Ghosts","floor":21,"gold_loss":0},{"damage_healed":0,"gold_gain":0,"player_choice":"Copied","damage_taken":0,"max_hp_gain":0,"max_hp_loss":0,"event_name":"Duplicator","floor":28,"gold_loss":0,"cards_obtained":["Footwork"]},{"cards_removed":["Strike_G"],"damage_healed":0,"gold_gain":0,"player_choice":"Removed Attack","damage_taken":0,"max_hp_gain":0,"max_hp_loss":0,"event_name":"Falling","floor":36,"gold_loss":0},{"damage_healed":0,"gold_gain":0,"player_choice":"Fight","damage_taken":0,"max_hp_gain":0,"max_hp_loss":0,"event_name":"MindBloom","floor":37,"gold_loss":0},{"damage_healed":0,"gold_gain":0,"player_choice":"Embrace Madness","damage_taken":19,"max_hp_gain":0,"max_hp_loss":0,"event_name":"Winding Halls","floor":39,"gold_loss":0,"cards_obtained":["Madness","Madness"]}],"is_beta":false,"boss_relics":[{"not_picked":["Lizard Tail","Coffee Dripper"],"picked":"Fusion Hammer"},{"not_picked":["Orrery","HoveringKite"],"picked":"Busted Crown"}],"items_purged_floors":[38],"is_endless":false,"potions_floor_spawned":[5,10,18,30,33],"killed_by":"Reptomancer","ascension_level":19}