{"gold_per_floor":[113,113,127,54,74,74,106,116,116,448,448,476,476,80,80,155,155,170,170,188,188,188,188,220,240,240,240,24,39,39,58,58,136,136,152,169,0,100,117,117,134,134,180,180,199,229,139,149,149,149],"floor_reached":51,"playtime":2478,"items_purged":["Strike_B"],"score":1147,"play_id":"6a2fcff0-a9ff-4447-a8aa-a3c63d3e03f5","local_time":"20190122110133","is_ascension_mode":true,"campfire_choices":[{"data":"Zap","floor":6.0,"key":"SMITH"},{"floor":11.0,"key":"REST"},{"data":"Defragment","floor":13.0,"key":"SMITH"},{"data":"Defragment","floor":15.0,"key":"SMITH"},{"data":"Go for the Eyes","floor":23.0,"key":"SMITH"},{"floor":27.0,"key":"REST"},{"floor":32.0,"key":"REST"},{"floor":40,"key":"REST"},{"data":"Conserve Battery","floor":42,"key":"SMITH"},{"data":"Streamline","floor":44,"key":"SMITH"},{"floor":49,"key":"REST"}],"neow_cost":"NONE","seed_source_timestamp":1503642591660933,"circlet_count":0,"master_deck":["AscendersBane","Strike_B","Defend_B","Defend_B","Defend_B","Defend_B+1","Zap+1","Dualcast+1","Defragment+1","Defragment+1","Cold Snap","Leap+1","Tempest+1","Conserve Battery+1","Streamline+1","Electrodynamics+1","Hologram","Go for the Eyes+1","Ball Lightning","Core Surge","Static Discharge+1","Glacier","Defragment+1","Buffer+1","Glacier+1","Reinforced Body+1"],"special_seed":0,"relics":["FrozenCore","Frozen Egg 2","Girya","Old Coin","Centennial Puzzle","Orichalcum","Blue Candle","Toxic Egg 2","Potion Belt","Busted Crown","Red Mask","Shovel","Boot","War Paint"],"potions_floor_usage":[35,45,45,50,50],"damage_taken":[{"damage":0.0,"enemies":"2 Louse","floor":1.0,"turns":3.0},{"damage":1.0,"enemies":"Cultist","floor":3.0,"turns":3.0},{"damage":7.0,"enemies":"Jaw Worm","floor":5.0,"turns":3.0},{"damage":10.0,"enemies":"Gremlin Nob","floor":7.0,"turns":3.0},{"damage":11.0,"enemies":"Exordium Thugs","floor":8.0,"turns":5.0},{"damage":13.0,"enemies":"Lagavulin","floor":10.0,"turns":4.0},{"damage":4.0,"enemies":"Gremlin Nob","floor":12.0,"turns":3.0},{"damage":4.0,"enemies":"Hexaghost","floor":16.0,"turns":7.0},{"damage":0.0,"enemies":"Shell Parasite","floor":18.0,"turns":5.0},{"damage":0.0,"enemies":"Chosen","floor":20.0,"turns":3.0},{"damage":17.0,"enemies":"Book of Stabbing","floor":24.0,"turns":5.0},{"damage":10.0,"enemies":"Snake Plant","floor":25.0,"turns":3.0},{"damage":7.0,"enemies":"Snecko","floor":29.0,"turns":4.0},{"damage":15.0,"enemies":"Shelled Parasite and Fungi","floor":31.0,"turns":5.0},{"damage":16.0,"enemies":"Champ","floor":33.0,"turns":12.0},{"damage":14,"enemies":"3 Darklings","floor":35,"turns":3},{"damage":2,"enemies":"Orb Walker","floor":36,"turns":4},{"damage":9,"enemies":"Mind Bloom Boss Battle","floor":38,"turns":5},{"damage":0,"enemies":"4 Shapes","floor":39,"turns":3},{"damage":2,"enemies":"Maw","floor":41,"turns":8},{"damage":6,"enemies":"Jaw Worm Horde","floor":45,"turns":3},{"damage":39,"enemies":"Nemesis","floor":46,"turns":10},{"damage":10,"enemies":"Writhing Mass","floor":48,"turns":5},{"damage":16,"enemies":"Awakened One","floor":50,"turns":30}],"seed_played":"-5364240164106709938","potions_obtained":[{"floor":1.0,"key":"Block Potion"},{"floor":5.0,"key":"Fire Potion"},{"floor":8.0,"key":"FocusPotion"},{"floor":12.0,"key":"Block Potion"},{"floor":16.0,"key":"Dexterity Potion"},{"floor":24.0,"key":"FocusPotion"},{"floor":29.0,"key":"AttackPotion"},{"floor":38,"key":"Explosive Potion"},{"floor":39,"key":"Swift Potion"},{"floor":45,"key":"SpeedPotion"}],"is_trial":false,"path_per_floor":["M","?","M","$","M","R","E","M","T","E","R","E","R","$","R","B",null,"M","?","M","?","?","R","E","M","T","R","$","M","$","M","R","B",null,"M","M","?","?","M","R","M","R","T","R","M","E","?","M","R","B",null],"character_chosen":"DEFECT","items_purchased":["Cold Snap","Leap","Orichalcum","Hologram","Go for the Eyes","Ball Lightning","PowerPotion","Potion Belt","Defragment+1"],"campfire_rested":5,"item_purchase_floors":[4,4,14,14,14,14,14,28,28],"current_hp_per_floor":[75,75,74,74,67,67,57,46,46,33,57,53,53,53,53,49,74,74,74,74,74,66,66,49,39,39,63,63,56,56,41,65,49,74,60,58,58,49,49,73,71,71,71,71,65,26,26,16,40,24],"gold":149,"neow_bonus":"TEN_PERCENT_HP_BONUS","is_prod":false,"is_daily":false,"chose_seed":false,"campfire_upgraded":6,"win_rate":0,"timestamp":1548122493,"path_taken":["M","?","M","?","M","R","E","M","T","E","R","E","R","$","R","BOSS","M","?","?","?","?","R","E","M","T","R","$","?","$","M","R","BOSS","M","M","?","?","M","R","M","R","T","R","M","E","?","?","R","BOSS"],"build_version":"2019-01-17v2","purchased_purges":1,"victory":true,"max_hp_per_floor":[82,82,82,82,82,82,82,82,82,82,82,82,82,82,82,82,82,82,82,82,82,82,82,82,82,82,82,82,82,82,82,82,82,82,82,82,82,82,82,82,82,82,82,82,82,82,82,82,82,82],"card_choices":[{"not_picked":["Auto Shields","Scrape"],"picked":"Defragment","floor":1.0},{"not_picked":["Compile Driver","Leap"],"picked":"Defragment","floor":3.0},{"not_picked":["Rebound","Steam Power"],"picked":"Tempest","floor":5.0},{"not_picked":["Compile Driver","Fusion"],"picked":"Conserve Battery","floor":7.0},{"not_picked":["Doom and Gloom","Undo"],"picked":"Streamline","floor":8.0},{"not_picked":["Sunder","Redo"],"picked":"Electrodynamics+1","floor":10.0},{"not_picked":["Cold Snap","Hello World+1","Melter"],"picked":"SKIP","floor":12.0},{"not_picked":["Rainbow","Creative AI+1"],"picked":"Core Surge","floor":16.0},{"not_picked":["Darkness","Chill"],"picked":"Static Discharge+1","floor":18.0},{"not_picked":["Tempest","Redo","Cold Snap"],"picked":"SKIP","floor":20.0},{"not_picked":["Scrape","Rebound+1","Hello World+1"],"picked":"SKIP","floor":24.0},{"not_picked":["Barrage","Leap"],"picked":"Glacier","floor":25.0},{"not_picked":["Leap+1","Ball Lightning","Sunder+1"],"picked":"SKIP","floor":29.0},{"not_picked":["Rainbow+1","Turbo+1","Streamline"],"picked":"SKIP","floor":31.0},{"not_picked":["Biased Cognition+1","Meteor Strike"],"picked":"Buffer+1","floor":33.0},{"not_picked":["Rebound"],"picked":"SKIP","floor":35},{"not_picked":[],"picked":"Glacier+1","floor":36},{"not_picked":[],"picked":"Reinforced Body+1","floor":38},{"not_picked":["Redo+1"],"picked":"SKIP","floor":39},{"not_picked":["Heatsinks+1"],"picked":"SKIP","floor":41},{"not_picked":["Redo+1"],"picked":"SKIP","floor":45},{"not_picked":["Self Repair+1"],"picked":"SKIP","floor":46},{"not_picked":["Rebound"],"picked":"SKIP","floor":48}],"player_experience":425537,"relics_obtained":[{"floor":7.0,"key":"Frozen Egg 2"},{"floor":9.0,"key":"Girya"},{"floor":10.0,"key":"Old Coin"},{"floor":12.0,"key":"Centennial Puzzle"},{"floor":24.0,"key":"Blue Candle"},{"floor":26.0,"key":"Toxic Egg 2"},{"floor":38,"key":"Shovel"},{"floor":43,"key":"Boot"},{"floor":46,"key":"War Paint"}],"event_choices":[{"cards_removed":["Strike_B"],"damage_healed":0.0,"max_hp_gain":0.0,"max_hp_loss":0.0,"gold_gain":0.0,"event_name":"Bonfire Elementals","player_choice":"Offered Basic","floor":2.0,"gold_loss":0.0,"damage_taken":0.0},{"damage_healed":0.0,"max_hp_gain":0.0,"max_hp_loss":0.0,"gold_gain":0.0,"event_name":"Upgrade Shrine","player_choice":"Upgraded","floor":19.0,"gold_loss":0.0,"damage_taken":0.0,"cards_upgraded":["Tempest"]},{"damage_healed":0.0,"max_hp_gain":0.0,"max_hp_loss":0.0,"gold_gain":0.0,"event_name":"The Mausoleum","player_choice":"Ignored","floor":21.0,"gold_loss":0.0,"damage_taken":0.0},{"damage_healed":0.0,"max_hp_gain":0.0,"max_hp_loss":0.0,"gold_gain":0.0,"event_name":"Knowing Skull","player_choice":"","floor":22.0,"potions_obtained":[],"gold_loss":0.0,"damage_taken":8.0,"cards_obtained":[]},{"damage_healed":0,"gold_gain":0,"player_choice":"Paid","damage_taken":0,"relics_obtained":["Red Mask"],"max_hp_gain":0,"max_hp_loss":0,"event_name":"Tomb of Lord Red Mask","floor":37,"gold_loss":169},{"damage_healed":0,"gold_gain":0,"player_choice":"Fight","damage_taken":0,"max_hp_gain":0,"max_hp_loss":0,"event_name":"MindBloom","floor":38,"gold_loss":0},{"cards_removed":["Strike_B"],"damage_healed":0,"gold_gain":0,"player_choice":"Upgrade and Remove","damage_taken":0,"max_hp_gain":0,"max_hp_loss":0,"event_name":"Designer","floor":47,"gold_loss":90,"cards_upgraded":["Leap"]}],"is_beta":false,"boss_relics":[{"not_picked":["Pandora\u0027s Box","Fusion Hammer"],"picked":"FrozenCore"},{"not_picked":["Coffee Dripper","Runic Pyramid"],"picked":"Busted Crown"}],"items_purged_floors":[14],"is_endless":false,"potions_floor_spawned":[1,5,8,12,16,24,25,29,38,39,45],"ascension_level":13}