{"gold_per_floor":[115,130,23,35,35,35,63,63,114,114,144,161,189,207,207,207],"floor_reached":16,"playtime":918,"items_purged":[],"score":182,"play_id":"8d12a502-ac6c-47fd-9d1c-0ac3d5adb76f","local_time":"20181115214947","is_ascension_mode":true,"campfire_choices":[{"data":"Neutralize","floor":6,"key":"SMITH"},{"data":"Blade Dance","floor":8,"key":"SMITH"},{"data":"Finisher","floor":10,"key":"SMITH"},{"floor":15,"key":"REST"}],"neow_cost":"NONE","seed_source_timestamp":865788274190489,"circlet_count":0,"master_deck":["AscendersBane","Defend_G","Defend_G","Defend_G","Defend_G","Defend_G","Strike_G","Strike_G","Strike_G","Strike_G","Strike_G","Survivor","Neutralize+1","Dodge and Roll","Blade Dance+1","Noxious Fumes","Finisher+1","Escape Plan","Sucker Punch","PiercingWail","Escape Plan"],"relics":["Eternal Feather","Juzu Bracelet","Bag of Preparation","Dodecahedron"],"potions_floor_usage":[14,16,16],"damage_taken":[{"damage":4,"enemies":"Jaw Worm","floor":1,"turns":6},{"damage":4,"enemies":"2 Louse","floor":2,"turns":3},{"damage":0,"enemies":"Small Slimes","floor":4,"turns":2},{"damage":28,"enemies":"Gremlin Nob","floor":7,"turns":5},{"damage":14,"enemies":"3 Louse","floor":12,"turns":3},{"damage":26,"enemies":"Lagavulin","floor":13,"turns":7},{"damage":12,"enemies":"Exordium Thugs","floor":14,"turns":4},{"damage":35,"enemies":"Slime Boss","floor":16,"turns":9}],"seed_played":"-4915790980175282491","potions_obtained":[{"floor":7,"key":"FearPotion"},{"floor":13,"key":"Energy Potion"},{"floor":14,"key":"EssenceOfSteel"}],"is_trial":false,"path_per_floor":["M","M","$","M","$","R","E","R","T","R","?","M","E","M","R","B"],"character_chosen":"THE_SILENT","items_purchased":["Noxious Fumes","Finisher"],"campfire_rested":1,"item_purchase_floors":[3,3],"current_hp_per_floor":[59,55,55,55,55,64,36,45,45,54,54,40,14,2,35,0],"gold":207,"neow_bonus":"BOSS_RELIC","is_prod":false,"is_daily":false,"chose_seed":false,"campfire_upgraded":3,"win_rate":0,"timestamp":1542336587,"path_taken":["M","M","$","M","$","R","E","R","T","R","?","M","E","M","R","BOSS"],"build_version":"2018-11-15","purchased_purges":0,"victory":false,"max_hp_per_floor":[70,70,70,70,70,70,70,70,70,70,70,70,70,70,70,70],"card_choices":[{"not_picked":["Deflect","Quick Slash"],"picked":"Dodge and Roll","floor":1},{"not_picked":["Deflect","Prepared"],"picked":"Blade Dance","floor":2},{"not_picked":["Quick Slash","Slice"],"picked":"Escape Plan","floor":4},{"not_picked":["Reflex","Storm of Steel","Setup"],"picked":"SKIP","floor":7},{"not_picked":["Reflex","Prepared"],"picked":"Sucker Punch","floor":12},{"not_picked":["Eviscerate","Poisoned Stab"],"picked":"PiercingWail","floor":13},{"not_picked":["Slice","Acrobatics"],"picked":"Escape Plan","floor":14}],"player_experience":1696717,"relics_obtained":[{"floor":7,"key":"Juzu Bracelet"},{"floor":9,"key":"Bag of Preparation"},{"floor":13,"key":"Dodecahedron"}],"event_choices":[{"damage_healed":0,"gold_gain":30,"player_choice":"Searched \u00272\u0027 times","damage_taken":0,"max_hp_gain":0,"max_hp_loss":0,"event_name":"Dead Adventurer","floor":11,"gold_loss":0}],"is_beta":false,"boss_relics":[],"items_purged_floors":[],"is_endless":false,"potions_floor_spawned":[7,13,14],"killed_by":"Slime Boss","ascension_level":13}