{"gold_per_floor":[114,125,144,157,176,176,194,194,194,194,3,24,42,57,57,185,185,199,224,224],"floor_reached":20,"playtime":1054,"items_purged":["Defend_B"],"score":224,"play_id":"7d2d5af6-c161-44ee-a0e9-9b6318da0628","local_time":"20180625163732","is_ascension_mode":true,"campfire_choices":[{"floor":6,"key":"REST"},{"floor":8,"key":"REST"},{"floor":15,"key":"REST"}],"neow_cost":"NONE","seed_source_timestamp":75098509125887,"circlet_count":0,"master_deck":["Zap","Dualcast","Gash","Sweeping Beam","Cold Snap","Beam Cell","Hologram","Self Repair","Beam Cell","Hologram","Reboot","Streamline","Rebound","Compile Driver","Tempest","Loop","Steam","Genetic Algorithm","Self Repair+1","Beam Cell"],"relics":["Cracked Core","Bag of Preparation","Matryoshka","Golden Idol","Pandora\u0027s Box"],"potions_floor_usage":[14,16,16],"damage_taken":[{"damage":1,"enemies":"Cultist","floor":1,"turns":3},{"damage":12,"enemies":"Small Slimes","floor":2,"turns":3},{"damage":7,"enemies":"Jaw Worm","floor":3,"turns":3},{"damage":7,"enemies":"3 Louse","floor":4,"turns":2},{"damage":20,"enemies":"Gremlin Gang","floor":5,"turns":3},{"damage":14,"enemies":"Lots of Slimes","floor":7,"turns":4},{"damage":7,"enemies":"Exordium Wildlife","floor":12,"turns":3},{"damage":0,"enemies":"2 Fungi Beasts","floor":13,"turns":2},{"damage":16,"enemies":"Large Slime","floor":14,"turns":4},{"damage":53,"enemies":"The Guardian","floor":16,"turns":12},{"damage":25,"enemies":"Spheric Guardian","floor":18,"turns":4},{"damage":33,"enemies":"2 Thieves","floor":19,"turns":4},{"damage":24,"enemies":"Snake Plant","floor":20,"turns":2}],"seed_played":"1256276086630725326","potions_obtained":[{"floor":4,"key":"LiquidBronze"},{"floor":5,"key":"Weak Potion"},{"floor":12,"key":"FocusPotion"}],"is_trial":false,"path_per_floor":["M","M","M","M","M","R","M","R","T","?","$","M","M","M","R","B",null,"M","M"],"character_chosen":"DEFECT","items_purchased":["Hologram","Self Repair"],"campfire_rested":3,"item_purchase_floors":[11,11],"current_hp_per_floor":[67,55,48,41,21,43,29,51,51,51,51,51,58,49,69,23,58,40,17,0],"gold":224,"neow_bonus":"RANDOM_COMMON_RELIC","is_prod":false,"is_daily":false,"chose_seed":false,"campfire_upgraded":0,"win_rate":0,"timestamp":1529959052,"path_taken":["M","?","M","M","M","R","M","R","T","?","$","?","M","M","R","BOSS","M","?","M"],"build_version":"2018-06-21v2","purchased_purges":1,"victory":false,"max_hp_per_floor":[75,75,75,75,75,75,75,75,75,69,69,69,69,69,69,69,69,69,69,69],"card_choices":[{"not_picked":["Steam","Sweeping Beam"],"picked":"Gash","floor":1},{"not_picked":["Heatsinks","Steam"],"picked":"Sweeping Beam","floor":2},{"not_picked":["Compile Driver","Sweeping Beam"],"picked":"Cold Snap","floor":3},{"not_picked":["Chaos","Redo","Steam"],"picked":"SKIP","floor":4},{"not_picked":["Compile Driver","Fusion","Chaos"],"picked":"SKIP","floor":5},{"not_picked":["Hologram","Compile Driver"],"picked":"Beam Cell","floor":7},{"not_picked":["Steam Power","Electrodynamics"],"picked":"Beam Cell","floor":12},{"not_picked":["Ball Lightning","Coolheaded"],"picked":"Hologram","floor":13},{"not_picked":["Fusion","Conserve Battery","Leap"],"picked":"SKIP","floor":14},{"not_picked":["Multi-Cast","Meteor Strike"],"picked":"Reboot","floor":16},{"not_picked":["Storm+1","Turbo+1"],"picked":"Self Repair+1","floor":18},{"not_picked":["Conserve Battery+1","Cold Snap+1"],"picked":"Beam Cell","floor":19}],"player_experience":756833,"relics_obtained":[{"floor":9,"key":"Matryoshka"}],"event_choices":[{"event_name":"Golden Idol","player_choice":"Lose Max HP","floor":10,"damage_taken":0}],"boss_relics":[{"not_picked":["Snecko Eye","White Beast Statue"],"picked":"Pandora\u0027s Box"}],"items_purged_floors":[11],"is_endless":false,"potions_floor_spawned":[4,5,12,16],"killed_by":"Snake Plant","ascension_level":6}