{"gold_per_floor":[113,129,140,140,17,50,50,50,100,100,31,41,61,71,71,173,173,187,197,5,5,23,23,38,38],"floor_reached":25,"playtime":1010,"items_purged":[],"score":236,"play_id":"01ee5e57-7256-4493-a879-e6a481218c6b","local_time":"20181024234847","is_ascension_mode":true,"campfire_choices":[{"floor":8,"key":"REST"},{"floor":10,"key":"REST"},{"floor":15,"key":"REST"},{"data":"Leap","floor":23,"key":"SMITH"}],"neow_cost":"NONE","seed_source_timestamp":376187092381091,"circlet_count":0,"master_deck":["Strike_B","Strike_B","Strike_B","Defend_B","Defend_B","Defend_B","Defend_B","Zap","Dualcast","Creative AI+1","Doom and Gloom","Sunder","Steam","Turbo+1","Leap+1","Cold Snap","Rainbow+1","Melter","BootSequence","Go for the Eyes","Buffer","Machine Learning","Leap","Compile Driver+1","Seek","Decay","BootSequence","Defragment"],"relics":["Cracked Core","Bottled Lightning","Juzu Bracelet","War Paint"],"potions_floor_usage":[3,16,16,18,19,22],"damage_taken":[{"damage":29,"enemies":"Cultist","floor":1,"turns":7},{"damage":0,"enemies":"Jaw Worm","floor":2,"turns":4},{"damage":0,"enemies":"Small Slimes","floor":3,"turns":4},{"damage":31,"enemies":"Lagavulin","floor":6,"turns":9},{"damage":6,"enemies":"Red Slaver","floor":12,"turns":4},{"damage":5,"enemies":"2 Fungi Beasts","floor":13,"turns":3},{"damage":3,"enemies":"Exordium Wildlife","floor":14,"turns":4},{"damage":26,"enemies":"The Guardian","floor":16,"turns":11},{"damage":1,"enemies":"3 Byrds","floor":18,"turns":4},{"damage":10,"enemies":"Chosen","floor":19,"turns":6},{"damage":9,"enemies":"Snecko","floor":22,"turns":8},{"damage":40,"enemies":"Snake Plant","floor":24,"turns":6},{"damage":23,"enemies":"Shelled Parasite and Fungi","floor":25,"turns":4}],"seed_played":"1036284598705652019","potions_obtained":[{"floor":2,"key":"Fire Potion"},{"floor":6,"key":"SkillPotion"},{"floor":12,"key":"LiquidBronze"},{"floor":14,"key":"SkillPotion"},{"floor":18,"key":"FocusPotion"},{"floor":19,"key":"Poison Potion"}],"is_trial":false,"path_per_floor":["M","M","M","T","$","E","?","R","T","R","$","M","M","M","R","B",null,"M","M","$","?","M","R","M"],"character_chosen":"DEFECT","items_purchased":["Turbo","Leap","Cold Snap","Melter","Seek","Block Potion"],"campfire_rested":3,"item_purchase_floors":[5,5,5,11,20,20],"current_hp_per_floor":[46,46,46,46,46,15,15,37,37,59,59,53,48,45,67,41,75,74,64,64,64,55,55,15,0],"gold":38,"neow_bonus":"TRANSFORM_CARD","is_prod":false,"is_daily":false,"chose_seed":false,"campfire_upgraded":1,"win_rate":0,"timestamp":1540442927,"path_taken":["M","M","M","?","$","E","?","R","T","R","$","M","M","M","R","BOSS","M","M","$","?","M","R","M","M"],"build_version":"2018-10-23","purchased_purges":0,"victory":false,"max_hp_per_floor":[75,75,75,75,75,75,75,75,75,75,75,75,75,75,75,75,75,75,75,75,75,75,75,75,75],"card_choices":[{"not_picked":["Streamline","Sunder"],"picked":"Doom and Gloom","floor":1},{"not_picked":["Sweeping Beam","Static Discharge"],"picked":"Sunder","floor":2},{"not_picked":["Aggregate","Redo"],"picked":"Steam","floor":3},{"not_picked":["Ball Lightning","Streamline"],"picked":"Rainbow","floor":6},{"not_picked":["Conserve Battery","Chill"],"picked":"BootSequence","floor":12},{"not_picked":["Rebound","Streamline"],"picked":"Go for the Eyes","floor":13},{"not_picked":["Streamline","Gash"],"picked":"Buffer","floor":14},{"not_picked":["Rainbow","Amplify"],"picked":"Machine Learning","floor":16},{"not_picked":["Gash","Heatsinks+1"],"picked":"Leap","floor":18},{"not_picked":["Leap+1","Hologram"],"picked":"Compile Driver+1","floor":19},{"not_picked":["Cold Snap+1","Steam"],"picked":"BootSequence","floor":22},{"not_picked":["Redo","Streamline+1"],"picked":"Defragment","floor":24}],"player_experience":465390,"relics_obtained":[{"floor":4,"key":"Bottled Lightning"},{"floor":6,"key":"Juzu Bracelet"},{"floor":9,"key":"War Paint"}],"event_choices":[{"damage_healed":0,"gold_gain":0,"player_choice":"Grow","damage_taken":0,"max_hp_gain":0,"max_hp_loss":0,"event_name":"Living Wall","floor":7,"gold_loss":0,"cards_upgraded":["Creative AI"]},{"damage_healed":0,"gold_gain":0,"player_choice":"Smashed Altar","damage_taken":0,"max_hp_gain":0,"max_hp_loss":0,"event_name":"Forgotten Altar","floor":21,"gold_loss":0,"cards_obtained":["Decay"]}],"is_beta":true,"boss_relics":[{"not_picked":["Snecko Eye","Coffee Dripper","Philosopher\u0027s Stone"]}],"items_purged_floors":[],"is_endless":false,"potions_floor_spawned":[2,6,12,14,18,19],"killed_by":"Shelled Parasite and Fungi","ascension_level":3}