{"gold_per_floor":[114,114,125,142,159,186,186,214,241,241,51,68,68,68,68,164,164,184,199,44,62,62,62,75,75,75,91,145,175,175,186,186,186],"floor_reached":33,"playtime":1463,"items_purged":[],"score":332,"play_id":"a4d8d93a-b861-447f-87c7-e2c04d4b6c92","local_time":"20181102115808","is_ascension_mode":true,"campfire_choices":[{"floor":7,"key":"REST"},{"floor":10,"key":"REST"},{"floor":13,"key":"REST"},{"data":"Zap","floor":15,"key":"SMITH"},{"floor":23,"key":"REST"},{"data":"Defragment","floor":25,"key":"SMITH"},{"data":"Go for the Eyes","floor":30,"key":"SMITH"},{"floor":32,"key":"REST"}],"neow_cost":"NONE","seed_source_timestamp":1110700117202821,"circlet_count":0,"master_deck":["Strike_B+1","Strike_B+1","Strike_B+1","Strike_B+1","Defend_B+1","Defend_B+1","Defend_B+1","Defend_B+1","Zap+1","Dualcast","Core Surge","Go for the Eyes+1","Sunder","Auto Shields+1","Leap","Rip and Tear","Compile Driver","Cold Snap","Electrodynamics","Defragment+1","Reboot","Sweeping Beam","Cold Snap","Streamline+1","Thunder Strike"],"relics":["Cracked Core","Mummified Hand","Orichalcum","Ancient Tea Set","Runic Capacitor","Orrery","War Paint","Centennial Puzzle","Boot"],"potions_floor_usage":[4,6,16,24,24,33],"damage_taken":[{"damage":2,"enemies":"Jaw Worm","floor":1,"turns":3},{"damage":8,"enemies":"Small Slimes","floor":3,"turns":3},{"damage":1,"enemies":"Cultist","floor":4,"turns":3},{"damage":8,"enemies":"Looter","floor":5,"turns":2},{"damage":35,"enemies":"3 Sentries","floor":6,"turns":11},{"damage":27,"enemies":"Gremlin Nob","floor":8,"turns":4},{"damage":1,"enemies":"Exordium Wildlife","floor":12,"turns":2},{"damage":22,"enemies":"The Guardian","floor":16,"turns":14},{"damage":8,"enemies":"Shell Parasite","floor":18,"turns":6},{"damage":16,"enemies":"2 Thieves","floor":19,"turns":3},{"damage":6,"enemies":"Centurion and Healer","floor":21,"turns":7},{"damage":14,"enemies":"Snake Plant","floor":24,"turns":4},{"damage":0,"enemies":"Cultist and Chosen","floor":27,"turns":4},{"damage":10,"enemies":"Book of Stabbing","floor":29,"turns":5},{"damage":3,"enemies":"3 Cultists","floor":31,"turns":5},{"damage":77,"enemies":"Automaton","floor":33,"turns":8}],"seed_played":"3722844923888002889","potions_obtained":[{"floor":1,"key":"Regen Potion"},{"floor":5,"key":"SkillPotion"},{"floor":12,"key":"Block Potion"},{"floor":19,"key":"SpeedPotion"},{"floor":21,"key":"AttackPotion"},{"floor":31,"key":"Block Potion"}],"is_trial":false,"path_per_floor":["M","?","M","M","M","E","R","E","T","R","$","M","R","?","R","B",null,"M","M","$","M","?","R","M","R","T","M","T","E","R","M","R","B"],"character_chosen":"DEFECT","items_purchased":["Runic Capacitor","War Paint"],"campfire_rested":5,"item_purchase_floors":[11,20],"current_hp_per_floor":[73,73,65,73,65,30,52,25,25,47,47,46,68,68,68,46,75,67,51,51,45,45,67,53,53,53,53,53,43,43,40,62,0],"gold":186,"neow_bonus":"ONE_RANDOM_RARE_CARD","is_prod":false,"is_daily":false,"chose_seed":false,"campfire_upgraded":3,"win_rate":0,"timestamp":1541177888,"path_taken":["M","?","M","M","M","E","R","E","T","R","$","M","R","?","R","BOSS","M","M","$","?","?","R","M","R","T","M","?","E","R","M","R","BOSS"],"build_version":"2018-11-01v2","purchased_purges":0,"victory":false,"max_hp_per_floor":[75,75,75,75,75,75,75,75,75,75,75,75,75,75,75,75,75,75,75,75,75,75,75,75,75,75,75,75,75,75,75,75,75],"card_choices":[{"not_picked":["Loop","Consume"],"picked":"Go for the Eyes","floor":1},{"not_picked":["Coolheaded","Conserve Battery"],"picked":"Sunder","floor":3},{"not_picked":["Conserve Battery","Gash"],"picked":"Auto Shields","floor":4},{"not_picked":["Self Repair","Stack"],"picked":"Leap","floor":5},{"not_picked":["Double Energy","Streamline"],"picked":"Rip and Tear","floor":6},{"not_picked":["Turbo","Blizzard"],"picked":"Compile Driver","floor":8},{"not_picked":["Aggregate","All For One"],"picked":"Cold Snap","floor":12},{"not_picked":["Biased Cognition","Thunder Strike"],"picked":"Electrodynamics","floor":16},{"not_picked":["Darkness","Skim"],"picked":"Defragment","floor":17},{"not_picked":["White Noise","Skim"],"picked":"Reboot","floor":17},{"not_picked":["Darkness","Gash+1"],"picked":"Sweeping Beam","floor":18},{"not_picked":["Storm","Beam Cell"],"picked":"Cold Snap","floor":19},{"not_picked":["Streamline","Genetic Algorithm","Compile Driver"],"picked":"SKIP","floor":21},{"not_picked":["Beam Cell","Aggregate","Leap"],"picked":"SKIP","floor":24},{"not_picked":["Go for the Eyes+1","Double Energy"],"picked":"Streamline+1","floor":27},{"not_picked":["Heatsinks","Ball Lightning"],"picked":"Thunder Strike","floor":29},{"not_picked":["Redo","Turbo","Go for the Eyes"],"picked":"SKIP","floor":31}],"player_experience":508600,"relics_obtained":[{"floor":6,"key":"Mummified Hand"},{"floor":8,"key":"Orichalcum"},{"floor":9,"key":"Ancient Tea Set"},{"floor":28,"key":"Centennial Puzzle"},{"floor":29,"key":"Boot"}],"event_choices":[{"damage_healed":0,"gold_gain":0,"player_choice":"Leave","damage_taken":0,"max_hp_gain":0,"max_hp_loss":0,"event_name":"The Cleric","floor":2,"gold_loss":0},{"damage_healed":0,"gold_gain":0,"player_choice":"0 cards matched","damage_taken":0,"max_hp_gain":0,"max_hp_loss":0,"event_name":"Match and Keep!","floor":14,"gold_loss":0,"cards_obtained":[]},{"damage_healed":0,"gold_gain":0,"player_choice":"Simplicity","damage_taken":0,"max_hp_gain":0,"max_hp_loss":0,"event_name":"Back to Basics","floor":22,"gold_loss":0,"cards_upgraded":["Strike_B","Strike_B","Strike_B","Strike_B","Defend_B","Defend_B","Defend_B"]}],"is_beta":true,"boss_relics":[{"not_picked":["Coffee Dripper","Eternal Feather"],"picked":"Orrery"}],"items_purged_floors":[],"is_endless":false,"potions_floor_spawned":[1,5,12,19,21,31],"killed_by":"Automaton","ascension_level":4}