{"gold_per_floor":[113,125,136,136,149,149,160,180,231,231,250,278,243,223,223,296,346,357,407,407,417,430,430,43,43,43,17,17,29,29],"floor_reached":30,"playtime":866,"items_purged":["Strike_B+1"],"score":441,"play_id":"21fc854d-4bb6-4fad-8a5f-59667c2f669d","local_time":"20181222215136","is_ascension_mode":true,"campfire_choices":[{"floor":6,"key":"REST"},{"floor":10,"key":"REST"},{"floor":15,"key":"REST"},{"floor":23,"key":"REST"}],"neow_cost":"NONE","seed_source_timestamp":238838486837118,"circlet_count":0,"master_deck":["AscendersBane","Strike_B+1","Strike_B+1","Defend_B+1","Defend_B+1","Defend_B+1","Defend_B+1","Zap+1","Dualcast","Storm","Rebound","Leap","Doom and Gloom","Core Surge","Genetic Algorithm","BootSequence","Chill","Electrodynamics","Storm","Compile Driver","Conserve Battery","Go for the Eyes","Storm","Steam","Conserve Battery"],"relics":["Cracked Core","Omamori","Letter Opener","Tiny House","PrismaticShard","Mummified Hand"],"potions_floor_usage":[16,30],"damage_taken":[{"damage":7,"enemies":"Jaw Worm","floor":1,"turns":3},{"damage":1,"enemies":"Cultist","floor":2,"turns":3},{"damage":0,"enemies":"Small Slimes","floor":3,"turns":2},{"damage":23,"enemies":"Exordium Thugs","floor":5,"turns":5},{"damage":2,"enemies":"Exordium Wildlife","floor":7,"turns":3},{"damage":6,"enemies":"Looter","floor":8,"turns":3},{"damage":11,"enemies":"Lots of Slimes","floor":11,"turns":3},{"damage":43,"enemies":"Lagavulin","floor":12,"turns":6},{"damage":38,"enemies":"The Guardian","floor":16,"turns":10},{"damage":17,"enemies":"2 Thieves","floor":18,"turns":4},{"damage":19,"enemies":"Shell Parasite","floor":21,"turns":6},{"damage":10,"enemies":"3 Cultists","floor":22,"turns":3},{"damage":22,"enemies":"Snecko","floor":29,"turns":6},{"damage":8,"enemies":"Snake Plant","floor":30,"turns":2}],"seed_played":"7235807690897570556","potions_obtained":[{"floor":1,"key":"LiquidBronze"},{"floor":3,"key":"Ancient Potion"},{"floor":17,"key":"SneckoOil"},{"floor":29,"key":"PowerPotion"}],"is_trial":false,"path_per_floor":["M","M","M","?","M","R","M","M","T","R","M","E","?","?","R","B",null,"M","?","?","M","M","R","$","?","T","$","?","M","M"],"character_chosen":"DEFECT","items_purchased":["Storm","PrismaticShard","Steam","Conserve Battery"],"campfire_rested":4,"item_purchase_floors":[24,24,24,27],"current_hp_per_floor":[57,56,56,56,33,54,52,46,46,67,56,13,30,30,51,13,62,45,45,45,26,16,38,38,38,38,38,27,5,0],"gold":29,"neow_bonus":"UPGRADE_CARD","is_prod":false,"is_daily":false,"chose_seed":false,"campfire_upgraded":0,"win_rate":0,"timestamp":1545533496,"path_taken":["M","M","M","?","M","R","M","?","T","R","M","E","?","?","R","BOSS","M","?","?","M","M","R","$","?","T","?","?","?","?"],"build_version":"2018-12-20","purchased_purges":1,"victory":false,"max_hp_per_floor":[71,71,71,71,71,71,71,71,71,71,71,71,71,71,71,71,76,76,76,76,76,76,76,76,76,76,76,76,76,76],"card_choices":[{"not_picked":["Turbo","Recycle"],"picked":"Storm","floor":1},{"not_picked":["Beam Cell","Double Energy"],"picked":"Rebound","floor":2},{"not_picked":["Rebound","Barrage"],"picked":"Leap","floor":3},{"not_picked":["White Noise","FTL"],"picked":"Doom and Gloom","floor":5},{"not_picked":["Aggregate","Go for the Eyes"],"picked":"Core Surge","floor":7},{"not_picked":["Conserve Battery","Streamline"],"picked":"Genetic Algorithm","floor":8},{"not_picked":["Compile Driver","Gash"],"picked":"BootSequence","floor":11},{"not_picked":["Turbo","BootSequence"],"picked":"Chill","floor":12},{"not_picked":["Core Surge","All For One"],"picked":"Electrodynamics","floor":16},{"not_picked":["Steam","Coolheaded"],"picked":"Storm","floor":17},{"not_picked":["Aggregate","Undo"],"picked":"Compile Driver","floor":18},{"not_picked":["Compile Driver","Gash"],"picked":"Conserve Battery","floor":21},{"not_picked":["Aggregate","Compile Driver"],"picked":"Go for the Eyes","floor":22},{"not_picked":["Blade Dance","Perfected Strike","Havoc+1"],"picked":"SKIP","floor":29}],"player_experience":1939337,"relics_obtained":[{"floor":9,"key":"Omamori"},{"floor":12,"key":"Letter Opener"},{"floor":26,"key":"Mummified Hand"}],"event_choices":[{"cards_removed":["Strike_B"],"damage_healed":0,"gold_gain":0,"player_choice":"Offered Basic","damage_taken":0,"max_hp_gain":0,"max_hp_loss":0,"event_name":"Bonfire Elementals","floor":4,"gold_loss":0},{"damage_healed":17,"gold_gain":0,"player_choice":"Healed","damage_taken":0,"max_hp_gain":0,"max_hp_loss":0,"event_name":"The Cleric","floor":13,"gold_loss":35},{"damage_healed":0,"gold_gain":0,"player_choice":"Bought 1 Potion","damage_taken":0,"max_hp_gain":0,"max_hp_loss":0,"event_name":"The Woman in Blue","floor":14,"gold_loss":0},{"damage_healed":0,"gold_gain":50,"player_choice":"Stole From Cult","damage_taken":0,"max_hp_gain":0,"max_hp_loss":0,"event_name":"Nest","floor":19,"gold_loss":0},{"damage_healed":0,"gold_gain":0,"player_choice":"Simplicity","damage_taken":0,"max_hp_gain":0,"max_hp_loss":0,"event_name":"Back to Basics","floor":20,"gold_loss":0,"cards_upgraded":["Strike_B","Strike_B","Defend_B","Defend_B","Defend_B","Defend_B"]},{"damage_healed":0,"gold_gain":0,"player_choice":"Ignored","damage_taken":0,"max_hp_gain":0,"max_hp_loss":0,"event_name":"Cursed Tome","floor":25,"gold_loss":0},{"damage_healed":0,"gold_gain":0,"player_choice":"Damaged","damage_taken":11,"max_hp_gain":0,"max_hp_loss":0,"event_name":"Wheel of Change","floor":28,"gold_loss":0}],"is_beta":false,"boss_relics":[{"not_picked":["Busted Crown","Nuclear Battery"],"picked":"Tiny House"}],"items_purged_floors":[24],"is_endless":false,"potions_floor_spawned":[1,3,11,29],"killed_by":"Snake Plant","ascension_level":18}