{"gold_per_floor":[109,109,128,19,35,35,66,66,66,85,104,104,24,51,51,146,196,213,213,194,245,27,27,47,47,98,23,23,37,37],"floor_reached":30,"playtime":1416,"items_purged":["Strike_G","Shame","Shame"],"score":381,"play_id":"dab1ace2-cbb7-4bd5-86dd-66220548674d","local_time":"20180924210234","is_ascension_mode":true,"campfire_choices":[{"data":"Neutralize","floor":6,"key":"SMITH"},{"floor":8,"key":"REST"},{"floor":15,"key":"REST"},{"data":"Infinite Blades","floor":23,"key":"SMITH"},{"floor":25,"key":"REST"}],"neow_cost":"NONE","seed_source_timestamp":93648160901097,"circlet_count":0,"master_deck":["Defend_G+1","Defend_G+1","Defend_G+1","Defend_G","Defend_G","Strike_G","Strike_G","Strike_G","Strike_G","Survivor","Neutralize+1","AscendersBane","Caltrops","Terror","Footwork","Predator","Dash","Acrobatics","Dodge and Roll","Malaise","Blade Dance","Accuracy","Footwork","Decay","Infinite Blades","Infinite Blades+1","Infinite Blades","Doubt","Impatience","Caltrops"],"relics":["Cursed Key","The Courier","Meat on the Bone","Question Card","Happy Flower","Tiny House","Snake Skull","War Paint"],"potions_floor_usage":[7,18,19,24,30],"damage_taken":[{"damage":4,"enemies":"Small Slimes","floor":1,"turns":5},{"damage":4,"enemies":"Cultist","floor":3,"turns":4},{"damage":0,"enemies":"Jaw Worm","floor":5,"turns":4},{"damage":37,"enemies":"Gremlin Nob","floor":7,"turns":5},{"damage":18,"enemies":"Exordium Wildlife","floor":10,"turns":4},{"damage":0,"enemies":"2 Fungi Beasts","floor":11,"turns":4},{"damage":28,"enemies":"3 Sentries","floor":14,"turns":8},{"damage":13,"enemies":"The Guardian","floor":16,"turns":12},{"damage":2,"enemies":"Chosen","floor":18,"turns":7},{"damage":34,"enemies":"Colosseum Slavers","floor":19,"turns":6},{"damage":23,"enemies":"2 Thieves","floor":20,"turns":4},{"damage":15,"enemies":"Snecko","floor":24,"turns":5},{"damage":32,"enemies":"Cultist and Chosen","floor":29,"turns":8},{"damage":35,"enemies":"Centurion and Healer","floor":30,"turns":2}],"seed_played":"6389185578354585411","potions_obtained":[{"floor":1,"key":"PowerPotion"},{"floor":2,"key":"Ancient Potion"},{"floor":7,"key":"Ancient Potion"},{"floor":18,"key":"Poison Potion"},{"floor":29,"key":"Energy Potion"}],"is_trial":false,"path_per_floor":["M","?","M","$","M","R","E","R","T","M","M","T","$","E","R","B",null,"M","?","M","T","$","R","M","R","T","$","?","M"],"character_chosen":"THE_SILENT","items_purchased":["Footwork","Infinite Blades","Infinite Blades","Impatience"],"campfire_rested":3,"item_purchase_floors":[4,22,22,27],"current_hp_per_floor":[59,59,55,55,55,55,18,39,39,33,45,45,45,29,50,37,67,65,43,32,32,32,32,29,51,51,51,51,31,0],"gold":37,"neow_bonus":"BOSS_RELIC","is_prod":false,"is_daily":false,"chose_seed":false,"campfire_upgraded":2,"win_rate":0,"timestamp":1537837354,"path_taken":["M","?","M","$","?","R","E","R","T","?","M","?","$","E","R","BOSS","M","?","?","?","?","R","M","R","T","$","?","M","M"],"build_version":"2018-09-20","purchased_purges":3,"victory":false,"max_hp_per_floor":[70,70,70,70,70,70,70,70,70,70,70,70,70,70,70,70,75,75,75,75,75,75,75,75,75,75,75,75,75,75],"card_choices":[{"not_picked":["Endless Agony","PiercingWail"],"picked":"Caltrops","floor":1},{"not_picked":["Acrobatics","Underhanded Strike"],"picked":"Terror","floor":3},{"not_picked":["Prepared","Deflect","Slice"],"picked":"SKIP","floor":5},{"not_picked":["Concentrate","Reflex"],"picked":"Predator","floor":7},{"not_picked":["Bane","Underhanded Strike"],"picked":"Dash","floor":10},{"not_picked":["Phantasmal Killer","Prepared"],"picked":"Acrobatics","floor":11},{"not_picked":["Outmaneuver","Slice","Flying Knee"],"picked":"Dodge and Roll","floor":14},{"not_picked":["Doppelganger","Glass Knife","Wraith Form v2"],"picked":"Malaise","floor":16},{"not_picked":["Sucker Punch","Outmaneuver","Deadly Poison"],"picked":"Blade Dance","floor":17},{"not_picked":["Flying Knee","Dagger Spray","Deadly Poison+1"],"picked":"Accuracy","floor":18},{"not_picked":["Masterful Stab","Outmaneuver","Sucker Punch+1"],"picked":"Footwork","floor":20},{"not_picked":["Sucker Punch","Bullet Time","Quick Slash"],"picked":"Infinite Blades","floor":24},{"not_picked":["Outmaneuver","Dagger Spray","Heel Hook"],"picked":"Caltrops","floor":29}],"player_experience":1543854,"relics_obtained":[{"floor":7,"key":"The Courier"},{"floor":9,"key":"Meat on the Bone"},{"floor":12,"key":"Question Card"},{"floor":14,"key":"Happy Flower"},{"floor":21,"key":"Snake Skull"},{"floor":26,"key":"War Paint"}],"event_choices":[{"event_name":"The Lab","player_choice":"Got Potions","floor":2,"damage_taken":0},{"event_name":"Colosseum","player_choice":"Fight","floor":19,"damage_taken":0},{"event_name":"Colosseum","player_choice":"Fled From Nobs","floor":19,"damage_taken":0},{"event_name":"Ghosts","player_choice":"Ignored","floor":28,"damage_taken":0}],"is_beta":false,"boss_relics":[{"not_picked":["Runic Pyramid","Philosopher\u0027s Stone"],"picked":"Tiny House"}],"items_purged_floors":[4,13,22],"is_endless":false,"potions_floor_spawned":[1,3,7,18,29],"killed_by":"Centurion and Healer","ascension_level":12}