{"gold_per_floor":[117,117,117,134,84,113,113,127,127,127,161,173,173,184,184,279,279,295,279,279,291,1,1,13,13,13,13,23,34,47,61,61,165,165,184,197,113,113,123,123,123,73,73,93,93],"floor_reached":45,"playtime":2885,"items_purged":["Doubt","Combust"],"score":454,"play_id":"b72a47d2-3f78-4f63-b833-07e0e33518be","local_time":"20190112091426","is_ascension_mode":false,"campfire_choices":[{"data":"True Grit","floor":7.0,"key":"SMITH"},{"floor":10.0,"key":"REST"},{"floor":15,"key":"REST"},{"data":"Juggernaut","floor":23,"key":"SMITH"},{"data":"Pommel Strike","floor":25,"key":"SMITH"},{"data":"Body Slam","floor":27,"key":"SMITH"},{"floor":32,"key":"REST"},{"floor":40,"key":"RECALL"}],"neow_cost":"NONE","seed_source_timestamp":0,"circlet_count":0,"master_deck":["Strike_R","Strike_R","Strike_R","Defend_R","Defend_R","Defend_R","Bash+1","Battle Trance","True Grit+1","Juggernaut+1","Pommel Strike+1","Sentinel","Inflame","Reaper","Body Slam+1","Disarm","Feel No Pain","Ghostly Armor+1","Sword Boomerang+1","Headbutt","Exhume","Whirlwind+1","Metallicize+1","Feel No Pain","Clash","Normality"],"special_seed":0,"relics":["Burning Blood","Smiling Mask","Singing Bowl","Pear","Shuriken","Cursed Key","Ancient Tea Set","Kunai","Ornamental Fan","Sozu"],"potions_floor_usage":[16,19,33,33,33],"damage_taken":[{"damage":7.0,"enemies":"Small Slimes","floor":1.0,"turns":4.0},{"damage":5.0,"enemies":"2 Louse","floor":4.0,"turns":3.0},{"damage":40.0,"enemies":"3 Sentries","floor":6.0,"turns":6.0},{"damage":15.0,"enemies":"Cultist","floor":8.0,"turns":4.0},{"damage":23.0,"enemies":"Lagavulin","floor":11.0,"turns":7.0},{"damage":20.0,"enemies":"2 Fungi Beasts","floor":12.0,"turns":4.0},{"damage":7.0,"enemies":"3 Louse","floor":14.0,"turns":3.0},{"damage":46,"enemies":"Hexaghost","floor":16,"turns":10},{"damage":20,"enemies":"Shell Parasite","floor":18,"turns":6},{"damage":25,"enemies":"2 Thieves","floor":19,"turns":4},{"damage":25,"enemies":"Cultist and Chosen","floor":21,"turns":7},{"damage":16,"enemies":"Snecko","floor":24,"turns":5},{"damage":37,"enemies":"Sentry and Sphere","floor":28,"turns":6},{"damage":24,"enemies":"Centurion and Healer","floor":29,"turns":8},{"damage":12,"enemies":"Cultist and Chosen","floor":30,"turns":6},{"damage":22,"enemies":"Snecko","floor":31,"turns":6},{"damage":47,"enemies":"Automaton","floor":33,"turns":9},{"damage":51,"enemies":"3 Darklings","floor":35,"turns":7},{"damage":23,"enemies":"Orb Walker","floor":36,"turns":5},{"damage":0,"enemies":"3 Darklings","floor":39,"turns":2},{"damage":0,"enemies":"Jaw Worm Horde","floor":44,"turns":1},{"damage":111,"enemies":"Nemesis","floor":45,"turns":10}],"seed_played":"-5698550788671831517","potions_obtained":[{"floor":1.0,"key":"Explosive Potion"},{"floor":12.0,"key":"Fire Potion"},{"floor":14.0,"key":"LiquidBronze"},{"floor":18,"key":"Regen Potion"},{"floor":24,"key":"Dexterity Potion"},{"floor":28,"key":"SteroidPotion"},{"floor":30,"key":"SteroidPotion"}],"is_trial":false,"path_per_floor":["M","?","?","M","?","E","R","M","T","R","E","M","?","M","R","B",null,"M","M","?","M","$","R","M","R","T","R","M","M","M","M","R","B",null,"M","M","$","?","M","R","?","$","T","M","E"],"character_chosen":"IRONCLAD","items_purchased":["Kunai","Disarm","Feel No Pain"],"campfire_rested":3,"item_purchase_floors":[22,22,37],"current_hp_per_floor":[79,79,79,80,80,46,46,37,47,74,57,43,36,35,62,22,90,87,76,76,65,65,65,59,59,59,59,28,20,23,13,41,51,96,80,67,67,67,73,73,73,73,73,81,0],"gold":93,"neow_bonus":"RANDOM_COMMON_RELIC","is_prod":false,"is_daily":false,"chose_seed":false,"campfire_upgraded":4,"win_rate":0,"timestamp":1547302466,"path_taken":["M","?","?","?","?","E","R","M","T","R","E","M","?","M","R","BOSS","M","M","?","M","$","R","M","R","T","R","M","M","M","M","R","BOSS","M","M","$","?","M","R","?","$","T","M","E"],"build_version":"2019-01-10","purchased_purges":2,"victory":false,"max_hp_per_floor":[80,80,80,80,80,80,80,80,90,90,90,90,90,90,90,90,90,92,94,94,94,94,94,94,94,94,94,94,96,96,96,96,96,96,96,96,96,96,96,96,96,96,96,98,98],"card_choices":[{"not_picked":["Wild Strike","Heavy Blade"],"picked":"Battle Trance","floor":1.0},{"not_picked":["Body Slam","Havoc"],"picked":"Combust","floor":4.0},{"not_picked":["Body Slam","Wild Strike"],"picked":"True Grit","floor":6.0},{"not_picked":["True Grit","Inflame"],"picked":"Juggernaut","floor":8.0},{"not_picked":["Burning Pact","Blood for Blood"],"picked":"Pommel Strike","floor":11.0},{"not_picked":["Bloodletting","Twin Strike"],"picked":"Sentinel","floor":12.0},{"not_picked":["Heavy Blade","Perfected Strike"],"picked":"Inflame","floor":14.0},{"not_picked":["Dark Embrace","Exhume"],"picked":"Reaper","floor":16},{"not_picked":["Searing Blow","Perfected Strike","Warcry"],"picked":"Singing Bowl","floor":18},{"not_picked":["Perfected Strike","Wild Strike","Heavy Blade"],"picked":"Singing Bowl","floor":19},{"not_picked":["Anger","Dropkick"],"picked":"Body Slam","floor":21},{"not_picked":["Second Wind","Inflame"],"picked":"Feel No Pain","floor":24},{"not_picked":["Cleave","Dark Embrace"],"picked":"Ghostly Armor+1","floor":28},{"not_picked":["Perfected Strike","Blood for Blood","Shrug It Off"],"picked":"Singing Bowl","floor":29},{"not_picked":["Armaments","Hemokinesis"],"picked":"Sword Boomerang+1","floor":30},{"not_picked":["Wild Strike","Clash"],"picked":"Headbutt","floor":31},{"not_picked":["Brutality","Feed"],"picked":"Exhume","floor":33},{"not_picked":["Warcry+1","Armaments+1"],"picked":"Whirlwind+1","floor":35},{"not_picked":["Iron Wave+1","Immolate"],"picked":"Metallicize+1","floor":36},{"not_picked":["Battle Trance+1","Hemokinesis"],"picked":"Clash","floor":39},{"not_picked":["Shockwave+1","Sword Boomerang+1","Headbutt"],"picked":"Singing Bowl","floor":44}],"player_experience":2090878,"relics_obtained":[{"floor":6.0,"key":"Singing Bowl"},{"floor":9.0,"key":"Pear"},{"floor":11.0,"key":"Shuriken"},{"floor":26,"key":"Ornamental Fan"}],"event_choices":[{"damage_healed":0.0,"max_hp_gain":0.0,"max_hp_loss":0.0,"gold_gain":0.0,"event_name":"Liars Game","player_choice":"Ignored","floor":2.0,"gold_loss":0.0,"damage_taken":0.0},{"damage_healed":0.0,"max_hp_gain":0.0,"max_hp_loss":0.0,"gold_gain":0.0,"event_name":"Upgrade Shrine","player_choice":"Upgraded","floor":3.0,"gold_loss":0.0,"damage_taken":0.0,"cards_upgraded":["Bash"]},{"cards_removed":["Strike_R"],"damage_healed":0.0,"max_hp_gain":0.0,"max_hp_loss":0.0,"gold_gain":0.0,"event_name":"The Cleric","player_choice":"Card Removal","floor":5.0,"gold_loss":50.0,"damage_taken":0.0},{"cards_removed":["Strike_R"],"damage_healed":0.0,"max_hp_gain":0.0,"max_hp_loss":0.0,"gold_gain":0.0,"event_name":"Golden Wing","player_choice":"Card Removal","floor":13.0,"gold_loss":0.0,"damage_taken":7.0},{"damage_healed":0,"gold_gain":0,"player_choice":"Gave Potion","damage_taken":0,"relics_obtained":["Ancient Tea Set"],"max_hp_gain":0,"max_hp_loss":0,"event_name":"WeMeetAgain","floor":20,"gold_loss":0},{"damage_healed":0,"gold_gain":0,"player_choice":"Ignored","damage_taken":0,"max_hp_gain":0,"max_hp_loss":0,"event_name":"Mysterious Sphere","floor":38,"gold_loss":0},{"cards_removed":["Defend_R"],"damage_healed":0,"gold_gain":0,"player_choice":"Removed Skill","damage_taken":0,"max_hp_gain":0,"max_hp_loss":0,"event_name":"Falling","floor":41,"gold_loss":0}],"is_beta":false,"boss_relics":[{"not_picked":["Coffee Dripper","Calling Bell"],"picked":"Cursed Key"},{"not_picked":["White Beast Statue","Pandora\u0027s Box"],"picked":"Sozu"}],"items_purged_floors":[37,42],"is_endless":false,"potions_floor_spawned":[1,12,14,18,24,28,30,36,44],"killed_by":"Nemesis","ascension_level":0}