{"gold_per_floor":[109,124,124,124,136,163,4,19,19,48,61,72,22,22,22,22],"floor_reached":16,"playtime":782,"items_purged":["Defend_R"],"score":134,"play_id":"75c8d2b9-bcf3-4406-941e-8144e8d602b1","local_time":"20190213081907","is_ascension_mode":true,"campfire_choices":[{"data":"Shockwave","floor":15,"key":"SMITH"}],"neow_cost":"NONE","seed_source_timestamp":52595626557978,"circlet_count":0,"master_deck":["Strike_R","Strike_R","Strike_R","Strike_R","Defend_R","Defend_R","Defend_R","Bash+1","Cleave+1","Inflame","True Grit","Shockwave+1","Swift Strike","Disarm"],"relics":["Burning Blood","Kunai","Happy Flower","Boot","Darkstone Periapt"],"potions_floor_usage":[6,16,16,16],"damage_taken":[{"damage":6,"enemies":"Cultist","floor":1,"turns":4},{"damage":0,"enemies":"Small Slimes","floor":2,"turns":3},{"damage":0,"enemies":"2 Louse","floor":5,"turns":3},{"damage":12,"enemies":"3 Sentries","floor":6,"turns":6},{"damage":13,"enemies":"Exordium Thugs","floor":8,"turns":4},{"damage":25,"enemies":"Lagavulin","floor":10,"turns":5},{"damage":5,"enemies":"Large Slime","floor":11,"turns":4},{"damage":12,"enemies":"Red Slaver","floor":12,"turns":4},{"damage":54,"enemies":"Slime Boss","floor":16,"turns":10}],"seed_played":"-2628901196273361044","potions_obtained":[{"floor":1,"key":"PowerPotion"},{"floor":6,"key":"Dexterity Potion"},{"floor":11,"key":"BloodPotion"},{"floor":12,"key":"EssenceOfSteel"}],"is_trial":false,"path_per_floor":["M","M","T","?","M","E","$","M","T","E","M","M","?","T","R","B"],"character_chosen":"IRONCLAD","items_purchased":["Swift Strike"],"campfire_rested":0,"item_purchase_floors":[7],"current_hp_per_floor":[80,80,80,80,80,74,74,67,67,48,49,43,43,43,43,0],"gold":22,"neow_bonus":"UPGRADE_CARD","is_prod":false,"is_daily":false,"chose_seed":false,"campfire_upgraded":1,"win_rate":0,"timestamp":1550067547,"path_taken":["M","?","?","?","M","E","$","M","T","E","M","M","?","?","R","BOSS"],"build_version":"2019-02-06","purchased_purges":1,"victory":false,"max_hp_per_floor":[80,80,80,80,80,80,80,80,80,80,80,80,80,80,80,80],"card_choices":[{"not_picked":["Sever Soul","Shrug It Off"],"picked":"Cleave","floor":1},{"not_picked":["Cleave","Thunderclap"],"picked":"Inflame","floor":2},{"not_picked":["Corruption","Bloodletting"],"picked":"True Grit","floor":5},{"not_picked":["Uppercut","Immolate"],"picked":"Shockwave","floor":6},{"not_picked":["Pommel Strike","Carnage","Shockwave"],"picked":"SKIP","floor":8},{"not_picked":["Second Wind","Infernal Blade","Heavy Blade"],"picked":"SKIP","floor":10},{"not_picked":["Wild Strike","Evolve","Flex"],"picked":"SKIP","floor":11},{"not_picked":["Shrug It Off","Warcry"],"picked":"Disarm","floor":12}],"player_experience":130429,"relics_obtained":[{"floor":3,"key":"Kunai"},{"floor":6,"key":"Happy Flower"},{"floor":10,"key":"Boot"},{"floor":14,"key":"Darkstone Periapt"}],"event_choices":[{"damage_healed":0,"gold_gain":0,"player_choice":"Grow","damage_taken":0,"max_hp_gain":0,"max_hp_loss":0,"event_name":"Living Wall","floor":4,"gold_loss":0,"cards_upgraded":["Cleave"]},{"cards_removed":["Strike_R"],"damage_healed":0,"gold_gain":0,"player_choice":"Card Removal","damage_taken":0,"max_hp_gain":0,"max_hp_loss":0,"event_name":"The Cleric","floor":13,"gold_loss":50}],"is_beta":true,"boss_relics":[],"items_purged_floors":[7],"is_endless":false,"potions_floor_spawned":[1,6,11,12],"killed_by":"Slime Boss","ascension_level":4}