{"gold_per_floor":[111,131,147,167,180,180,212,212,212,222,222,222,247,260,260,359,359,378,378,388,161,173,173,38,48,48,80,92,104,134,146,158,270,282,304,316,343,103,103,103,119,129,155,0,14,14,14,26,26,26],"floor_reached":50,"playtime":2522,"items_purged":["Darkness","Zap"],"score":607,"play_id":"a27c307d-8bf5-4963-91b1-003a8d2dc659","local_time":"20181204231023","is_ascension_mode":true,"campfire_choices":[{"data":"Echo Form","floor":6.0,"key":"SMITH"},{"floor":11.0,"key":"REST"},{"data":"Go for the Eyes","floor":15.0,"key":"SMITH"},{"floor":23.0,"key":"REST"},{"floor":28,"key":"REST"},{"data":"Chaos","floor":32,"key":"SMITH"},{"data":"Fission","floor":40,"key":"SMITH"},{"floor":47,"key":"REST"},{"floor":49,"key":"REST"}],"neow_cost":"NONE","seed_source_timestamp":0,"circlet_count":0,"master_deck":["Dualcast","Streamline","Conserve Battery","Echo Form+1","Leap","Cold Snap","Beam Cell","Melter","Steam Power+1","Ball Lightning","Go for the Eyes+1","Rainbow+1","Steam","Streamline","Beam Cell","Leap","Capacitor","Ball Lightning","Reinforced Body","Chill","Fusion+1","Chill","Fission+1","Glacier","Chaos+1","Chill","Capacitor","Seek","Electrodynamics","FTL+1","Defragment+1","BootSequence","Loop","Ball Lightning+1","Defragment","Glacier+1"],"special_seed":0,"relics":["Cracked Core","Happy Flower","Prayer Wheel","Nunchaku","Odd Mushroom","Pandora\u0027s Box","Oddly Smooth Stone","MawBank","Nuclear Battery","War Paint","Red Mask"],"potions_floor_usage":[27,30,33,33,42,42,42,45],"damage_taken":[{"damage":0.0,"enemies":"Small Slimes","floor":1.0,"turns":2.0},{"damage":0.0,"enemies":"2 Louse","floor":2.0,"turns":2.0},{"damage":0.0,"enemies":"Cultist","floor":3.0,"turns":2.0},{"damage":8.0,"enemies":"Exordium Thugs","floor":4.0,"turns":4.0},{"damage":9.0,"enemies":"3 Louse","floor":5.0,"turns":4.0},{"damage":28.0,"enemies":"Gremlin Nob","floor":7.0,"turns":5.0},{"damage":4.0,"enemies":"Looter","floor":10.0,"turns":3.0},{"damage":4.0,"enemies":"The Mushroom Lair","floor":13.0,"turns":3.0},{"damage":0.0,"enemies":"2 Fungi Beasts","floor":14.0,"turns":3.0},{"damage":13.0,"enemies":"Slime Boss","floor":16.0,"turns":10.0},{"damage":0.0,"enemies":"Spheric Guardian","floor":18.0,"turns":1.0},{"damage":8.0,"enemies":"Chosen","floor":20.0,"turns":3.0},{"damage":18.0,"enemies":"Snake Plant","floor":22.0,"turns":6.0},{"damage":23.0,"enemies":"Snecko","floor":25.0,"turns":6.0},{"damage":21,"enemies":"Cultist and Chosen","floor":27,"turns":8},{"damage":10,"enemies":"Centurion and Healer","floor":30,"turns":7},{"damage":7,"enemies":"Automaton","floor":33,"turns":15},{"damage":1,"enemies":"Orb Walker","floor":35,"turns":5},{"damage":3,"enemies":"3 Shapes","floor":37,"turns":6},{"damage":37,"enemies":"Transient","floor":41,"turns":5},{"damage":0,"enemies":"4 Shapes","floor":42,"turns":4},{"damage":9,"enemies":"3 Darklings","floor":45,"turns":7},{"damage":21,"enemies":"Transient","floor":48,"turns":5},{"damage":52,"enemies":"Time Eater","floor":50,"turns":13}],"seed_played":"-7498973355944139379","potions_obtained":[{"floor":1.0,"key":"Regen Potion"},{"floor":10.0,"key":"EntropicBrew"},{"floor":13.0,"key":"AttackPotion"},{"floor":19.0,"key":"Fruit Juice"},{"floor":19.0,"key":"Dexterity Potion"},{"floor":20.0,"key":"GamblersBrew"},{"floor":22.0,"key":"FocusPotion"},{"floor":27,"key":"PowerPotion"},{"floor":30,"key":"LiquidBronze"},{"floor":41,"key":"EntropicBrew"},{"floor":42,"key":"SteroidPotion"}],"is_trial":false,"path_per_floor":["M","M","M","M","M","R","E","?","T","M","R","?","?","M","R","B",null,"M","?","M","$","M","R","$","M","T","M","R","?","M","?","R","B",null,"M","?","M","$","?","R","M","M","T","?","M","?","R","M","R","B"],"character_chosen":"DEFECT","items_purchased":["Oddly Smooth Stone","Fission","BootSequence","Loop"],"campfire_rested":5,"item_purchase_floors":[21,24,38,38],"current_hp_per_floor":[68,68,68,72,63,63,35,35,35,31,53,75,71,71,71,58,71,71,71,68,68,50,74,74,51,51,30,54,80,70,70,70,63,76,75,75,72,72,72,72,35,35,35,35,26,26,48,27,49,0],"gold":26,"neow_bonus":"RANDOM_COMMON_RELIC","is_prod":false,"is_daily":false,"chose_seed":false,"campfire_upgraded":4,"win_rate":0,"timestamp":1543986623,"path_taken":["M","M","M","M","M","R","E","?","T","M","R","?","?","M","R","BOSS","M","?","M","$","M","R","$","M","T","?","R","?","M","?","R","BOSS","M","?","M","$","?","R","M","M","T","?","M","?","R","M","R","BOSS"],"build_version":"2018-12-4","purchased_purges":2,"victory":false,"max_hp_per_floor":[75,75,75,75,75,75,75,75,75,75,75,75,75,75,75,75,75,75,75,80,80,80,80,80,80,80,80,80,80,80,80,80,80,80,80,80,80,80,76,76,76,76,76,76,76,76,76,76,76,76],"card_choices":[{"not_picked":["Steam Power","Gash"],"picked":"Streamline","floor":1.0},{"not_picked":["Leap","White Noise"],"picked":"Conserve Battery","floor":2.0},{"not_picked":["Redo","Stack"],"picked":"Echo Form","floor":3.0},{"not_picked":["Auto Shields","Redo"],"picked":"Leap","floor":4.0},{"not_picked":["Coolheaded","Turbo"],"picked":"Cold Snap","floor":5.0},{"not_picked":["Double Energy","Aggregate"],"picked":"Beam Cell","floor":7.0},{"not_picked":["Go for the Eyes","Thunder Strike"],"picked":"Melter","floor":10.0},{"not_picked":["Gash","Lockon"],"picked":"Steam Power","floor":10.0},{"not_picked":["Stack","Scrape"],"picked":"Ball Lightning","floor":13.0},{"not_picked":["Hologram","Capacitor"],"picked":"Go for the Eyes","floor":14.0},{"not_picked":["Ball Lightning","Fusion","Aggregate"],"picked":"SKIP","floor":14.0},{"not_picked":["Reboot","Meteor Strike"],"picked":"Rainbow","floor":16.0},{"not_picked":["Sweeping Beam","Stack","Streamline"],"picked":"SKIP","floor":18.0},{"not_picked":["Cold Snap","Leap","Beam Cell"],"picked":"SKIP","floor":18.0},{"not_picked":["Heatsinks+1","Compile Driver"],"picked":"Chill","floor":20.0},{"not_picked":["Hologram","Capacitor"],"picked":"Fusion+1","floor":20.0},{"not_picked":["Ball Lightning","Gash"],"picked":"Chill","floor":22.0},{"not_picked":["Capacitor","Force Field","Compile Driver+1"],"picked":"SKIP","floor":22.0},{"not_picked":["Gash","Capacitor"],"picked":"Glacier","floor":25.0},{"not_picked":["Coolheaded","Gash","Sweeping Beam+1"],"picked":"SKIP","floor":25.0},{"not_picked":["Amplify","Recycle"],"picked":"Chaos","floor":27},{"not_picked":["Sweeping Beam+1","Steam","Skim+1"],"picked":"SKIP","floor":27},{"not_picked":["Streamline","Hologram+1"],"picked":"Chill","floor":30},{"not_picked":["Aggregate","Glacier"],"picked":"Capacitor","floor":30},{"not_picked":["Seek","Thunder Strike"],"picked":"Electrodynamics","floor":33},{"not_picked":["Sunder+1","Ball Lightning"],"picked":"FTL+1","floor":35},{"not_picked":["Gash+1","Rebound","Blizzard+1"],"picked":"SKIP","floor":35},{"not_picked":["HandOfGreed","Chrysalis"],"picked":"Mayhem","floor":36},{"not_picked":["Go for the Eyes","Redo+1"],"picked":"Defragment+1","floor":37},{"not_picked":["Storm","Gash","Auto Shields"],"picked":"SKIP","floor":37},{"not_picked":["Compile Driver","Gash+1"],"picked":"Ball Lightning+1","floor":41},{"not_picked":["Conserve Battery+1","Ball Lightning","Scrape+1"],"picked":"SKIP","floor":41},{"not_picked":["Beam Cell","Rebound"],"picked":"Defragment","floor":42},{"not_picked":["Sunder+1","Double Energy+1","Streamline"],"picked":"SKIP","floor":42},{"not_picked":["Echo Form","Go for the Eyes"],"picked":"Glacier+1","floor":45},{"not_picked":["FTL","Leap","Cold Snap+1"],"picked":"SKIP","floor":45},{"not_picked":["Chill+1","Hello World+1","Sweeping Beam"],"picked":"SKIP","floor":48},{"not_picked":["Rip and Tear","Steam","Rebound"],"picked":"SKIP","floor":48}],"player_experience":559864,"relics_obtained":[{"floor":7.0,"key":"Prayer Wheel"},{"floor":9.0,"key":"Nunchaku"},{"floor":13.0,"key":"Odd Mushroom"},{"floor":26.0,"key":"MawBank"},{"floor":43,"key":"War Paint"}],"event_choices":[{"damage_healed":0.0,"max_hp_gain":0.0,"max_hp_loss":0.0,"gold_gain":0.0,"event_name":"Liars Game","player_choice":"Ignored","floor":8.0,"gold_loss":0.0,"damage_taken":0.0},{"damage_healed":25.0,"max_hp_gain":0.0,"max_hp_loss":0.0,"gold_gain":0.0,"event_name":"Big Fish","player_choice":"Banana","floor":12.0,"gold_loss":0.0,"damage_taken":0.0},{"damage_healed":0.0,"max_hp_gain":0.0,"max_hp_loss":0.0,"gold_gain":0.0,"event_name":"Mushrooms","player_choice":"Fought Mushrooms","floor":13.0,"gold_loss":0.0,"damage_taken":0.0},{"damage_healed":0.0,"max_hp_gain":0.0,"max_hp_loss":0.0,"gold_gain":0.0,"event_name":"Lab","player_choice":"Got Potions","floor":19.0,"gold_loss":0.0,"damage_taken":0.0},{"damage_healed":26,"gold_gain":0,"player_choice":"Heal","damage_taken":0,"max_hp_gain":0,"max_hp_loss":0,"event_name":"The Library","floor":29,"gold_loss":0},{"damage_healed":0,"gold_gain":0,"player_choice":"1 cards matched","damage_taken":0,"max_hp_gain":0,"max_hp_loss":0,"event_name":"Match and Keep!","floor":31,"gold_loss":0,"cards_obtained":["Seek"]},{"damage_healed":0,"gold_gain":0,"player_choice":"Memory 1","damage_taken":0,"max_hp_gain":0,"max_hp_loss":0,"event_name":"SensoryStone","floor":36,"gold_loss":0},{"damage_healed":0,"gold_gain":0,"player_choice":"Max HP","damage_taken":0,"max_hp_gain":0,"max_hp_loss":4,"event_name":"Winding Halls","floor":39,"gold_loss":0},{"damage_healed":0,"gold_gain":0,"player_choice":"Paid","damage_taken":0,"relics_obtained":["Red Mask"],"max_hp_gain":0,"max_hp_loss":0,"event_name":"Tomb of Lord Red Mask","floor":44,"gold_loss":155},{"cards_removed":["Mayhem"],"damage_healed":0,"gold_gain":0,"player_choice":"Removed Power","damage_taken":0,"max_hp_gain":0,"max_hp_loss":0,"event_name":"Falling","floor":46,"gold_loss":0}],"is_beta":true,"boss_relics":[{"not_picked":["Lizard Tail","Calling Bell"],"picked":"Pandora\u0027s Box"},{"not_picked":["Black Star","Coffee Dripper"],"picked":"Nuclear Battery"}],"items_purged_floors":[21,38],"is_endless":false,"potions_floor_spawned":[1,10,13,20,22,27,30,41,42],"killed_by":"Time Eater","ascension_level":6}