{"gold_per_floor":[118,130,130,130,143,143,187,187,237,237,276,276,276,299,299,429,429,444,63,76,76,92,92,113,149,149,149,174,174,209,224,224,224],"floor_reached":33,"playtime":2245,"items_purged":["Strike_G"],"score":428,"play_id":"b9d3d30a-599f-4b5f-98fb-83001447099f","local_time":"20180802172912","is_ascension_mode":true,"campfire_choices":[{"data":"Neutralize","floor":6,"key":"SMITH"},{"data":"Dash","floor":8,"key":"SMITH"},{"data":"Caltrops","floor":10,"key":"SMITH"},{"data":"Leg Sweep","floor":15,"key":"SMITH"},{"data":"Night Terror","floor":23,"key":"SMITH"},{"data":"Malaise","floor":27,"key":"SMITH"},{"floor":29,"key":"REST"},{"floor":32,"key":"REST"}],"neow_cost":"NONE","seed_source_timestamp":571718823121483,"circlet_count":0,"master_deck":["Defend_G","Defend_G+1","Defend_G","Defend_G","Defend_G","Strike_G","Strike_G","Strike_G+1","Survivor","Neutralize+1","Quick Slash+1","Flying Knee","Dash+1","Caltrops+1","Leg Sweep+1","Crippling Poison+1","Night Terror+1","Malaise+1","PiercingWail","Backstab","Tools of the Trade+1"],"relics":["Ring of the Snake","Golden Idol","Bronze Scales","Whetstone","Frozen Egg 2","HoveringKite","Orichalcum","Bottled Lightning","War Paint","Bag of Preparation"],"potions_floor_usage":[24,24,25,33],"damage_taken":[{"damage":1,"enemies":"Small Slimes","floor":1,"turns":4},{"damage":0,"enemies":"2 Louse","floor":2,"turns":4},{"damage":0,"enemies":"Jaw Worm","floor":5,"turns":4},{"damage":14,"enemies":"Gremlin Nob","floor":7,"turns":4},{"damage":25,"enemies":"Lagavulin","floor":11,"turns":5},{"damage":1,"enemies":"2 Fungi Beasts","floor":14,"turns":3},{"damage":7,"enemies":"Hexaghost","floor":16,"turns":10},{"damage":0,"enemies":"3 Byrds","floor":18,"turns":2},{"damage":19,"enemies":"Spheric Guardian","floor":20,"turns":4},{"damage":8,"enemies":"Snecko","floor":22,"turns":5},{"damage":17,"enemies":"Centurion and Healer","floor":24,"turns":13},{"damage":5,"enemies":"Gremlin Leader","floor":25,"turns":9},{"damage":0,"enemies":"Snake Plant","floor":28,"turns":5},{"damage":2,"enemies":"Book of Stabbing","floor":30,"turns":5},{"damage":12,"enemies":"Sentry and Sphere","floor":31,"turns":7},{"damage":53,"enemies":"Collector","floor":33,"turns":8}],"seed_played":"6955820131882520920","potions_obtained":[{"floor":1,"key":"GamblersBrew"},{"floor":7,"key":"Regen Potion"},{"floor":11,"key":"Explosive Potion"},{"floor":18,"key":"LiquidBronze"},{"floor":20,"key":"EssenceOfSteel"},{"floor":22,"key":"PowerPotion"},{"floor":31,"key":"Dexterity Potion"}],"is_trial":false,"path_per_floor":["M","M","?","?","M","R","E","R","T","R","E","?","?","M","R","B",null,"M","$","M","?","M","R","M","E","T","R","M","R","E","M","R"],"character_chosen":"THE_SILENT","items_purchased":["Malaise","Orichalcum"],"campfire_rested":2,"item_purchase_floors":[19,19],"current_hp_per_floor":[62,62,62,45,45,45,31,31,31,31,6,6,29,28,28,21,58,58,58,39,39,31,31,14,24,24,24,24,45,43,31,52,0],"gold":224,"neow_bonus":"THREE_CARDS","is_prod":false,"is_daily":false,"chose_seed":false,"campfire_upgraded":6,"win_rate":0,"timestamp":1533248952,"path_taken":["M","M","?","?","M","R","E","R","T","R","E","?","?","M","R","BOSS","M","$","M","?","M","R","M","E","T","R","M","R","E","M","R","BOSS"],"build_version":"2018-08-01","purchased_purges":1,"victory":false,"max_hp_per_floor":[70,70,70,70,70,70,70,70,70,70,70,70,70,70,70,70,70,70,70,70,70,70,70,70,70,70,70,70,70,70,70,70,70],"card_choices":[{"not_picked":["Acrobatics","Setup"],"picked":"Quick Slash","floor":0},{"not_picked":["Outmaneuver","Dodge and Roll"],"picked":"Flying Knee","floor":1},{"not_picked":["Outmaneuver","Bane"],"picked":"Dash","floor":2},{"not_picked":["Well Laid Plans","Slice"],"picked":"Caltrops","floor":5},{"not_picked":["Acrobatics","Bullet Time","Outmaneuver"],"picked":"SKIP","floor":7},{"not_picked":["Deflect","Predator"],"picked":"Leg Sweep","floor":11},{"not_picked":["Heel Hook","Prepared"],"picked":"Crippling Poison","floor":14},{"not_picked":["Unload","Adrenaline"],"picked":"Night Terror","floor":16},{"not_picked":["Dagger Throw","Predator+1","Flying Knee"],"picked":"SKIP","floor":18},{"not_picked":["Flechettes+1","Distraction"],"picked":"PiercingWail","floor":20},{"not_picked":["Flying Knee","Poisoned Stab+1","Sucker Punch+1"],"picked":"SKIP","floor":22},{"not_picked":["Setup","Dagger Throw"],"picked":"Backstab","floor":24},{"not_picked":["Deadly Poison","Bane","Flechettes"],"picked":"SKIP","floor":25},{"not_picked":["Concentrate+1","Deadly Poison","Dagger Spray"],"picked":"SKIP","floor":28},{"not_picked":["Underhanded Strike+1","PiercingWail"],"picked":"Tools of the Trade+1","floor":30},{"not_picked":["Deadly Poison","Bane","Dagger Spray"],"picked":"SKIP","floor":31}],"player_experience":328851,"relics_obtained":[{"floor":7,"key":"Bronze Scales"},{"floor":9,"key":"Whetstone"},{"floor":11,"key":"Frozen Egg 2"},{"floor":25,"key":"Bottled Lightning"},{"floor":26,"key":"War Paint"},{"floor":30,"key":"Bag of Preparation"}],"event_choices":[{"event_name":"Liars Game","player_choice":"disagreed","floor":3,"damage_taken":0},{"event_name":"Golden Idol","player_choice":"Take Damage","floor":4,"damage_taken":0},{"event_name":"Shining Light","player_choice":"Ignored","floor":12,"damage_taken":0},{"event_name":"Big Fish","player_choice":"Banana","floor":13,"damage_taken":0},{"event_name":"Back to Basics","player_choice":"Elegance","floor":21,"damage_taken":0}],"is_beta":true,"boss_relics":[{"not_picked":["Orrery","Calling Bell"],"picked":"HoveringKite"}],"items_purged_floors":[19],"is_endless":false,"potions_floor_spawned":[1,7,11,16,18,20,22,31],"killed_by":"Collector","ascension_level":9}