{"gold_per_floor":[119,119,119,131,151,182,182,147,147,176,77,112,130,150,150,255,255,266,281,281,295,306,306,306],"floor_reached":24,"playtime":1753,"items_purged":["Strike_G"],"score":262,"play_id":"3456d904-92d7-476c-a661-bb8de40e9c41","local_time":"20190211193516","is_ascension_mode":true,"campfire_choices":[{"floor":7,"key":"REST"},{"data":"Footwork","floor":15,"key":"SMITH"},{"data":"Envenom","floor":23,"key":"SMITH"}],"neow_cost":"NONE","seed_source_timestamp":2917772648554004,"circlet_count":0,"master_deck":["Defend_G","Defend_G","Defend_G","Defend_G","Strike_G","Strike_G","Strike_G","Strike_G","Survivor","Neutralize","Footwork+1","Dagger Spray","Cloak And Dagger","Deflect","Skewer","Blur","Backstab","Tools of the Trade","Dodge and Roll","Cloak And Dagger","Backflip","Blade Dance","Dash","Envenom+1"],"relics":["Orrery","Ninja Scroll","Boot","Omamori","Matryoshka","Busted Crown","Nilry\u0027s Codex"],"potions_floor_usage":[10,10,16,21],"damage_taken":[{"damage":0,"enemies":"2 Louse","floor":1,"turns":2},{"damage":10,"enemies":"Small Slimes","floor":4,"turns":4},{"damage":0,"enemies":"Jaw Worm","floor":5,"turns":4},{"damage":54,"enemies":"Gremlin Nob","floor":6,"turns":6},{"damage":10,"enemies":"3 Sentries","floor":10,"turns":3},{"damage":25,"enemies":"Lagavulin","floor":12,"turns":8},{"damage":0,"enemies":"Looter","floor":13,"turns":2},{"damage":0,"enemies":"2 Fungi Beasts","floor":14,"turns":3},{"damage":6,"enemies":"The Guardian","floor":16,"turns":17},{"damage":16,"enemies":"2 Thieves","floor":18,"turns":3},{"damage":0,"enemies":"3 Byrds","floor":19,"turns":3},{"damage":14,"enemies":"Cultist and Chosen","floor":21,"turns":5},{"damage":2,"enemies":"Chosen and Byrds","floor":22,"turns":6},{"damage":37,"enemies":"Gremlin Leader","floor":24,"turns":6}],"seed_played":"3928487135928611529","potions_obtained":[{"floor":4,"key":"SteroidPotion"},{"floor":5,"key":"Explosive Potion"},{"floor":12,"key":"Fire Potion"},{"floor":18,"key":"FearPotion"},{"floor":19,"key":"Explosive Potion"},{"floor":22,"key":"SteroidPotion"}],"is_trial":false,"path_per_floor":["M","?","?","M","M","E","R","?","T","E","$","E","M","M","R","B",null,"M","M","?","M","M","R","E"],"character_chosen":"THE_SILENT","items_purchased":["Backflip"],"campfire_rested":1,"item_purchase_floors":[11],"current_hp_per_floor":[70,75,68,58,58,4,26,44,44,34,34,9,9,9,9,3,75,59,59,43,29,27,27,0],"gold":306,"neow_bonus":"BOSS_RELIC","is_prod":false,"is_daily":false,"chose_seed":false,"campfire_upgraded":2,"win_rate":0,"timestamp":1549935316,"path_taken":["M","?","?","M","M","E","R","?","T","E","$","E","?","M","R","BOSS","M","M","?","M","M","R","E"],"build_version":"2019-02-06","purchased_purges":1,"victory":false,"max_hp_per_floor":[70,75,75,75,75,75,75,75,75,75,75,75,75,75,75,75,75,75,75,75,75,75,75,75],"card_choices":[{"not_picked":["Predator","Choke"],"picked":"Footwork","floor":0},{"not_picked":["Concentrate","Dodge and Roll"],"picked":"Dagger Spray","floor":0},{"not_picked":["Deadly Poison","PiercingWail"],"picked":"Cloak And Dagger","floor":0},{"not_picked":["Bane","Underhanded Strike"],"picked":"Deflect","floor":0},{"not_picked":["Outmaneuver","Acrobatics"],"picked":"Skewer","floor":0},{"not_picked":["Deadly Poison","Eviscerate"],"picked":"Blur","floor":1},{"not_picked":["Flying Knee","Concentrate"],"picked":"Backstab","floor":4},{"not_picked":["Eviscerate","Catalyst"],"picked":"Tools of the Trade","floor":5},{"not_picked":["Outmaneuver","Underhanded Strike"],"picked":"Dodge and Roll","floor":6},{"not_picked":["Quick Slash","Choke"],"picked":"Cloak And Dagger","floor":10},{"not_picked":["Underhanded Strike","All Out Attack"],"picked":"Blade Dance","floor":12},{"not_picked":["Prepared","Underhanded Strike","Quick Slash"],"picked":"SKIP","floor":13},{"not_picked":["Terror","Infinite Blades"],"picked":"Dash","floor":14},{"not_picked":["Grand Finale","Adrenaline"],"picked":"Envenom","floor":16},{"not_picked":["Poisoned Stab+1"],"picked":"SKIP","floor":18},{"not_picked":["Choke"],"picked":"SKIP","floor":19},{"not_picked":["PiercingWail"],"picked":"SKIP","floor":21},{"not_picked":["Poisoned Stab+1"],"picked":"SKIP","floor":22}],"player_experience":112314,"relics_obtained":[{"floor":6,"key":"Ninja Scroll"},{"floor":9,"key":"Boot"},{"floor":10,"key":"Omamori"},{"floor":12,"key":"Matryoshka"},{"floor":20,"key":"Nilry\u0027s Codex"}],"event_choices":[{"damage_healed":0,"gold_gain":0,"player_choice":"Donut","damage_taken":0,"max_hp_gain":5,"max_hp_loss":0,"event_name":"Big Fish","floor":2,"gold_loss":0},{"cards_removed":["Defend_G"],"damage_healed":0,"gold_gain":0,"player_choice":"Card Removal","damage_taken":7,"max_hp_gain":0,"max_hp_loss":0,"event_name":"Golden Wing","floor":3,"gold_loss":0},{"damage_healed":18,"gold_gain":0,"player_choice":"Healed","damage_taken":0,"max_hp_gain":0,"max_hp_loss":0,"event_name":"The Cleric","floor":8,"gold_loss":35},{"damage_healed":0,"gold_gain":0,"player_choice":"Obtained Book","damage_taken":16,"max_hp_gain":0,"max_hp_loss":0,"event_name":"Cursed Tome","floor":20,"gold_loss":0}],"is_beta":true,"boss_relics":[{"not_picked":["White Beast Statue","Runic Dome"],"picked":"Busted Crown"}],"items_purged_floors":[11],"is_endless":false,"potions_floor_spawned":[4,5,12,18,19,22],"killed_by":"Gremlin Leader","ascension_level":4}