{"gold_per_floor":[116,72,89,102,102,135,135,164,187,200,200,225,225,225,225,299,299,311,311,329,343,343,368,368,418,418,30,30,57,74,74,74,149,149,166,219,0,0,20,20,39,39,63,77,87,87,116,66,66,66],"floor_reached":50,"playtime":3469,"items_purged":["Concentrate","Riddle With Holes"],"score":1047,"play_id":"d7d4d001-ab5a-40e3-9697-bd648e08fc03","local_time":"20190208144640","is_ascension_mode":true,"campfire_choices":[{"data":"Footwork","floor":7.0,"key":"SMITH"},{"floor":11.0,"key":"REST"},{"data":"Neutralize","floor":13.0,"key":"SMITH"},{"floor":15.0,"key":"REST"},{"floor":24.0,"key":"REST"},{"data":"Skewer","floor":28.0,"key":"SMITH"},{"floor":32.0,"key":"REST"},{"floor":40.0,"key":"REST"},{"data":"Catalyst","floor":42.0,"key":"SMITH"},{"data":"Flechettes","floor":46.0,"key":"SMITH"},{"floor":49.0,"key":"RECALL"}],"neow_cost":"NONE","seed_source_timestamp":154343156089786,"circlet_count":0,"master_deck":["AscendersBane","Survivor+1","Neutralize+1","Dash+1","Concentrate+1","Doppelganger+1","Footwork+1","Well Laid Plans","Flying Knee","Dagger Spray","Flechettes+1","Escape Plan+1","Acrobatics","Backflip","Phantasmal Killer","Escape Plan","Doppelganger","Quick Slash","Phantasmal Killer","Concentrate","Bouncing Flask","Skewer+1","Blade Dance+1","Blur","Terror","Corpse Explosion","Catalyst+1","Blur+1","Parasite","Bullet Time","Tactician+1","Tactician+1"],"special_seed":0,"relics":["Tingsha","Torii","Ginger","Bag of Marbles","Thread and Needle","Philosopher\u0027s Stone","Sling","Oddly Smooth Stone","Ninja Scroll","Gambling Chip","Regal Pillow","Smiling Mask","Astrolabe","War Paint","Pandora\u0027s Box"],"potions_floor_usage":[50,50],"damage_taken":[{"damage":0.0,"enemies":"Cultist","floor":1.0,"turns":4.0},{"damage":2.0,"enemies":"Small Slimes","floor":3.0,"turns":5.0},{"damage":0.0,"enemies":"2 Louse","floor":4.0,"turns":3.0},{"damage":16.0,"enemies":"Lagavulin","floor":6.0,"turns":9.0},{"damage":36.0,"enemies":"Gremlin Nob","floor":8.0,"turns":5.0},{"damage":0.0,"enemies":"2 Fungi Beasts","floor":10.0,"turns":4.0},{"damage":11.0,"enemies":"3 Sentries","floor":12.0,"turns":12.0},{"damage":14.0,"enemies":"Slime Boss","floor":16.0,"turns":7.0},{"damage":0.0,"enemies":"3 Byrds","floor":18.0,"turns":5.0},{"damage":6.0,"enemies":"Spheric Guardian","floor":20.0,"turns":4.0},{"damage":0.0,"enemies":"Snecko","floor":21.0,"turns":1.0},{"damage":49.0,"enemies":"Book of Stabbing","floor":23.0,"turns":5.0},{"damage":2.0,"enemies":"Gremlin Leader","floor":29.0,"turns":5.0},{"damage":17.0,"enemies":"Snake Plant","floor":30.0,"turns":4.0},{"damage":52.0,"enemies":"Collector","floor":33.0,"turns":7.0},{"damage":0.0,"enemies":"3 Shapes","floor":35.0,"turns":3.0},{"damage":46.0,"enemies":"2 Orb Walkers","floor":36.0,"turns":4.0},{"damage":0.0,"enemies":"3 Darklings","floor":39.0,"turns":2.0},{"damage":0.0,"enemies":"Jaw Worm Horde","floor":41.0,"turns":2.0},{"damage":0.0,"enemies":"Writhing Mass","floor":44.0,"turns":5.0},{"damage":1.0,"enemies":"Sphere and 2 Shapes","floor":45.0,"turns":4.0},{"damage":0.0,"enemies":"Giant Head","floor":47.0,"turns":4.0},{"damage":62,"enemies":"Awakened One","floor":50,"turns":9}],"seed_played":"5537479972744447554","potions_obtained":[{"floor":1.0,"key":"Energy Potion"},{"floor":8.0,"key":"Swift Potion"},{"floor":12.0,"key":"Strength Potion"},{"floor":16.0,"key":"SteroidPotion"},{"floor":23.0,"key":"Block Potion"},{"floor":29.0,"key":"AttackPotion"},{"floor":33.0,"key":"Ancient Potion"},{"floor":35.0,"key":"EssenceOfSteel"},{"floor":38.0,"key":"Weak Potion"},{"floor":38.0,"key":"AttackPotion"},{"floor":45.0,"key":"PowerPotion"}],"is_trial":false,"path_per_floor":["M","$","M","M","?","E","R","E","T","M","R","E","R","?","R","B",null,"M","$","M","M","$","E","R","?","T","$","R","E","M","?","R","B",null,"M","?","$","?","M","R","M","R","T","M","M","R","E","$","R","B"],"character_chosen":"THE_SILENT","items_purchased":["Well Laid Plans","Thread and Needle","Sling"],"campfire_rested":5,"item_purchase_floors":[2,27,37],"current_hp_per_floor":[59,59,57,57,62,46,46,10,10,10,46,35,35,17,53,39,63,63,63,57,57,57,8,44,44,44,44,44,42,25,25,61,9,56,56,10,10,10,10,46,46,46,46,46,45,45,45,45,45,0],"gold":66,"neow_bonus":"BOSS_RELIC","is_prod":false,"is_daily":false,"chose_seed":false,"campfire_upgraded":5,"win_rate":0,"timestamp":1549633600,"path_taken":["M","$","?","M","?","E","R","E","T","M","R","E","R","?","R","BOSS","M","$","M","M","$","E","R","?","T","$","R","E","M","?","R","BOSS","M","?","$","?","M","R","M","R","T","?","M","R","E","$","R","BOSS"],"build_version":"2019-01-23","purchased_purges":2,"victory":false,"max_hp_per_floor":[66,66,66,66,71,71,71,71,71,71,71,71,71,71,71,71,71,71,71,71,71,71,71,71,71,71,71,71,71,71,71,71,71,71,71,71,71,71,71,71,71,71,71,71,71,71,71,71,71,71],"card_choices":[{"not_picked":["Cloak And Dagger","Slice"],"picked":"Footwork","floor":1.0},{"not_picked":["Bane","Expertise"],"picked":"Flying Knee","floor":3.0},{"not_picked":["Bane","Dodge and Roll"],"picked":"Dagger Spray","floor":4.0},{"not_picked":["Outmaneuver","Dagger Spray"],"picked":"Flechettes","floor":6.0},{"not_picked":["Terror","Poisoned Stab"],"picked":"Escape Plan","floor":8.0},{"not_picked":["Flying Knee","Masterful Stab"],"picked":"Acrobatics","floor":10.0},{"not_picked":["Tools of the Trade","Tactician"],"picked":"Backflip","floor":12.0},{"not_picked":["Bullet Time","Unload"],"picked":"Phantasmal Killer","floor":16.0},{"not_picked":["Flying Knee","Underhanded Strike"],"picked":"Bouncing Flask","floor":18.0},{"not_picked":["Dodge and Roll","Eviscerate"],"picked":"Skewer","floor":20.0},{"not_picked":["Acrobatics","Prepared"],"picked":"Blade Dance+1","floor":21.0},{"not_picked":["Prepared","Dagger Throw","Masterful Stab+1"],"picked":"SKIP","floor":23.0},{"not_picked":["Dodge and Roll","Dagger Spray","Setup"],"picked":"SKIP","floor":29.0},{"not_picked":["Accuracy","Riddle With Holes"],"picked":"Blur","floor":30.0},{"not_picked":["Tools of the Trade","Envenom"],"picked":"Corpse Explosion","floor":33.0},{"not_picked":["Dodge and Roll+1","Poisoned Stab","Flechettes"],"picked":"SKIP","floor":35.0},{"not_picked":["Slice","Finisher"],"picked":"Catalyst","floor":36.0},{"not_picked":["Sucker Punch+1","Finisher","Skewer"],"picked":"SKIP","floor":39.0},{"not_picked":["Cloak And Dagger+1","Deadly Poison"],"picked":"Blur+1","floor":41.0},{"not_picked":["Flying Knee","Poisoned Stab+1"],"picked":"Bullet Time","floor":44.0},{"not_picked":["Bane","Quick Slash+1"],"picked":"Tactician+1","floor":45.0},{"not_picked":["Slice","Prepared"],"picked":"Tactician+1","floor":47.0}],"player_experience":1376413,"relics_obtained":[{"floor":6.0,"key":"Regal Pillow"},{"floor":8.0,"key":"War Paint"},{"floor":9.0,"key":"Bag of Marbles"},{"floor":12.0,"key":"Ninja Scroll"},{"floor":23.0,"key":"Smiling Mask"},{"floor":26.0,"key":"Torii"},{"floor":29.0,"key":"Tingsha"},{"floor":36.0,"key":"Gambling Chip"},{"floor":47.0,"key":"Oddly Smooth Stone"}],"event_choices":[{"damage_healed":0.0,"max_hp_gain":5.0,"max_hp_loss":0.0,"gold_gain":0.0,"event_name":"Big Fish","player_choice":"Donut","floor":5.0,"gold_loss":0.0,"damage_taken":0.0},{"damage_healed":0.0,"max_hp_gain":0.0,"max_hp_loss":0.0,"gold_gain":0.0,"event_name":"Scrap Ooze","player_choice":"Success","floor":14.0,"gold_loss":0.0,"damage_taken":18.0,"relics_obtained":["Ginger"]},{"damage_healed":0.0,"max_hp_gain":0.0,"max_hp_loss":0.0,"gold_gain":50.0,"event_name":"Nest","player_choice":"Stole From Cult","floor":25.0,"gold_loss":0.0,"damage_taken":0.0},{"damage_healed":0.0,"max_hp_gain":0.0,"max_hp_loss":0.0,"gold_gain":0.0,"event_name":"The Library","player_choice":"Read","floor":31.0,"gold_loss":0.0,"damage_taken":0.0,"cards_obtained":["Terror"]},{"damage_healed":0.0,"max_hp_gain":0.0,"max_hp_loss":0.0,"gold_gain":0.0,"event_name":"Mysterious Sphere","player_choice":"Fight","floor":36.0,"gold_loss":0.0,"damage_taken":0.0},{"damage_healed":0.0,"max_hp_gain":0.0,"max_hp_loss":0.0,"gold_gain":0.0,"event_name":"Lab","player_choice":"Got Potions","floor":38.0,"gold_loss":0.0,"damage_taken":0.0}],"is_beta":false,"boss_relics":[{"not_picked":["Orrery","Tiny House"],"picked":"Pandora\u0027s Box"},{"not_picked":["White Beast Statue","Sozu"],"picked":"Philosopher\u0027s Stone"}],"items_purged_floors":[27,48],"is_endless":false,"potions_floor_spawned":[1,8,12,16,23,29,30,33,35,44,45],"killed_by":"Awakened One","ascension_level":18}