{"gold_per_floor":[215,70,83,95,106,141,141,160,160,177,142,142,156,156,156,259,259,273,291,94,94,114,146,146,71,71,170,98,6,25,44,44,44],"floor_reached":33,"playtime":1217,"items_purged":["Strike_B"],"score":294,"play_id":"9e83eec6-229a-44a0-8eed-0a6536208513","local_time":"20181116101849","is_ascension_mode":false,"campfire_choices":[{"data":"Storm","floor":7,"key":"SMITH"},{"floor":15,"key":"REST"},{"data":"Capacitor","floor":24,"key":"SMITH"},{"floor":32,"key":"REST"}],"neow_cost":"NONE","seed_source_timestamp":24063219791439,"circlet_count":0,"master_deck":["Strike_B","Strike_B","Defend_B","Defend_B","Defend_B","Defend_B","Zap","Dualcast","Streamline","Capacitor+1","Melter","Beam Cell","Storm+1","Barrage","Cold Snap","Self Repair","Coolheaded","Core Surge","Go for the Eyes","Streamline+1","Defragment","Leap","Cold Snap","White Noise","Static Discharge","Capacitor","Barrage+1","Rebound+1","Echo Form"],"relics":["Cracked Core","Art of War","Pear","Ornamental Fan","Nuclear Battery","Molten Egg 2","Bottled Lightning"],"potions_floor_usage":[16,23,23,33,33],"damage_taken":[{"damage":1,"enemies":"Cultist","floor":1,"turns":3},{"damage":0,"enemies":"2 Louse","floor":3,"turns":1},{"damage":6,"enemies":"Jaw Worm","floor":4,"turns":2},{"damage":8,"enemies":"3 Louse","floor":5,"turns":2},{"damage":26,"enemies":"Lagavulin","floor":6,"turns":5},{"damage":9,"enemies":"Blue Slaver","floor":8,"turns":3},{"damage":16,"enemies":"Exordium Thugs","floor":10,"turns":4},{"damage":10,"enemies":"Looter","floor":13,"turns":2},{"damage":19,"enemies":"Slime Boss","floor":16,"turns":9},{"damage":18,"enemies":"Shell Parasite","floor":18,"turns":4},{"damage":12,"enemies":"3 Byrds","floor":19,"turns":5},{"damage":6,"enemies":"Centurion and Healer","floor":22,"turns":6},{"damage":18,"enemies":"Book of Stabbing","floor":23,"turns":4},{"damage":1,"enemies":"Snecko","floor":30,"turns":3},{"damage":11,"enemies":"Cultist and Chosen","floor":31,"turns":4},{"damage":72,"enemies":"Collector","floor":33,"turns":6}],"seed_played":"-3722093195274438717","potions_obtained":[{"floor":1,"key":"SmokeBomb"},{"floor":8,"key":"FairyPotion"},{"floor":10,"key":"Energy Potion"},{"floor":16,"key":"Strength Potion"},{"floor":19,"key":"PowerPotion"},{"floor":23,"key":"Dexterity Potion"},{"floor":30,"key":"LiquidBronze"}],"is_trial":false,"path_per_floor":["M","$","M","M","M","E","R","M","T","M","?","?","M","?","R","B",null,"M","M","$","?","M","E","R","?","T","?","$","$","M","M","R","B"],"character_chosen":"DEFECT","items_purchased":["Capacitor","Melter","Defragment","Leap","Static Discharge","Capacitor","Barrage+1"],"campfire_rested":2,"item_purchase_floors":[2,2,20,20,28,29,29],"current_hp_per_floor":[74,74,74,68,60,34,34,25,35,19,40,45,35,28,55,43,90,79,74,74,74,75,57,57,57,57,57,57,57,56,45,72,0],"gold":44,"neow_bonus":"HUNDRED_GOLD","is_prod":false,"is_daily":false,"chose_seed":false,"campfire_upgraded":2,"win_rate":0,"timestamp":1542381529,"path_taken":["M","$","M","M","M","E","R","?","T","M","?","?","M","?","R","BOSS","M","M","$","?","M","E","R","?","T","?","?","$","M","?","R","BOSS"],"build_version":"2018-11-15","purchased_purges":1,"victory":false,"max_hp_per_floor":[75,75,75,75,75,75,75,75,85,85,85,90,90,90,90,90,90,90,90,90,90,90,90,90,90,90,90,90,90,90,90,90,90],"card_choices":[{"not_picked":["Hologram","Rebound"],"picked":"Streamline","floor":1},{"not_picked":["Sweeping Beam","Compile Driver"],"picked":"Beam Cell","floor":3},{"not_picked":["Steam","Chaos","Force Field"],"picked":"SKIP","floor":4},{"not_picked":["Redo","Gash"],"picked":"Storm","floor":5},{"not_picked":["Rainbow","Rip and Tear"],"picked":"Barrage","floor":6},{"not_picked":["Recycle","Compile Driver"],"picked":"Cold Snap","floor":8},{"not_picked":["Blizzard","Hologram"],"picked":"Self Repair","floor":10},{"not_picked":["Sweeping Beam","Doom and Gloom"],"picked":"Coolheaded","floor":13},{"not_picked":["Biased Cognition","Amplify"],"picked":"Core Surge","floor":16},{"not_picked":["Stack","Double Energy"],"picked":"Go for the Eyes","floor":18},{"not_picked":["Auto Shields","Tempest+1"],"picked":"Streamline+1","floor":19},{"not_picked":["Compile Driver","Streamline"],"picked":"Cold Snap","floor":22},{"not_picked":["Ball Lightning","Compile Driver+1"],"picked":"White Noise","floor":23},{"not_picked":["Stack","Streamline+1"],"picked":"Rebound+1","floor":30},{"not_picked":["Sweeping Beam+1","Force Field"],"picked":"Echo Form","floor":31}],"player_experience":1704555,"relics_obtained":[{"floor":6,"key":"Art of War"},{"floor":9,"key":"Pear"},{"floor":23,"key":"Molten Egg 2"},{"floor":26,"key":"Bottled Lightning"}],"event_choices":[{"damage_healed":21,"gold_gain":0,"player_choice":"Healed","damage_taken":0,"max_hp_gain":0,"max_hp_loss":0,"event_name":"The Cleric","floor":11,"gold_loss":35},{"damage_healed":0,"gold_gain":0,"player_choice":"Donut","damage_taken":0,"max_hp_gain":5,"max_hp_loss":0,"event_name":"Big Fish","floor":12,"gold_loss":0},{"damage_healed":0,"gold_gain":0,"player_choice":"Success","damage_taken":7,"relics_obtained":["Ornamental Fan"],"max_hp_gain":0,"max_hp_loss":0,"event_name":"Scrap Ooze","floor":14,"gold_loss":0},{"damage_healed":0,"gold_gain":0,"player_choice":"Ignored","damage_taken":0,"max_hp_gain":0,"max_hp_loss":0,"event_name":"Ghosts","floor":21,"gold_loss":0},{"cards_removed":["Strike_B"],"damage_healed":0,"gold_gain":0,"player_choice":"Gave Gold","damage_taken":0,"max_hp_gain":0,"max_hp_loss":0,"event_name":"Beggar","floor":25,"gold_loss":75},{"damage_healed":0,"gold_gain":99,"player_choice":"Stole From Cult","damage_taken":0,"max_hp_gain":0,"max_hp_loss":0,"event_name":"Nest","floor":27,"gold_loss":0}],"is_beta":false,"boss_relics":[{"not_picked":["Tiny House","Velvet Choker"],"picked":"Nuclear Battery"}],"items_purged_floors":[20],"is_endless":false,"potions_floor_spawned":[1,8,10,16,19,23,30],"killed_by":"Collector","ascension_level":0}