{"gold_per_floor":[112,112,126,126,126,155,155,169,248,248,281,17,37,9,9,83,83,102,115,115,95,107,107,28,40,63,75,87,101,111,111],"floor_reached":31,"playtime":1245,"items_purged":[],"score":521,"play_id":"1646b618-e2dd-4208-9943-11a7c1147750","local_time":"20190121113403","is_ascension_mode":true,"campfire_choices":[{"data":"Zap","floor":7,"key":"SMITH"},{"data":"Steam","floor":10,"key":"SMITH"},{"data":"Streamline","floor":15,"key":"SMITH"},{"floor":23,"key":"REST"}],"neow_cost":"NONE","seed_source_timestamp":97273753959508,"circlet_count":0,"master_deck":["AscendersBane","Strike_B","Strike_B","Defend_B","Defend_B","Defend_B","Defend_B","Zap+1","Dualcast","Gash","Auto Shields","Cold Snap","Steam+1","Melter","Coolheaded","Beam Cell","Streamline+1","Reboot","Reinforced Body","Conserve Battery","Gash+1","All For One","Steam","Compile Driver","Scrape","Hologram","Glacier"],"relics":["FrozenCore","NeowsBlessing","Pen Nib","Pantograph","Blue Candle","Membership Card","Blood Vial"],"potions_floor_usage":[13,13,18,22,29,29],"damage_taken":[{"damage":0,"enemies":"Small Slimes","floor":1,"turns":1},{"damage":0,"enemies":"2 Louse","floor":3,"turns":1},{"damage":0,"enemies":"Gremlin Nob","floor":6,"turns":1},{"damage":0,"enemies":"Jaw Worm","floor":8,"turns":3},{"damage":19,"enemies":"Lagavulin","floor":11,"turns":7},{"damage":4,"enemies":"Exordium Thugs","floor":13,"turns":4},{"damage":56,"enemies":"Slime Boss","floor":16,"turns":13},{"damage":7,"enemies":"3 Byrds","floor":18,"turns":4},{"damage":0,"enemies":"Spheric Guardian","floor":19,"turns":2},{"damage":6,"enemies":"3 Cultists","floor":22,"turns":5},{"damage":13,"enemies":"Snake Plant","floor":25,"turns":5},{"damage":0,"enemies":"Cultist and Chosen","floor":27,"turns":3},{"damage":15,"enemies":"Shelled Parasite and Fungi","floor":28,"turns":5},{"damage":10,"enemies":"Snake Plant","floor":29,"turns":4},{"damage":18,"enemies":"3 Cultists","floor":30,"turns":6},{"damage":36,"enemies":"Shelled Parasite and Fungi","floor":31,"turns":4}],"seed_played":"-5010985958994519152","potions_obtained":[{"floor":6,"key":"Fire Potion"},{"floor":8,"key":"Block Potion"},{"floor":11,"key":"Regen Potion"},{"floor":16,"key":"Explosive Potion"},{"floor":18,"key":"SkillPotion"},{"floor":21,"key":"PowerPotion"},{"floor":28,"key":"Regen Potion"}],"is_trial":false,"path_per_floor":["M","?","M","?","?","E","R","M","T","R","E","$","M","$","R","B",null,"M","M","?","?","M","R","$","M","T","M","M","M","M","M"],"character_chosen":"DEFECT","items_purchased":["Coolheaded","Membership Card","Streamline","All For One"],"campfire_rested":1,"item_purchase_floors":[12,12,14,24],"current_hp_per_floor":[64,64,64,64,69,69,69,69,69,69,50,50,46,46,46,15,61,54,54,54,54,48,70,70,57,57,59,46,50,34,0],"gold":111,"neow_bonus":"THREE_ENEMY_KILL","is_prod":false,"is_daily":false,"chose_seed":false,"campfire_upgraded":3,"win_rate":0,"timestamp":1548088443,"path_taken":["M","?","M","?","?","E","R","M","T","R","E","$","?","?","R","BOSS","M","?","?","?","M","R","$","M","T","M","M","M","?","M"],"build_version":"2019-01-17v2","purchased_purges":0,"victory":false,"max_hp_per_floor":[71,71,71,71,76,76,76,76,76,76,76,76,76,76,76,76,76,76,76,76,76,76,76,76,76,76,76,76,76,76,76],"card_choices":[{"not_picked":["Leap","Cold Snap"],"picked":"Gash","floor":1},{"not_picked":["Turbo","Capacitor"],"picked":"Auto Shields","floor":3},{"not_picked":["Skim","Turbo"],"picked":"Cold Snap","floor":6},{"not_picked":["Sweeping Beam","Conserve Battery"],"picked":"Steam","floor":8},{"not_picked":["Tempest","Meteor Strike"],"picked":"Melter","floor":11},{"not_picked":["Compile Driver","Coolheaded"],"picked":"Beam Cell","floor":13},{"not_picked":["Meteor Strike","Biased Cognition"],"picked":"Reboot","floor":16},{"not_picked":["Coolheaded","Steam"],"picked":"Reinforced Body","floor":18},{"not_picked":["Auto Shields","Blizzard"],"picked":"Conserve Battery","floor":19},{"not_picked":["Leap","Streamline"],"picked":"Gash+1","floor":22},{"not_picked":["Compile Driver","Stack"],"picked":"Steam","floor":25},{"not_picked":["Aggregate","Reinforced Body"],"picked":"Compile Driver","floor":27},{"not_picked":["Rebound","Capacitor"],"picked":"Scrape","floor":28},{"not_picked":["Leap","Auto Shields"],"picked":"Hologram","floor":29},{"not_picked":["Tempest","Barrage"],"picked":"Glacier","floor":30}],"player_experience":2182057,"relics_obtained":[{"floor":6,"key":"Pen Nib"},{"floor":9,"key":"Pantograph"},{"floor":11,"key":"Blue Candle"},{"floor":26,"key":"Blood Vial"}],"event_choices":[{"cards_removed":["Strike_B"],"damage_healed":0,"gold_gain":0,"player_choice":"Forget","damage_taken":0,"max_hp_gain":0,"max_hp_loss":0,"event_name":"Living Wall","floor":2,"gold_loss":0},{"damage_healed":0,"gold_gain":0,"player_choice":"Ignored","damage_taken":0,"max_hp_gain":0,"max_hp_loss":0,"event_name":"Liars Game","floor":4,"gold_loss":0},{"damage_healed":0,"gold_gain":0,"player_choice":"Donut","damage_taken":0,"max_hp_gain":5,"max_hp_loss":0,"event_name":"Big Fish","floor":5,"gold_loss":0},{"cards_removed":["Strike_B"],"damage_healed":0,"gold_gain":0,"player_choice":"Elegance","damage_taken":0,"max_hp_gain":0,"max_hp_loss":0,"event_name":"Back to Basics","floor":20,"gold_loss":0},{"damage_healed":0,"gold_gain":0,"player_choice":"Bought 1 Potion","damage_taken":0,"max_hp_gain":0,"max_hp_loss":0,"event_name":"The Woman in Blue","floor":21,"gold_loss":0}],"is_beta":false,"boss_relics":[{"not_picked":["Coffee Dripper","Runic Pyramid"],"picked":"FrozenCore"}],"items_purged_floors":[],"is_endless":false,"potions_floor_spawned":[6,8,11,16,18,28],"killed_by":"Shelled Parasite and Fungi","ascension_level":18}