{"gold_per_floor":[117,135,152,122,134,134,152,152,228,228,238,238,238,238,238,333,333,347,364,279,279,279,279,204,204,227,24,24,24,24,34,34,34],"floor_reached":33,"playtime":1621,"items_purged":[],"score":235,"play_id":"c1c6657e-f655-4e8d-a174-d0e476d41a31","local_time":"20190114202842","is_ascension_mode":false,"campfire_choices":[{"data":"Footwork","floor":6,"key":"SMITH"},{"data":"Footwork","floor":8,"key":"SMITH"},{"data":"Flying Knee","floor":13,"key":"SMITH"},{"data":"Sucker Punch","floor":15,"key":"SMITH"},{"floor":23,"key":"REST"},{"data":"Backflip","floor":25,"key":"SMITH"},{"data":"Calculated Gamble","floor":29,"key":"SMITH"},{"floor":32,"key":"REST"}],"neow_cost":"NONE","seed_source_timestamp":270056491344352,"circlet_count":0,"master_deck":["Defend_G","Defend_G","Defend_G","Defend_G","Defend_G","Strike_G","Strike_G","Strike_G","Strike_G","Strike_G","Survivor","Neutralize","Outmaneuver","Footwork+1","Sucker Punch+1","Crippling Poison+1","Footwork+1","Slice","Flying Knee+1","Backflip+1","Calculated Gamble+1","Terror"],"relics":["Ring of the Snake","Oddly Smooth Stone","Gremlin Horn","Smiling Mask","White Beast Statue","Nunchaku","MutagenicStrength","Bronze Scales","Sling"],"potions_floor_usage":[7,16,16,16,19,22,22,33],"damage_taken":[{"damage":4,"enemies":"Jaw Worm","floor":1,"turns":4},{"damage":0,"enemies":"Small Slimes","floor":2,"turns":5},{"damage":0,"enemies":"2 Louse","floor":3,"turns":2},{"damage":2,"enemies":"Looter","floor":4,"turns":4},{"damage":3,"enemies":"Large Slime","floor":5,"turns":10},{"damage":0,"enemies":"3 Louse","floor":7,"turns":4},{"damage":1,"enemies":"Red Slaver","floor":11,"turns":4},{"damage":22,"enemies":"Hexaghost","floor":16,"turns":13},{"damage":28,"enemies":"Chosen","floor":18,"turns":9},{"damage":22,"enemies":"Spheric Guardian","floor":19,"turns":8},{"damage":9,"enemies":"Centurion and Healer","floor":22,"turns":2},{"damage":6,"enemies":"Snake Plant","floor":31,"turns":7},{"damage":70,"enemies":"Collector","floor":33,"turns":10}],"seed_played":"431876638444916422","potions_obtained":[{"floor":1,"key":"GhostInAJar"},{"floor":2,"key":"Block Potion"},{"floor":5,"key":"Block Potion"},{"floor":7,"key":"Strength Potion"},{"floor":16,"key":"Fire Potion"},{"floor":18,"key":"SmokeBomb"},{"floor":19,"key":"PowerPotion"},{"floor":31,"key":"Regen Potion"}],"is_trial":false,"path_per_floor":["M","M","M","M","M","R","M","R","T","?","M","?","R","T","R","B",null,"M","M","?","?","M","R","?","R","T","$","?","R","$","M","R","B"],"character_chosen":"THE_SILENT","items_purchased":["Sling"],"campfire_rested":2,"item_purchase_floors":[27],"current_hp_per_floor":[66,66,66,64,61,61,61,61,61,61,60,60,60,60,60,38,70,42,20,20,20,11,32,32,32,32,32,32,32,32,26,47,0],"gold":34,"neow_bonus":"RANDOM_COMMON_RELIC","is_prod":false,"is_daily":false,"chose_seed":false,"campfire_upgraded":6,"win_rate":0.0,"timestamp":1547526522,"path_taken":["M","M","M","M","M","R","M","R","T","?","M","?","R","?","R","BOSS","M","M","?","?","M","R","?","R","T","$","?","R","?","M","R","BOSS"],"build_version":"2019-01-10","purchased_purges":0,"victory":false,"max_hp_per_floor":[70,70,70,70,70,70,70,70,70,70,70,70,70,70,70,70,70,70,70,70,70,70,70,70,70,70,70,70,70,70,70,70,70],"card_choices":[{"not_picked":["Setup","Dagger Throw"],"picked":"Outmaneuver","floor":1},{"not_picked":["Prepared","Accuracy"],"picked":"Footwork","floor":2},{"not_picked":["Bouncing Flask","Accuracy"],"picked":"Sucker Punch","floor":3},{"not_picked":["Underhanded Strike","Predator"],"picked":"Crippling Poison","floor":4},{"not_picked":["Predator","Acrobatics"],"picked":"Footwork","floor":5},{"not_picked":["Prepared","Bullet Time"],"picked":"Slice","floor":7},{"not_picked":["Prepared","Cloak And Dagger"],"picked":"Flying Knee","floor":11},{"not_picked":["Adrenaline","Die Die Die"],"picked":"Storm of Steel","floor":16},{"not_picked":["Terror","Bouncing Flask+1"],"picked":"Backflip","floor":18},{"not_picked":["Cloak And Dagger+1","Poisoned Stab+1"],"picked":"Calculated Gamble","floor":19},{"not_picked":["Crippling Poison","Cloak And Dagger"],"picked":"Terror","floor":31}],"player_experience":128882,"relics_obtained":[{"floor":9,"key":"Gremlin Horn"},{"floor":14,"key":"Smiling Mask"},{"floor":26,"key":"Bronze Scales"}],"event_choices":[{"damage_healed":0,"gold_gain":0,"player_choice":"Grow","damage_taken":0,"max_hp_gain":0,"max_hp_loss":0,"event_name":"Living Wall","floor":10,"gold_loss":0,"cards_upgraded":["Crippling Poison"]},{"damage_healed":0,"gold_gain":0,"player_choice":"Ignored","damage_taken":0,"max_hp_gain":0,"max_hp_loss":0,"event_name":"Golden Wing","floor":12,"gold_loss":0},{"damage_healed":0,"gold_gain":0,"player_choice":"Obtained Relic","damage_taken":0,"relics_obtained":["Nunchaku"],"max_hp_gain":0,"max_hp_loss":0,"event_name":"Addict","floor":20,"gold_loss":85},{"damage_healed":0,"gold_gain":0,"player_choice":"Inject Mutagens","damage_taken":0,"relics_obtained":["MutagenicStrength"],"max_hp_gain":0,"max_hp_loss":0,"event_name":"Drug Dealer","floor":21,"gold_loss":0},{"cards_removed":["Storm of Steel"],"damage_healed":0,"gold_gain":0,"player_choice":"Gave Gold","damage_taken":0,"max_hp_gain":0,"max_hp_loss":0,"event_name":"Beggar","floor":24,"gold_loss":75},{"damage_healed":0,"gold_gain":0,"player_choice":"Ignored","damage_taken":0,"max_hp_gain":0,"max_hp_loss":0,"event_name":"Vampires","floor":28,"gold_loss":0}],"is_beta":false,"boss_relics":[{"not_picked":["Ectoplasm","Black Star"],"picked":"White Beast Statue"}],"items_purged_floors":[],"is_endless":false,"potions_floor_spawned":[1,2,5,7,16,18,19,22,31],"killed_by":"Collector","ascension_level":0}