{"gold_per_floor":[111,122,138,150,166,166,200,210,210,210,237,72,72,72,72,145,145,163,133,33,45,45,45,75,75,75,90,90,106,119,119,119,119],"floor_reached":33,"playtime":2864,"items_purged":["Strike_R","Strike_R"],"score":527,"play_id":"86720cb9-a2c7-4042-8258-19bacaca6bb0","local_time":"20190211220428","is_ascension_mode":true,"campfire_choices":[{"data":"Metallicize","floor":6.0,"key":"SMITH"},{"data":"True Grit","floor":10.0,"key":"SMITH"},{"data":"Iron Wave","floor":13.0,"key":"SMITH"},{"floor":15.0,"key":"REST"},{"data":"Feed","floor":23,"key":"SMITH"},{"data":"Shockwave","floor":25,"key":"SMITH"},{"data":"Inflame","floor":28,"key":"SMITH"},{"floor":32,"key":"REST"}],"neow_cost":"NONE","seed_source_timestamp":0,"circlet_count":0,"master_deck":["AscendersBane","Defend_R","Defend_R","Defend_R+1","Defend_R","Bash","Disarm","Pommel Strike","True Grit+1","Shrug It Off+1","Metallicize+1","Shockwave+1","Iron Wave+1","Inflame+1","Feed+1","Iron Wave","Heavy Blade+1","Bite","Bite","Bite","Bite","Bite"],"special_seed":0,"relics":["Burning Blood","WingedGreaves","Pear","War Paint","StoneCalendar","Sozu","Dodecahedron","Boot","Incense Burner"],"potions_floor_usage":[],"damage_taken":[{"damage":23.0,"enemies":"Cultist","floor":1.0,"turns":6.0},{"damage":6.0,"enemies":"Small Slimes","floor":2.0,"turns":4.0},{"damage":5.0,"enemies":"Jaw Worm","floor":3.0,"turns":5.0},{"damage":5.0,"enemies":"2 Fungi Beasts","floor":4.0,"turns":5.0},{"damage":16.0,"enemies":"3 Louse","floor":5.0,"turns":5.0},{"damage":24.0,"enemies":"3 Sentries","floor":7.0,"turns":15.0},{"damage":10.0,"enemies":"Exordium Thugs","floor":8.0,"turns":8.0},{"damage":30.0,"enemies":"Lagavulin","floor":11.0,"turns":10.0},{"damage":36.0,"enemies":"Slime Boss","floor":16.0,"turns":10.0},{"damage":17.0,"enemies":"3 Byrds","floor":18.0,"turns":7.0},{"damage":15.0,"enemies":"2 Thieves","floor":19.0,"turns":5.0},{"damage":13,"enemies":"Snecko","floor":21,"turns":6},{"damage":41,"enemies":"Gremlin Leader","floor":24,"turns":9},{"damage":30,"enemies":"Sentry and Sphere","floor":27,"turns":7},{"damage":13,"enemies":"Centurion and Healer","floor":29,"turns":7},{"damage":33,"enemies":"3 Cultists","floor":30,"turns":7},{"damage":115,"enemies":"Automaton","floor":33,"turns":16}],"seed_played":"2931198417220460557","potions_obtained":[{"floor":1.0,"key":"Weak Potion"},{"floor":2.0,"key":"FairyPotion"},{"floor":7.0,"key":"Fruit Juice"},{"floor":8.0,"key":"Ancient Potion"}],"is_trial":false,"path_per_floor":["M","M","M","M","M","R","E","M","T","R","E","$","R","?","R","B",null,"M","M","$","M","?","R","E","R","T","M","R","M","M","T","R","B"],"character_chosen":"IRONCLAD","items_purchased":["Inflame"],"campfire_rested":2,"item_purchase_floors":[12],"current_hp_per_floor":[58,58,59,60,50,50,32,33,43,43,19,19,19,19,48,18,77,69,60,60,53,53,53,38,38,38,28,28,35,24,24,48,0],"gold":119,"neow_bonus":"TEN_PERCENT_HP_BONUS","is_prod":false,"is_daily":false,"chose_seed":false,"campfire_upgraded":6,"win_rate":0,"timestamp":1549919068,"path_taken":["M","M","?","M","M","R","E","M","T","R","E","$","R","?","R","BOSS","M","M","$","M","?","R","E","R","T","M","R","M","M","?","R","BOSS"],"build_version":"2019-02-06","purchased_purges":2,"victory":false,"max_hp_per_floor":[82,82,82,82,82,82,82,87,97,97,97,97,97,97,97,97,97,100,100,100,100,70,70,70,70,70,74,74,78,82,82,82,82],"card_choices":[{"not_picked":["Iron Wave","Sword Boomerang"],"picked":"Disarm","floor":1.0},{"not_picked":["Feel No Pain","Havoc"],"picked":"Pommel Strike","floor":2.0},{"not_picked":["Warcry","Pommel Strike"],"picked":"True Grit","floor":3.0},{"not_picked":["Seeing Red","Iron Wave"],"picked":"Shrug It Off","floor":4.0},{"not_picked":["Heavy Blade","Second Wind"],"picked":"Metallicize","floor":5.0},{"not_picked":["Wild Strike","Infernal Blade"],"picked":"Shockwave","floor":7.0},{"not_picked":["Heavy Blade","Havoc"],"picked":"Iron Wave","floor":8.0},{"not_picked":["Fiend Fire","Dual Wield","Twin Strike"],"picked":"SKIP","floor":11.0},{"not_picked":["Dark Embrace","Barricade"],"picked":"Feed","floor":16.0},{"not_picked":["Sever Soul","Thunderclap"],"picked":"Iron Wave","floor":18.0},{"not_picked":["Armaments","Flex"],"picked":"Heavy Blade+1","floor":19.0},{"not_picked":["Fire Breathing","Clash","Burning Pact+1"],"picked":"SKIP","floor":21},{"not_picked":["Hemokinesis","Twin Strike","Burning Pact"],"picked":"SKIP","floor":24},{"not_picked":["Anger","Searing Blow","Flex+1"],"picked":"SKIP","floor":27},{"not_picked":["Thunderclap","Anger","Carnage"],"picked":"SKIP","floor":29},{"not_picked":["Sever Soul","Clash","Sword Boomerang"],"picked":"SKIP","floor":30}],"player_experience":442086,"relics_obtained":[{"floor":7.0,"key":"WingedGreaves"},{"floor":9.0,"key":"Pear"},{"floor":11.0,"key":"War Paint"},{"floor":24,"key":"Dodecahedron"},{"floor":26,"key":"Boot"},{"floor":31,"key":"Incense Burner"}],"event_choices":[{"damage_healed":0.0,"max_hp_gain":0.0,"max_hp_loss":0.0,"gold_gain":0.0,"event_name":"Dead Adventurer","player_choice":"Searched \u00272\u0027 times","floor":14.0,"gold_loss":0.0,"damage_taken":0.0,"relics_obtained":["StoneCalendar"]},{"damage_healed":0,"gold_gain":0,"player_choice":"Became a vampire","damage_taken":0,"max_hp_gain":0,"max_hp_loss":30,"event_name":"Vampires","floor":22,"gold_loss":0,"cards_obtained":["Bite","Bite","Bite","Bite","Bite"]}],"is_beta":true,"boss_relics":[{"not_picked":["Lizard Tail","Tiny House"],"picked":"Sozu"}],"items_purged_floors":[12,20],"is_endless":false,"potions_floor_spawned":[1,2,7,8,19,24,30],"killed_by":"Automaton","ascension_level":16}