{"path_per_floor":["M","?","?","M","M","R","M","E","T","?","E","$","R","M","R","B",null,"M","?","?","M","M","E"],"character_chosen":"IRONCLAD","items_purchased":["Pantograph","Fire Potion"],"gold_per_floor":[109,109,109,134,149,149,173,216,268,304,342,42,42,66,66,196,196,220,220,220,238,254,288,288],"floor_reached":24,"campfire_rested":2,"playtime":2579,"current_hp_per_floor":[80,64,64,70,75,75,68,33,33,25,18,18,42,51,75,42,86,64,64,64,73,63,19,0],"items_purged":[],"gold":288,"score":226,"play_id":"86321b30-282a-404b-b430-9c8df1fbbc1b","local_time":"20180521071709","is_prod":false,"is_daily":false,"chose_seed":false,"is_ascension_mode":false,"campfire_upgraded":1,"timestamp":1526901429,"campfire_choices":[{"data":"Iron Wave","floor":6.0,"key":"SMITH"},{"floor":13.0,"key":"REST"},{"floor":15.0,"key":"REST"}],"path_taken":["M","?","?","M","M","R","M","E","T","?","E","$","R","M","R","BOSS","M","?","?","M","M","E","M"],"build_version":"2018-05-17","seed_source_timestamp":0,"purchased_purges":0,"victory":false,"master_deck":["Strike_R+1","Strike_R+1","Strike_R+1","Strike_R","Strike_R","Defend_R+1","Defend_R","Defend_R","Defend_R","Bash","Cleave","Injury","Iron Wave+1","Iron Wave+1","Whirlwind","Sword Boomerang","Feed","Fire Breathing","Heavy Blade","Juggernaut","Anger+1","Headbutt","Perfected Strike+1","Inflame+1"],"max_hp_per_floor":[80,80,80,80,80,80,80,80,80,80,80,80,80,83,83,86,86,86,86,86,89,89,89,92],"relics":["Burning Blood","Bloody Idol","Shuriken","Whetstone","Odd Mushroom","Anchor","Pantograph","Mark of Pain","Bag of Preparation"],"card_choices":[{"not_picked":["Armaments","Rampage"],"picked":"Cleave","floor":1.0},{"not_picked":["Feel No Pain","Flame Barrier"],"picked":"Iron Wave","floor":4.0},{"not_picked":["Cleave","Sword Boomerang"],"picked":"Iron Wave","floor":5.0},{"not_picked":["Shrug It Off","Entrench"],"picked":"Whirlwind","floor":7.0},{"not_picked":["True Grit","Hemokinesis"],"picked":"Sword Boomerang","floor":8.0},{"not_picked":["Headbutt","Iron Wave"],"picked":"Feed","floor":10.0},{"not_picked":["Uppercut","Flame Barrier"],"picked":"Fire Breathing","floor":11.0},{"not_picked":["Sword Boomerang","Cleave"],"picked":"Heavy Blade","floor":14.0},{"not_picked":["Feed","Demon Form"],"picked":"Juggernaut","floor":16.0},{"not_picked":["Entrench","Twin Strike+1"],"picked":"Anger+1","floor":18},{"not_picked":["Clash","Combust"],"picked":"Headbutt","floor":21},{"not_picked":["Warcry","True Grit+1"],"picked":"Perfected Strike+1","floor":22},{"not_picked":["Headbutt","Flex+1"],"picked":"Inflame+1","floor":23}],"player_experience":7847,"potions_floor_usage":[],"damage_taken":[{"damage":0.0,"enemies":"Small Slimes","floor":1.0,"turns":4.0},{"damage":0.0,"enemies":"2 Louse","floor":4.0,"turns":2.0},{"damage":1.0,"enemies":"Jaw Worm","floor":5.0,"turns":3.0},{"damage":13.0,"enemies":"Large Slime","floor":7.0,"turns":5.0},{"damage":41.0,"enemies":"Lagavulin","floor":8.0,"turns":8.0},{"damage":14.0,"enemies":"The Mushroom Lair","floor":10.0,"turns":4.0},{"damage":13.0,"enemies":"3 Sentries","floor":11.0,"turns":7.0},{"damage":0.0,"enemies":"Looter","floor":14.0,"turns":4.0},{"damage":50.0,"enemies":"Slime Boss","floor":16.0,"turns":11.0},{"damage":28,"enemies":"2 Thieves","floor":18,"turns":5},{"damage":5,"enemies":"3 Byrds","floor":21,"turns":4},{"damage":21,"enemies":"Snecko","floor":22,"turns":7},{"damage":55,"enemies":"Gremlin Leader","floor":23,"turns":7},{"damage":26,"enemies":"3 Cultists","floor":24,"turns":4}],"relics_obtained":[{"floor":8.0,"key":"Shuriken"},{"floor":9.0,"key":"Whetstone"},{"floor":10.0,"key":"Odd Mushroom"},{"floor":11.0,"key":"Anchor"},{"floor":23,"key":"Bag of Preparation"}],"event_choices":[{"event_name":"Shining Light","player_choice":"Entered Light","floor":2.0,"damage_taken":0.0},{"event_name":"Golden Idol","player_choice":"Take Wound","floor":3.0,"damage_taken":0.0},{"event_name":"Mushrooms","player_choice":"Fought Mushrooms","floor":10.0,"damage_taken":0.0},{"event_name":"Vampires","player_choice":"Ignored","floor":19,"damage_taken":0},{"event_name":"Forgotten Altar","player_choice":"Gave Idol","floor":20,"damage_taken":0}],"boss_relics":[{"not_picked":["Sozu","Snecko Eye"],"picked":"Mark of Pain"}],"potions_floor_spawned":[4,5,7,18],"seed_played":"5367464254527297729","killed_by":"3 Cultists","ascension_level":0,"potions_obtained":[{"floor":4.0,"key":"Block Potion"},{"floor":5.0,"key":"Explosive Potion"},{"floor":7.0,"key":"SpeedPotion"},{"floor":18,"key":"Poison Potion"}],"is_trial":false}