{"gold_per_floor":[119,138,213,231,231,231,59,59,59,71,105,105,119,131,131,235,235,246,266,17,36,55,55,55,55,79,90,44,61,61,36,36,36],"floor_reached":33,"playtime":1491,"items_purged":["Defend_R","Defend_R"],"score":299,"play_id":"ba9ab151-0872-49cc-bdd7-0116cb21b062","local_time":"20180625115921","is_ascension_mode":true,"campfire_choices":[{"data":"Perfected Strike","floor":6,"key":"SMITH"},{"floor":12,"key":"REST"},{"data":"Shrug It Off","floor":15,"key":"SMITH"},{"floor":23,"key":"REST"},{"floor":30,"key":"REST"},{"floor":32,"key":"REST"}],"neow_cost":"TEN_PERCENT_HP_LOSS","seed_source_timestamp":57972244338110,"circlet_count":0,"master_deck":["Strike_R","Strike_R","Strike_R","Strike_R","Strike_R","Bash","Iron Wave","Perfected Strike+1","Iron Wave","Swift Strike","Shrug It Off+1","Burning Pact","Rage","Offering","Twin Strike","Ghostly Armor+1","Shrug It Off","Twin Strike"],"relics":["Burning Blood","Bottled Flame","Bronze Scales","Mark of Pain","Boot","Enchiridion","Regal Pillow"],"potions_floor_usage":[11,16,16,18,19,29,33],"damage_taken":[{"damage":15,"enemies":"Small Slimes","floor":1,"turns":4},{"damage":12,"enemies":"Jaw Worm","floor":2,"turns":2},{"damage":1,"enemies":"Cultist","floor":4,"turns":3},{"damage":13,"enemies":"Blue Slaver","floor":10,"turns":2},{"damage":32,"enemies":"Lagavulin","floor":11,"turns":6},{"damage":3,"enemies":"Looter","floor":13,"turns":2},{"damage":0,"enemies":"Large Slime","floor":14,"turns":4},{"damage":40,"enemies":"Hexaghost","floor":16,"turns":9},{"damage":27,"enemies":"2 Thieves","floor":18,"turns":3},{"damage":8,"enemies":"Spheric Guardian","floor":19,"turns":3},{"damage":7,"enemies":"Snake Plant","floor":21,"turns":2},{"damage":16,"enemies":"Snecko","floor":22,"turns":3},{"damage":16,"enemies":"Slaver and Parasite","floor":27,"turns":3},{"damage":27,"enemies":"Chosen and Byrds","floor":29,"turns":5},{"damage":82,"enemies":"Champ","floor":33,"turns":12}],"seed_played":"3455147569806123530","potions_obtained":[{"floor":2,"key":"Ancient Potion"},{"floor":13,"key":"Poison Potion"},{"floor":14,"key":"EssenceOfSteel"},{"floor":16,"key":"LiquidBronze"},{"floor":18,"key":"LiquidBronze"},{"floor":21,"key":"Dexterity Potion"},{"floor":27,"key":"Ancient Potion"}],"is_trial":false,"path_per_floor":["M","M","?","M","?","R","$","?","T","M","E","R","M","M","R","B",null,"M","M","$","M","M","R","?","?","T","M","$","M","R","$","R"],"character_chosen":"IRONCLAD","items_purchased":["Swift Strike","Boot","Shrug It Off","Twin Strike"],"campfire_rested":4,"item_purchase_floors":[7,20,28,31],"current_hp_per_floor":[63,57,46,51,72,72,72,72,72,65,39,60,63,69,69,35,72,51,49,49,48,38,59,59,43,43,33,33,12,48,48,72,0],"gold":36,"neow_bonus":"REMOVE_TWO","is_prod":false,"is_daily":false,"chose_seed":false,"campfire_upgraded":2,"win_rate":0,"timestamp":1529942361,"path_taken":["M","M","?","M","?","R","$","?","T","M","E","R","M","?","R","BOSS","M","M","$","M","M","R","?","?","T","M","?","M","R","$","R","BOSS"],"build_version":"2018-06-21v2","purchased_purges":2,"victory":false,"max_hp_per_floor":[72,72,72,72,72,72,72,72,72,72,72,72,72,72,72,72,72,72,72,72,72,72,72,72,72,72,72,72,72,72,72,72,72],"card_choices":[{"not_picked":["Clothesline","Body Slam"],"picked":"Iron Wave","floor":1},{"not_picked":["Rupture","Headbutt"],"picked":"Perfected Strike","floor":2},{"not_picked":["Headbutt","Flex"],"picked":"Iron Wave","floor":4},{"not_picked":["Dropkick","Warcry"],"picked":"Shrug It Off","floor":10},{"not_picked":["Carnage","Feel No Pain"],"picked":"Burning Pact","floor":11},{"not_picked":["Juggernaut","Shrug It Off"],"picked":"Rage","floor":13},{"not_picked":["Shrug It Off","Metallicize","Seeing Red"],"picked":"SKIP","floor":14},{"not_picked":["Exhume","Brutality"],"picked":"Offering","floor":16},{"not_picked":["Disarm+1","Iron Wave","Cleave"],"picked":"SKIP","floor":18},{"not_picked":["Cleave+1","Thunderclap"],"picked":"Twin Strike","floor":19},{"not_picked":["Cleave+1","Entrench+1","Flame Barrier"],"picked":"SKIP","floor":21},{"not_picked":["Heavy Blade","Fire Breathing+1"],"picked":"Ghostly Armor+1","floor":22},{"not_picked":["True Grit","Clash+1","Corruption"],"picked":"SKIP","floor":27},{"not_picked":["Sentinel+1","Immolate","Body Slam+1"],"picked":"SKIP","floor":29}],"player_experience":740222,"relics_obtained":[{"floor":9,"key":"Bottled Flame"},{"floor":11,"key":"Bronze Scales"},{"floor":25,"key":"Enchiridion"},{"floor":26,"key":"Regal Pillow"}],"event_choices":[{"event_name":"World of Goop","player_choice":"Gather Gold","floor":3,"damage_taken":0},{"event_name":"Big Fish","player_choice":"Banana","floor":5,"damage_taken":0},{"event_name":"Liars Game","player_choice":"disagreed","floor":8,"damage_taken":0},{"event_name":"Drug Dealer","player_choice":"Ignored","floor":24,"damage_taken":0},{"event_name":"Cursed Tome","player_choice":"Obtained Book","floor":25,"damage_taken":0}],"boss_relics":[{"not_picked":["Cursed Key","Snecko Eye"],"picked":"Mark of Pain"}],"items_purged_floors":[7,20],"is_endless":false,"potions_floor_spawned":[2,13,14,16,18,21,27],"killed_by":"Champ","ascension_level":4}