{"gold_per_floor":[110,110,110,130,79,110,140,167,167,167,167,202,202,217,217,294,294,308,321,10,23,105,105,105],"floor_reached":24,"playtime":1073,"items_purged":[],"score":371,"play_id":"488fb6ed-b704-4dfa-aae0-a0d629f00edb","local_time":"20180731162336","is_ascension_mode":true,"campfire_choices":[{"data":"Neutralize","floor":10,"key":"SMITH"},{"floor":15,"key":"REST"},{"data":"Prepared","floor":23,"key":"SMITH"}],"neow_cost":"NONE","seed_source_timestamp":144465240162370,"circlet_count":0,"master_deck":["Defend_G","Defend_G","Defend_G","Defend_G","Defend_G","Strike_G","Strike_G","Survivor","Neutralize+1","AscendersBane","Dash","Well Laid Plans","Cloak And Dagger","Adrenaline","PiercingWail","Poisoned Stab","Dagger Spray","Die Die Die","Backstab+1","Riddle With Holes+1","After Image+1","Dagger Throw+1","Cloak And Dagger","Prepared+1"],"relics":["Ring of the Snake","Tingsha","Regal Pillow","Nunchaku","FaceOfCleric","Anchor","Astrolabe","Mummified Hand","Darkstone Periapt"],"potions_floor_usage":[8,8,12,16],"damage_taken":[{"damage":1,"enemies":"2 Louse","floor":1,"turns":3},{"damage":1,"enemies":"Jaw Worm","floor":4,"turns":6},{"damage":16,"enemies":"3 Sentries","floor":6,"turns":13},{"damage":2,"enemies":"Lagavulin","floor":8,"turns":9},{"damage":26,"enemies":"Gremlin Nob","floor":12,"turns":5},{"damage":0,"enemies":"Cultist","floor":14,"turns":3},{"damage":51,"enemies":"Slime Boss","floor":16,"turns":16},{"damage":3,"enemies":"Spheric Guardian","floor":18,"turns":5},{"damage":2,"enemies":"2 Thieves","floor":19,"turns":4},{"damage":12,"enemies":"Snake Plant","floor":21,"turns":5},{"damage":44,"enemies":"Gremlin Leader","floor":24,"turns":6}],"seed_played":"-8424438339892077922","potions_obtained":[{"floor":1,"key":"FearPotion"},{"floor":8,"key":"Strength Potion"},{"floor":14,"key":"SpeedPotion"}],"is_trial":false,"path_per_floor":["M","$","?","M","$","E","?","E","T","R","?","E","?","M","R","B",null,"M","M","$","M","T","R"],"character_chosen":"THE_SILENT","items_purchased":["Cloak And Dagger","Mummified Hand","Cloak And Dagger"],"campfire_rested":1,"item_purchase_floors":[5,20,20],"current_hp_per_floor":[58,58,63,62,62,46,46,44,44,44,44,19,19,20,56,6,57,55,54,54,43,43,43,0],"gold":105,"neow_bonus":"THREE_SMALL_POTIONS","is_prod":false,"is_daily":false,"chose_seed":false,"campfire_upgraded":2,"win_rate":0,"timestamp":1533047016,"path_taken":["M","$","?","M","$","E","?","E","T","R","?","E","?","M","R","BOSS","M","M","$","?","?","R","E"],"build_version":"2018-07-26","purchased_purges":0,"victory":false,"max_hp_per_floor":[66,66,71,71,71,71,71,71,71,71,71,72,72,73,73,74,74,75,76,76,77,77,77,77],"card_choices":[{"not_picked":["Tactician","Underhanded Strike"],"picked":"Dash","floor":1},{"not_picked":["Concentrate","Outmaneuver"],"picked":"Well Laid Plans","floor":4},{"not_picked":["All Out Attack","PiercingWail"],"picked":"Adrenaline","floor":6},{"not_picked":["Outmaneuver","Tactician"],"picked":"PiercingWail","floor":8},{"not_picked":["Flechettes","All Out Attack"],"picked":"Poisoned Stab","floor":12},{"not_picked":["Flying Knee","Terror"],"picked":"Dagger Spray","floor":14},{"not_picked":["Burst","Tools of the Trade"],"picked":"Die Die Die","floor":16},{"not_picked":["Tactician","Quick Slash","Expertise"],"picked":"SKIP","floor":18},{"not_picked":["Calculated Gamble","Quick Slash"],"picked":"Dagger Throw+1","floor":19},{"not_picked":["Masterful Stab+1","Prepared","Quick Slash"],"picked":"SKIP","floor":21},{"not_picked":["Masterful Stab+1","Quick Slash"],"picked":"Prepared","floor":21}],"player_experience":1213404,"relics_obtained":[{"floor":6,"key":"Tingsha"},{"floor":8,"key":"Regal Pillow"},{"floor":9,"key":"Nunchaku"},{"floor":12,"key":"Anchor"},{"floor":22,"key":"Darkstone Periapt"}],"event_choices":[{"event_name":"Big Fish","player_choice":"Donut","floor":3,"damage_taken":0},{"event_name":"Dead Adventurer","player_choice":"Searched \u00272\u0027 times","floor":7,"damage_taken":0},{"event_name":"FaceTrader","player_choice":"Trade","floor":11,"damage_taken":0},{"event_name":"Scrap Ooze","player_choice":"unsuccessful","floor":13,"damage_taken":0}],"is_beta":false,"boss_relics":[{"not_picked":["Busted Crown","Pandora\u0027s Box"],"picked":"Astrolabe"}],"items_purged_floors":[],"is_endless":false,"potions_floor_spawned":[1,8,14],"killed_by":"Gremlin Leader","ascension_level":15}