{"path_per_floor":["M","?","M","?","$","E","M","M","T","M","M","$","M","M","R","B",null,"M","$","?","M","M","R","E","R","T","R","M","M","M","?","R","B",null,"M","M","M","$","M","R","E","R","T","?","M","M","R","M","R"],"character_chosen":"DEFECT","items_purchased":["Gash","Scrape","Go for the Eyes","Doom and Gloom","Potion Belt"],"gold_per_floor":[109,59,74,74,74,108,122,133,186,204,215,47,60,72,72,174,174,194,66,66,76,89,89,121,121,144,144,158,178,189,114,114,210,210,223,236,253,9,24,24,58,58,81,81,96,111,111,123,123,123],"floor_reached":50,"campfire_rested":7,"playtime":3891,"item_purchase_floors":[12,12,19,19,38],"current_hp_per_floor":[72,72,72,60,60,52,50,49,49,47,50,50,45,41,63,59,75,70,70,54,42,33,55,41,63,63,63,56,47,41,41,63,28,75,60,46,43,43,32,54,44,66,66,57,49,40,62,62,62,0],"items_purged":["Strike_B","Decay"],"gold":123,"score":577,"play_id":"5d604767-b941-4dc6-9117-04e421e2f0e4","local_time":"20180604084048","is_prod":false,"is_daily":false,"chose_seed":false,"is_ascension_mode":true,"campfire_upgraded":2,"win_rate":0,"timestamp":1528116048,"campfire_choices":[{"floor":15,"key":"REST"},{"floor":23,"key":"REST"},{"floor":25,"key":"REST"},{"data":"Scrape","floor":27,"key":"SMITH"},{"floor":32,"key":"REST"},{"floor":40,"key":"REST"},{"floor":42,"key":"REST"},{"floor":47,"key":"REST"},{"data":"Electrodynamics","floor":49,"key":"SMITH"}],"path_taken":["M","?","M","?","$","E","M","M","T","M","M","$","M","M","R","BOSS","M","$","?","M","M","R","E","R","T","R","M","M","M","?","R","BOSS","M","?","M","$","M","R","E","R","T","?","M","?","R","M","R","BOSS"],"build_version":"2018-05-31","seed_source_timestamp":308247534153548,"purchased_purges":2,"victory":false,"master_deck":["Strike_B","Defend_B","Defend_B","Defend_B","Defend_B","Zap","Dualcast","Cold Snap","Static Discharge","Self Repair","Capacitor","FTL+1","Gash+1","Streamline","Redo","Gash","Scrape+1","Gash","Gash","Electrodynamics+1","Chaos","Go for the Eyes","Doom and Gloom","Steam","Stack+1","Steam","Darkness+1","Beam Cell","Redo+1","Go for the Eyes","Buffer","Compile Driver","Fusion+1","Gash+1","Streamline+1","Loop+1","Gash","Auto Shields+1","Doubt","Madness","Madness","Leap","Fission","Conserve Battery","Rebound+1"],"max_hp_per_floor":[75,75,75,75,75,75,75,75,75,75,75,75,75,75,75,75,75,75,75,75,75,75,75,75,75,75,75,75,75,75,75,75,75,75,75,75,75,75,75,75,75,75,75,75,75,75,75,75,75,75],"relics":["Cracked Core","Shuriken","Art of War","Orichalcum","Cursed Key","Enchiridion","Bottled Tornado","Dream Catcher","White Beast Statue","Potion Belt","Letter Opener","Whetstone"],"card_choices":[{"not_picked":["Coolheaded","Ball Lightning"],"picked":"Cold Snap","floor":0},{"not_picked":["Reinforced Body","Beam Cell"],"picked":"Static Discharge","floor":1},{"not_picked":["Ball Lightning","Hologram"],"picked":"Self Repair","floor":3},{"not_picked":["Lockon","Melter"],"picked":"Capacitor","floor":6},{"not_picked":["Recycle","Blizzard"],"picked":"FTL","floor":7},{"not_picked":["Go for the Eyes","Beam Cell"],"picked":"Gash","floor":8},{"not_picked":["Turbo","Hologram"],"picked":"Streamline","floor":10},{"not_picked":["Reboot","Recycle"],"picked":"Redo","floor":11},{"not_picked":["Blizzard","BootSequence"],"picked":"Gash","floor":13},{"not_picked":["Ball Lightning","Sweeping Beam"],"picked":"Gash","floor":14},{"not_picked":["Seek","Thunder Strike"],"picked":"Electrodynamics","floor":16},{"not_picked":["Steam Power","Undo+1"],"picked":"Chaos","floor":18},{"not_picked":["Barrage","Rebound+1"],"picked":"Steam","floor":21},{"not_picked":["Sweeping Beam","Heatsinks"],"picked":"Stack+1","floor":22},{"not_picked":["Ball Lightning+1","Streamline+1"],"picked":"Steam","floor":24},{"not_picked":["Reboot","Reprogram+1"],"picked":"Darkness+1","floor":28},{"not_picked":["Compile Driver+1","Conserve Battery"],"picked":"Beam Cell","floor":29},{"not_picked":["Conserve Battery","Ball Lightning"],"picked":"Redo+1","floor":30},{"not_picked":["Cold Snap","Redo"],"picked":"Go for the Eyes","floor":32},{"not_picked":["Thunder Strike","Reboot"],"picked":"Buffer","floor":33},{"not_picked":["Auto Shields","Hologram"],"picked":"Compile Driver","floor":35},{"not_picked":["Reinforced Body+1","Coolheaded+1"],"picked":"Fusion+1","floor":36},{"not_picked":["Beam Cell+1","Cold Snap+1"],"picked":"Gash+1","floor":37},{"not_picked":["Force Field","Darkness"],"picked":"Streamline+1","floor":39},{"not_picked":["Compile Driver+1","Steam Power"],"picked":"Loop+1","floor":40},{"not_picked":["Lockon","Compile Driver"],"picked":"Gash","floor":41},{"not_picked":["Rebound+1","Consume"],"picked":"Auto Shields+1","floor":42},{"not_picked":["Hologram","Compile Driver"],"picked":"Leap","floor":45},{"not_picked":["Undo+1","Hologram+1"],"picked":"Fission","floor":46},{"not_picked":["Sweeping Beam","Turbo+1"],"picked":"Conserve Battery","floor":47},{"not_picked":["Compile Driver+1","Blizzard+1"],"picked":"Rebound+1","floor":48}],"player_experience":314802,"potions_floor_usage":[14,16,16,22,33,41,41,46,46,46,48,50,50],"damage_taken":[{"damage":3,"enemies":"Jaw Worm","floor":1,"turns":3},{"damage":0,"enemies":"Small Slimes","floor":3,"turns":3},{"damage":15,"enemies":"Lagavulin","floor":6,"turns":7},{"damage":9,"enemies":"2 Louse","floor":7,"turns":3},{"damage":8,"enemies":"2 Fungi Beasts","floor":8,"turns":3},{"damage":9,"enemies":"Large Slime","floor":10,"turns":6},{"damage":4,"enemies":"3 Louse","floor":11,"turns":4},{"damage":12,"enemies":"2 Fungi Beasts","floor":13,"turns":4},{"damage":4,"enemies":"Looter","floor":14,"turns":2},{"damage":11,"enemies":"Slime Boss","floor":16,"turns":7},{"damage":5,"enemies":"Spheric Guardian","floor":18,"turns":3},{"damage":19,"enemies":"3 Byrds","floor":21,"turns":4},{"damage":16,"enemies":"3 Cultists","floor":22,"turns":5},{"damage":21,"enemies":"Slavers","floor":24,"turns":4},{"damage":14,"enemies":"Snake Plant","floor":28,"turns":4},{"damage":9,"enemies":"Snecko","floor":29,"turns":4},{"damage":6,"enemies":"3 Cultists","floor":30,"turns":3},{"damage":42,"enemies":"Collector","floor":33,"turns":9},{"damage":15,"enemies":"Orb Walker","floor":35,"turns":3},{"damage":14,"enemies":"3 Darklings","floor":36,"turns":3},{"damage":3,"enemies":"4 Shapes","floor":37,"turns":2},{"damage":18,"enemies":"Sphere and 2 Shapes","floor":39,"turns":4},{"damage":24,"enemies":"2 Orb Walkers","floor":41,"turns":4},{"damage":15,"enemies":"3 Darklings","floor":45,"turns":3},{"damage":31,"enemies":"Maw","floor":46,"turns":9},{"damage":0,"enemies":"Sphere and 2 Shapes","floor":48,"turns":3},{"damage":64,"enemies":"Awakened One","floor":50,"turns":5}],"relics_obtained":[{"floor":6,"key":"Art of War"},{"floor":9,"key":"Orichalcum"},{"floor":20,"key":"Enchiridion"},{"floor":24,"key":"Bottled Tornado"},{"floor":26,"key":"Dream Catcher"},{"floor":41,"key":"Letter Opener"},{"floor":43,"key":"Whetstone"}],"event_choices":[{"event_name":"The Cleric","player_choice":"Card Removal","floor":2,"damage_taken":0},{"event_name":"Scrap Ooze","player_choice":"success","floor":4,"damage_taken":12},{"event_name":"Cursed Tome","player_choice":"Obtained Book","floor":20,"damage_taken":0},{"event_name":"Beggar","player_choice":"Gave Gold","floor":31,"damage_taken":0},{"event_name":"Winding Halls","player_choice":"Embrace Madness","floor":44,"damage_taken":0}],"boss_relics":[{"not_picked":["Eternal Feather","Philosopher\u0027s Stone"],"picked":"Cursed Key"},{"not_picked":["Runic Dome","Pandora\u0027s Box"],"picked":"White Beast Statue"}],"items_purged_floors":[12,38],"potions_floor_spawned":[1,3,11,13,16,18,29,35,36,37,39,41,45,46,48],"seed_played":"-1961381272372313407","killed_by":"Awakened One","ascension_level":1,"potions_obtained":[{"floor":1,"key":"LiquidBronze"},{"floor":3,"key":"AttackPotion"},{"floor":11,"key":"SkillPotion"},{"floor":16,"key":"GamblersBrew"},{"floor":18,"key":"Energy Potion"},{"floor":29,"key":"Swift Potion"},{"floor":35,"key":"Weak Potion"},{"floor":36,"key":"FocusPotion"},{"floor":39,"key":"AttackPotion"},{"floor":41,"key":"LiquidBronze"},{"floor":45,"key":"Regen Potion"},{"floor":46,"key":"Fire Potion"},{"floor":48,"key":"AttackPotion"}],"is_trial":false}