{"gold_per_floor":[115,128,139,139,139,158,158,29,29,29,53,94,94,108,108,234,234,250,349,363,363,378,378,393,393,393,393,393,493,507,523,523,523],"floor_reached":33,"playtime":1667,"items_purged":["Strike_G"],"score":386,"play_id":"e882db30-9ad3-4827-91df-12f2cdd0601c","local_time":"20190112214508","is_ascension_mode":true,"campfire_choices":[{"data":"Neutralize","floor":7,"key":"SMITH"},{"data":"Dagger Spray","floor":10,"key":"SMITH"},{"data":"Dodge and Roll","floor":13,"key":"SMITH"},{"data":"Bouncing Flask","floor":15,"key":"SMITH"},{"floor":23,"key":"REST"},{"floor":25,"key":"REST"},{"data":"Footwork","floor":27,"key":"SMITH"},{"floor":32,"key":"REST"}],"neow_cost":"NONE","seed_source_timestamp":679163795303594,"circlet_count":0,"master_deck":["AscendersBane","Survivor","Neutralize+1","Backstab","Deadly Poison","Bouncing Flask+1","Dagger Spray+1","Dodge and Roll+1","Malaise","Envenom","Tactician","A Thousand Cuts","Finisher","Riddle With Holes","Tools of the Trade","Doppelganger","Caltrops","Calculated Gamble","PiercingWail","Footwork+1","Leg Sweep"],"relics":["Ring of the Snake","Golden Idol","Singing Bowl","Letter Opener","Pandora\u0027s Box","Enchiridion","Anchor"],"potions_floor_usage":[12,12,24,31,33],"damage_taken":[{"damage":4,"enemies":"Jaw Worm","floor":1,"turns":6},{"damage":0,"enemies":"Small Slimes","floor":2,"turns":3},{"damage":0,"enemies":"Cultist","floor":3,"turns":3},{"damage":4,"enemies":"Blue Slaver","floor":6,"turns":3},{"damage":0,"enemies":"3 Louse","floor":11,"turns":2},{"damage":25,"enemies":"Lagavulin","floor":12,"turns":5},{"damage":1,"enemies":"2 Fungi Beasts","floor":14,"turns":3},{"damage":23,"enemies":"The Guardian","floor":16,"turns":9},{"damage":11,"enemies":"Shell Parasite","floor":18,"turns":4},{"damage":5,"enemies":"Chosen","floor":20,"turns":5},{"damage":13,"enemies":"Centurion and Healer","floor":22,"turns":7},{"damage":16,"enemies":"Snake Plant","floor":24,"turns":2},{"damage":12,"enemies":"Shelled Parasite and Fungi","floor":30,"turns":6},{"damage":14,"enemies":"3 Cultists","floor":31,"turns":5},{"damage":64,"enemies":"Automaton","floor":33,"turns":10}],"seed_played":"-4554494938335989467","potions_obtained":[{"floor":1,"key":"Strength Potion"},{"floor":2,"key":"Weak Potion"},{"floor":12,"key":"SmokeBomb"},{"floor":22,"key":"LiquidBronze"},{"floor":30,"key":"LiquidBronze"},{"floor":31,"key":"EssenceOfSteel"}],"is_trial":false,"path_per_floor":["M","M","M","?","?","M","R","$","T","R","M","E","R","M","R","B",null,"M","?","M","?","M","R","M","R","T","R","?","?","M","M","R","B"],"character_chosen":"THE_SILENT","items_purchased":["Dagger Spray"],"campfire_rested":3,"item_purchase_floors":[8],"current_hp_per_floor":[59,59,59,59,64,60,60,60,60,60,60,37,37,38,38,15,59,50,50,47,31,18,41,25,48,48,48,48,48,38,26,50,0],"gold":523,"neow_bonus":"THREE_CARDS","is_prod":false,"is_daily":false,"chose_seed":false,"campfire_upgraded":5,"win_rate":0,"timestamp":1547297108,"path_taken":["M","M","M","?","?","M","R","?","T","R","M","E","R","M","R","BOSS","M","?","M","?","M","R","M","R","T","R","?","?","?","M","R","BOSS"],"build_version":"2019-01-10","purchased_purges":1,"victory":false,"max_hp_per_floor":[70,70,70,65,70,70,70,70,70,70,70,72,72,74,74,74,74,76,76,78,78,78,78,78,78,78,78,78,78,80,82,82,82],"card_choices":[{"not_picked":["Slice","Dagger Throw"],"picked":"Backstab","floor":0},{"not_picked":["Concentrate","Flechettes"],"picked":"Deadly Poison","floor":1},{"not_picked":["Dagger Throw","PiercingWail"],"picked":"Bouncing Flask","floor":2},{"not_picked":["Poisoned Stab","Accuracy","Calculated Gamble"],"picked":"SKIP","floor":3},{"not_picked":["Outmaneuver","Riddle With Holes","Bane"],"picked":"SKIP","floor":6},{"not_picked":["Outmaneuver","Reflex"],"picked":"Dodge and Roll","floor":11},{"not_picked":["Wraith Form v2","Finisher","Endless Agony"],"picked":"Singing Bowl","floor":12},{"not_picked":["Backflip","Reflex","Quick Slash"],"picked":"Singing Bowl","floor":14},{"not_picked":["Phantasmal Killer","Doppelganger"],"picked":"Malaise","floor":16},{"not_picked":["Bane+1","Quick Slash","Dagger Spray"],"picked":"Singing Bowl","floor":18},{"not_picked":["Quick Slash","All Out Attack","Slice"],"picked":"Singing Bowl","floor":20},{"not_picked":["Heel Hook","Riddle With Holes"],"picked":"PiercingWail","floor":22},{"not_picked":["Dagger Spray+1","Blade Dance"],"picked":"Footwork","floor":24},{"not_picked":["Prepared","A Thousand Cuts","Slice+1"],"picked":"Singing Bowl","floor":30},{"not_picked":["Acrobatics","Underhanded Strike","Accuracy"],"picked":"Singing Bowl","floor":31}],"player_experience":367810,"relics_obtained":[{"floor":9,"key":"Singing Bowl"},{"floor":12,"key":"Letter Opener"},{"floor":21,"key":"Enchiridion"},{"floor":26,"key":"Anchor"}],"event_choices":[{"damage_healed":0,"gold_gain":0,"player_choice":"Lose Max HP","damage_taken":0,"relics_obtained":["Golden Idol"],"max_hp_gain":0,"max_hp_loss":5,"event_name":"Golden Idol","floor":4,"gold_loss":0},{"damage_healed":0,"gold_gain":0,"player_choice":"Donut","damage_taken":0,"max_hp_gain":5,"max_hp_loss":0,"event_name":"Big Fish","floor":5,"gold_loss":0},{"damage_healed":0,"gold_gain":99,"player_choice":"Stole From Cult","damage_taken":0,"max_hp_gain":0,"max_hp_loss":0,"event_name":"Nest","floor":19,"gold_loss":0},{"damage_healed":0,"gold_gain":0,"player_choice":"Obtained Book","damage_taken":16,"max_hp_gain":0,"max_hp_loss":0,"event_name":"Cursed Tome","floor":21,"gold_loss":0},{"damage_healed":0,"gold_gain":0,"player_choice":"Read","damage_taken":0,"max_hp_gain":0,"max_hp_loss":0,"event_name":"The Library","floor":28,"gold_loss":0,"cards_obtained":["Leg Sweep"]},{"damage_healed":0,"gold_gain":100,"player_choice":"Pray","damage_taken":0,"max_hp_gain":0,"max_hp_loss":0,"event_name":"Golden Shrine","floor":29,"gold_loss":0}],"is_beta":false,"boss_relics":[{"not_picked":["Orrery","Coffee Dripper"],"picked":"Pandora\u0027s Box"}],"items_purged_floors":[8],"is_endless":false,"potions_floor_spawned":[1,2,12,22,30,31],"killed_by":"Automaton","ascension_level":11}