{"gold_per_floor":[113,38,38,38,50,50,69,97,97,97,97,121,121,142,142,232,232,247,268,268,12,12,12,32,32],"floor_reached":25,"playtime":1273,"items_purged":["Strike_B"],"score":342,"play_id":"c0343b24-1622-4ac3-ad8f-0f9189c4096d","local_time":"20180806143139","is_ascension_mode":true,"campfire_choices":[{"data":"Zap","floor":6,"key":"SMITH"},{"floor":10,"key":"REST"},{"floor":13,"key":"REST"},{"floor":15,"key":"REST"},{"floor":23,"key":"REST"}],"neow_cost":"NONE","seed_source_timestamp":1025197538349020,"circlet_count":0,"master_deck":["Zap+1","Dualcast","AscendersBane","Coolheaded","Doom and Gloom","Blizzard","Loop","Glacier","Multi-Cast","Creative AI","Rebound","Doom and Gloom","Coolheaded","Compile Driver","Rebound","FTL","Go for the Eyes","Glacier","Apotheosis","BootSequence","Hologram"],"relics":["White Beast Statue","Dodecahedron","Art of War","Omamori","Golden Idol","Pandora\u0027s Box"],"potions_floor_usage":[5,12,16,18],"damage_taken":[{"damage":6,"enemies":"Cultist","floor":1,"turns":4},{"damage":5,"enemies":"Jaw Worm","floor":5,"turns":6},{"damage":10,"enemies":"Small Slimes","floor":7,"turns":3},{"damage":26,"enemies":"3 Sentries","floor":8,"turns":8},{"damage":13,"enemies":"Looter","floor":12,"turns":3},{"damage":5,"enemies":"Exordium Wildlife","floor":14,"turns":6},{"damage":54,"enemies":"Hexaghost","floor":16,"turns":15},{"damage":7,"enemies":"Chosen","floor":18,"turns":5},{"damage":25,"enemies":"Shell Parasite","floor":19,"turns":8},{"damage":5,"enemies":"Chosen and Byrds","floor":24,"turns":8},{"damage":41,"enemies":"Slaver and Parasite","floor":25,"turns":4}],"seed_played":"-6869431852408392537","potions_obtained":[{"floor":1,"key":"SkillPotion"},{"floor":5,"key":"Poison Potion"},{"floor":7,"key":"Poison Potion"},{"floor":8,"key":"Swift Potion"},{"floor":12,"key":"PowerPotion"},{"floor":14,"key":"Ancient Potion"},{"floor":16,"key":"PowerPotion"},{"floor":18,"key":"Block Potion"},{"floor":22,"key":"Ancient Potion"}],"is_trial":false,"path_per_floor":["M","$","T","$","M","R","M","E","T","R","?","M","R","M","R","B",null,"M","M","?","$","?","R","M"],"character_chosen":"DEFECT","items_purchased":["Apotheosis","BootSequence"],"campfire_rested":4,"item_purchase_floors":[21,21],"current_hp_per_floor":[58,58,58,58,53,53,43,17,17,38,38,25,44,39,58,4,51,44,19,19,19,19,38,33,0],"gold":32,"neow_bonus":"BOSS_RELIC","is_prod":false,"is_daily":false,"chose_seed":false,"campfire_upgraded":1,"win_rate":0,"timestamp":1533580299,"path_taken":["M","$","?","?","?","R","M","E","T","R","?","M","R","M","R","BOSS","M","M","?","?","?","R","M","M"],"build_version":"2018-08-02","purchased_purges":1,"victory":false,"max_hp_per_floor":[71,71,71,71,71,71,71,71,71,71,66,66,66,66,66,66,66,66,66,66,66,66,66,66,66],"card_choices":[{"not_picked":["Steam","Aggregate"],"picked":"Coolheaded","floor":1},{"not_picked":["Beam Cell","Redo"],"picked":"Doom and Gloom","floor":5},{"not_picked":["Go for the Eyes","Rebound"],"picked":"Blizzard","floor":7},{"not_picked":["Consume","Hologram"],"picked":"Loop","floor":8},{"not_picked":["Genetic Algorithm","Sunder"],"picked":"Glacier","floor":12},{"not_picked":["Ball Lightning","Static Discharge"],"picked":"Multi-Cast","floor":14},{"not_picked":["All For One","Biased Cognition"],"picked":"Creative AI","floor":16},{"not_picked":["Beam Cell","Darkness","Steam Power"],"picked":"SKIP","floor":18},{"not_picked":["Reinforced Body","Conserve Battery"],"picked":"Glacier","floor":19},{"not_picked":["Gash","Go for the Eyes"],"picked":"Hologram","floor":24}],"player_experience":1459218,"relics_obtained":[{"floor":3,"key":"Dodecahedron"},{"floor":8,"key":"Art of War"},{"floor":9,"key":"Omamori"}],"event_choices":[{"event_name":"Golden Idol","player_choice":"Lose Max HP","floor":11,"damage_taken":0},{"event_name":"Drug Dealer","player_choice":"Ignored","floor":20,"damage_taken":0},{"event_name":"The Lab","player_choice":"Got Potions","floor":22,"damage_taken":0}],"is_beta":false,"boss_relics":[{"not_picked":["Runic Pyramid","Runic Dome"],"picked":"Pandora\u0027s Box"}],"items_purged_floors":[2],"is_endless":false,"potions_floor_spawned":[1,5,7,8,12,14,16,18,19,24],"killed_by":"Slaver and Parasite","ascension_level":14}