{"gold_per_floor":[109,123,133,149,74,74,103,103,156,156,56,56,56,86,86,186,186,206,206,206,206,224,224,238,253,253,128,128,141,141,141,141,141],"floor_reached":33,"playtime":1671,"items_purged":["Strike_R","Strike_R","Strike_R"],"score":243,"play_id":"7267b7d8-0c5a-4f83-9d64-19bc5c111859","local_time":"20180703102706","is_ascension_mode":false,"campfire_choices":[{"data":"Double Tap","floor":6,"key":"SMITH"},{"data":"Carnage","floor":8,"key":"SMITH"},{"data":"Bash","floor":10,"key":"SMITH"},{"data":"Dropkick","floor":12,"key":"SMITH"},{"data":"Thunderclap","floor":15,"key":"SMITH"},{"data":"Dropkick","floor":23,"key":"SMITH"},{"data":"Dropkick","floor":30,"key":"SMITH"},{"floor":32,"key":"REST"}],"neow_cost":"NONE","seed_source_timestamp":743343559721869,"circlet_count":0,"master_deck":["Strike_R","Strike_R","Defend_R","Defend_R","Defend_R","Defend_R","Bash+1","Double Tap+1","Dropkick+1","Carnage+1","Thunderclap+1","Dropkick+1","Impervious","Dropkick+1"],"relics":["Burning Blood","Letter Opener","Singing Bowl","Sozu","Pen Nib","Pantograph"],"potions_floor_usage":[16,16],"damage_taken":[{"damage":0,"enemies":"Small Slimes","floor":1,"turns":4},{"damage":6,"enemies":"2 Louse","floor":2,"turns":2},{"damage":6,"enemies":"Jaw Worm","floor":3,"turns":2},{"damage":6,"enemies":"Exordium Wildlife","floor":4,"turns":2},{"damage":27,"enemies":"3 Sentries","floor":7,"turns":6},{"damage":38,"enemies":"Slime Boss","floor":16,"turns":8},{"damage":20,"enemies":"Shell Parasite","floor":18,"turns":3},{"damage":24,"enemies":"Spheric Guardian","floor":22,"turns":5},{"damage":16,"enemies":"Snake Plant","floor":24,"turns":3},{"damage":9,"enemies":"Cultist and Chosen","floor":25,"turns":5},{"damage":0,"enemies":"3 Cultists","floor":29,"turns":3},{"damage":88,"enemies":"Automaton","floor":33,"turns":6}],"seed_played":"2694316400016138823","potions_obtained":[{"floor":4,"key":"PowerPotion"},{"floor":7,"key":"AttackPotion"},{"floor":16,"key":"GamblersBrew"}],"is_trial":false,"path_per_floor":["M","M","M","M","$","R","E","R","T","R","$","R","?","?","R","B",null,"M","?","?","?","M","R","M","M","T","$","T","M","R","$","R"],"character_chosen":"IRONCLAD","items_purchased":[],"campfire_rested":1,"item_purchase_floors":[],"current_hp_per_floor":[80,80,80,80,80,80,59,59,59,59,59,59,80,80,80,48,80,68,68,68,52,36,36,26,25,25,25,25,33,33,33,59,0],"gold":141,"neow_bonus":"ONE_RANDOM_RARE_CARD","is_prod":false,"is_daily":false,"chose_seed":false,"campfire_upgraded":7,"win_rate":0,"timestamp":1530628026,"path_taken":["M","M","M","M","$","R","E","R","T","R","$","R","?","?","R","BOSS","M","?","?","?","M","R","?","M","T","?","?","?","R","$","R","BOSS"],"build_version":"2018-06-28","purchased_purges":3,"victory":false,"max_hp_per_floor":[80,80,80,80,80,80,80,80,80,80,80,80,80,80,80,80,80,82,82,82,82,84,84,84,86,86,86,86,88,88,88,88,88],"card_choices":[{"not_picked":["Body Slam","Warcry"],"picked":"Dropkick","floor":1},{"not_picked":["Wild Strike","Armaments"],"picked":"Carnage","floor":2},{"not_picked":["Metallicize","Evolve"],"picked":"Thunderclap","floor":3},{"not_picked":["Uppercut","Pummel"],"picked":"Dropkick","floor":4},{"not_picked":["Shockwave","Twin Strike","Feel No Pain"],"picked":"SKIP","floor":7},{"not_picked":["Bludgeon","Double Tap"],"picked":"Impervious","floor":16},{"not_picked":["Feel No Pain","Sever Soul","Perfected Strike"],"picked":"Singing Bowl","floor":18},{"not_picked":["Clash","Warcry","Disarm"],"picked":"Singing Bowl","floor":22},{"not_picked":["Battle Trance","Warcry"],"picked":"Dropkick","floor":24},{"not_picked":["True Grit","Feed","Clash"],"picked":"Singing Bowl","floor":25},{"not_picked":["Armaments","Wild Strike","Pummel"],"picked":"Singing Bowl","floor":29}],"player_experience":935489,"relics_obtained":[{"floor":7,"key":"Letter Opener"},{"floor":9,"key":"Singing Bowl"},{"floor":26,"key":"Pen Nib"},{"floor":28,"key":"Pantograph"}],"event_choices":[{"event_name":"Big Fish","player_choice":"Banana","floor":13,"damage_taken":0},{"event_name":"Dead Adventurer","player_choice":"Searched \u00271\u0027 times","floor":14,"damage_taken":0},{"event_name":"Drug Dealer","player_choice":"Ignored","floor":19,"damage_taken":0},{"event_name":"The Mausoleum","player_choice":"No","floor":20,"damage_taken":0},{"event_name":"Cursed Tome","player_choice":"Obtained Book","floor":21,"damage_taken":0}],"boss_relics":[{"not_picked":["Busted Crown","Calling Bell"],"picked":"Sozu"}],"items_purged_floors":[5,11,27],"is_endless":false,"potions_floor_spawned":[4,7,16,18,22,29],"killed_by":"Automaton","ascension_level":0}