{"gold_per_floor":[111,125,145,145,161,161,171,171,171,247,264,264,264,299,299,398,398,414,113,127,144,144],"floor_reached":22,"playtime":1286,"items_purged":["Doom and Gloom"],"score":238,"play_id":"6162c8d6-deb8-49fa-915a-cc9ae2821672","local_time":"20190110170439","is_ascension_mode":false,"campfire_choices":[{"data":"Zap","floor":8,"key":"SMITH"},{"data":"Ball Lightning","floor":12,"key":"SMITH"},{"data":"Conserve Battery","floor":15,"key":"SMITH"}],"neow_cost":"NONE","seed_source_timestamp":1748692427025307,"circlet_count":0,"master_deck":["Strike_B","Strike_B","Strike_B","Strike_B","Defend_B","Defend_B","Defend_B","Defend_B","Zap+1","Dualcast","Ball Lightning+1","Conserve Battery+1","Rebound","Electrodynamics","Ball Lightning","Defragment","Static Discharge","Defragment+1"],"relics":["Cracked Core","Ginger","Darkstone Periapt","White Beast Statue","Membership Card"],"potions_floor_usage":[20,21],"damage_taken":[{"damage":15,"enemies":"Cultist","floor":1,"turns":4},{"damage":3,"enemies":"Jaw Worm","floor":2,"turns":3},{"damage":0,"enemies":"Small Slimes","floor":3,"turns":2},{"damage":0,"enemies":"Looter","floor":5,"turns":3},{"damage":5,"enemies":"Gremlin Gang","floor":7,"turns":2},{"damage":9,"enemies":"Blue Slaver","floor":11,"turns":3},{"damage":19,"enemies":"Gremlin Nob","floor":14,"turns":4},{"damage":0,"enemies":"Slime Boss","floor":16,"turns":7},{"damage":17,"enemies":"Spheric Guardian","floor":18,"turns":4},{"damage":20,"enemies":"2 Thieves","floor":20,"turns":3},{"damage":21,"enemies":"Shelled Parasite and Fungi","floor":21,"turns":5},{"damage":36,"enemies":"Snecko","floor":22,"turns":5}],"seed_played":"-2057364573437589636","potions_obtained":[{"floor":2,"key":"GamblersBrew"},{"floor":5,"key":"Energy Potion"},{"floor":11,"key":"GamblersBrew"},{"floor":20,"key":"Fire Potion"},{"floor":21,"key":"Swift Potion"}],"is_trial":false,"path_per_floor":["M","M","M","$","M","?","M","R","T","?","M","R","?","E","R","B",null,"M","$","M","M","M"],"character_chosen":"DEFECT","items_purchased":["Defragment","Membership Card"],"campfire_rested":0,"item_purchase_floors":[19,19],"current_hp_per_floor":[67,64,64,64,64,64,59,59,59,59,50,50,50,31,31,31,82,65,65,45,24,0],"gold":144,"neow_bonus":"TEN_PERCENT_HP_BONUS","is_prod":false,"is_daily":false,"chose_seed":false,"campfire_upgraded":3,"win_rate":0,"timestamp":1547168679,"path_taken":["M","M","M","?","M","?","?","R","T","?","M","R","?","E","R","BOSS","M","$","M","M","M"],"build_version":"2019-01-03v4","purchased_purges":1,"victory":false,"max_hp_per_floor":[82,82,82,82,82,82,82,82,82,82,82,82,82,82,82,82,82,82,82,82,82,82],"card_choices":[{"not_picked":["Beam Cell","Stack"],"picked":"Ball Lightning","floor":1},{"not_picked":["Hologram","Hello World"],"picked":"Reprogram","floor":2},{"not_picked":["Coolheaded","Hologram"],"picked":"Conserve Battery","floor":3},{"not_picked":["Stack","Rebound"],"picked":"Doom and Gloom","floor":5},{"not_picked":["Stack","Leap","Sweeping Beam"],"picked":"SKIP","floor":7},{"not_picked":["Steam","Streamline","Recycle"],"picked":"SKIP","floor":11},{"not_picked":["Core Surge","Steam","Consume"],"picked":"SKIP","floor":14},{"not_picked":["Echo Form","Multi-Cast"],"picked":"Electrodynamics","floor":16},{"not_picked":["Cold Snap","Hello World"],"picked":"Ball Lightning","floor":18},{"not_picked":["FTL+1","Compile Driver"],"picked":"Static Discharge","floor":20},{"not_picked":["Stack","Aggregate"],"picked":"Defragment+1","floor":21}],"player_experience":107010,"relics_obtained":[{"floor":9,"key":"Ginger"},{"floor":14,"key":"Darkstone Periapt"}],"event_choices":[{"damage_healed":0,"gold_gain":0,"cards_transformed":["Reprogram"],"player_choice":"Transformed","damage_taken":0,"max_hp_gain":0,"max_hp_loss":0,"event_name":"Transmorgrifier","floor":6,"gold_loss":0,"cards_obtained":["Rebound"]},{"damage_healed":0,"gold_gain":76,"player_choice":"Gained Gold","damage_taken":0,"max_hp_gain":0,"max_hp_loss":0,"event_name":"Golden Wing","floor":10,"gold_loss":0},{"damage_healed":0,"gold_gain":0,"player_choice":"Ignored","damage_taken":0,"max_hp_gain":0,"max_hp_loss":0,"event_name":"Golden Idol","floor":13,"gold_loss":0}],"is_beta":false,"boss_relics":[{"not_picked":["Calling Bell","Runic Dome"],"picked":"White Beast Statue"}],"items_purged_floors":[19],"is_endless":false,"potions_floor_spawned":[2,5,11,14,18,20,21],"killed_by":"Snecko","ascension_level":0}