{"gold_per_floor":[110,110,127,127,143,143,61,61,87,87,105,105,105,118,118,249,249,263,236,38,0,23,23,56,56,81,81,106,106,21,35,35,158,221,246,246],"floor_reached":36,"playtime":2973,"items_purged":[],"score":428,"play_id":"70438058-9067-49e0-a42a-acd0b5cfd729","local_time":"20190211165608","is_ascension_mode":true,"campfire_choices":[{"floor":6,"key":"REST"},{"floor":12,"key":"REST"},{"data":"Footwork","floor":15,"key":"SMITH"},{"floor":23,"key":"REST"},{"floor":25,"key":"REST"},{"floor":27,"key":"REST"},{"floor":32,"key":"REST"}],"neow_cost":"NONE","seed_source_timestamp":2604308434218465,"circlet_count":0,"master_deck":["Defend_G","Defend_G","Defend_G","Defend_G","Defend_G+1","Strike_G","Strike_G","Strike_G","Strike_G","Survivor","Neutralize+1","Bouncing Flask","Bane","Cloak And Dagger","PiercingWail","Malaise","Injury","Footwork+1","Escape Plan","Adrenaline","Terror","Dodge and Roll","Footwork","Thinking Ahead","Slice+1","PiercingWail","Doubt","Blur","Dash","A Thousand Cuts","Backflip","Well Laid Plans"],"relics":["Ring of the Snake","Sundial","Lantern","Golden Idol","The Courier","Cursed Key","Pantograph","Bronze Scales","Blood Vial","Tiny House"],"potions_floor_usage":[16,24,24,33],"damage_taken":[{"damage":0,"enemies":"2 Louse","floor":1,"turns":3},{"damage":10,"enemies":"Small Slimes","floor":3,"turns":4},{"damage":8,"enemies":"Jaw Worm","floor":5,"turns":4},{"damage":21,"enemies":"Exordium Wildlife","floor":11,"turns":7},{"damage":2,"enemies":"3 Louse","floor":14,"turns":4},{"damage":2,"enemies":"The Guardian","floor":16,"turns":11},{"damage":0,"enemies":"Shell Parasite","floor":18,"turns":9},{"damage":16,"enemies":"2 Thieves","floor":19,"turns":5},{"damage":13,"enemies":"Snecko","floor":22,"turns":10},{"damage":65,"enemies":"Slavers","floor":24,"turns":13},{"damage":25,"enemies":"Shelled Parasite and Fungi","floor":28,"turns":6},{"damage":0,"enemies":"Snake Plant","floor":31,"turns":4},{"damage":38,"enemies":"Automaton","floor":33,"turns":19},{"damage":24,"enemies":"3 Shapes","floor":35,"turns":7},{"damage":58,"enemies":"3 Darklings","floor":36,"turns":4}],"seed_played":"8904694113201151539","potions_obtained":[{"floor":3,"key":"Dexterity Potion"},{"floor":5,"key":"AttackPotion"},{"floor":14,"key":"GamblersBrew"},{"floor":16,"key":"Strength Potion"},{"floor":18,"key":"Poison Potion"},{"floor":34,"key":"SpeedPotion"}],"is_trial":false,"path_per_floor":["M","?","M","?","M","R","$","?","T","?","M","R","T","M","R","B",null,"M","M","$","?","M","R","E","R","T","R","M","?","?","M","R","B",null,"M","M"],"character_chosen":"THE_SILENT","items_purchased":["Malaise","Footwork","Thinking Ahead"],"campfire_rested":6,"item_purchase_floors":[7,20,20],"current_hp_per_floor":[70,75,65,58,50,72,72,72,72,72,51,73,73,71,71,69,75,75,59,59,59,46,68,3,25,25,47,22,22,22,24,46,35,80,56,0],"gold":246,"neow_bonus":"TRANSFORM_CARD","is_prod":false,"is_daily":false,"chose_seed":false,"campfire_upgraded":1,"win_rate":0,"timestamp":1549875368,"path_taken":["M","?","M","?","M","R","$","?","T","?","M","R","?","M","R","BOSS","M","M","$","?","M","R","E","R","T","R","M","?","?","M","R","BOSS","M","M"],"build_version":"2019-01-23","purchased_purges":0,"victory":false,"max_hp_per_floor":[70,75,75,75,75,75,75,75,75,75,75,75,75,75,75,75,75,75,75,75,75,75,75,75,75,75,75,75,75,75,75,75,75,80,80,80],"card_choices":[{"not_picked":["Reflex","Flechettes"],"picked":"Bane","floor":1},{"not_picked":["Slice","Dagger Throw"],"picked":"Cloak And Dagger","floor":3},{"not_picked":["Deadly Poison","Acrobatics"],"picked":"PiercingWail","floor":5},{"not_picked":["Bane","Envenom"],"picked":"Footwork","floor":11},{"not_picked":["Dagger Spray","Cloak And Dagger"],"picked":"Escape Plan","floor":14},{"not_picked":["Die Die Die","Night Terror"],"picked":"Adrenaline","floor":16},{"not_picked":["Expertise","Flying Knee"],"picked":"Terror","floor":18},{"not_picked":["Deadly Poison","Tactician"],"picked":"Dodge and Roll","floor":19},{"not_picked":["Dodge and Roll","Calculated Gamble"],"picked":"Slice+1","floor":22},{"not_picked":["Concentrate","Deadly Poison"],"picked":"PiercingWail","floor":24},{"not_picked":["Prepared","Dagger Spray+1"],"picked":"Blur","floor":28},{"not_picked":["Glass Knife","Deflect"],"picked":"Dash","floor":31},{"not_picked":["Malaise","Glass Knife"],"picked":"A Thousand Cuts","floor":33},{"not_picked":["Calculated Gamble+1","Cloak And Dagger+1"],"picked":"Backflip","floor":34},{"not_picked":["Dodge and Roll+1","Escape Plan"],"picked":"Well Laid Plans","floor":35}],"player_experience":69537,"relics_obtained":[{"floor":9,"key":"Lantern"},{"floor":13,"key":"The Courier"},{"floor":24,"key":"Pantograph"},{"floor":26,"key":"Bronze Scales"}],"event_choices":[{"damage_healed":0,"gold_gain":0,"player_choice":"Donut","damage_taken":0,"max_hp_gain":5,"max_hp_loss":0,"event_name":"Big Fish","floor":2,"gold_loss":0},{"damage_healed":0,"gold_gain":0,"player_choice":"Success","damage_taken":7,"relics_obtained":["Sundial"],"max_hp_gain":0,"max_hp_loss":0,"event_name":"Scrap Ooze","floor":4,"gold_loss":0},{"damage_healed":0,"gold_gain":0,"player_choice":"Grow","damage_taken":0,"max_hp_gain":0,"max_hp_loss":0,"event_name":"Living Wall","floor":8,"gold_loss":0,"cards_upgraded":["Neutralize"]},{"damage_healed":0,"gold_gain":0,"player_choice":"Take Wound","damage_taken":0,"relics_obtained":["Golden Idol"],"max_hp_gain":0,"max_hp_loss":0,"event_name":"Golden Idol","floor":10,"gold_loss":0,"cards_obtained":["Injury"]},{"damage_healed":0,"gold_gain":0,"player_choice":"Paid Fearfully","damage_taken":0,"max_hp_gain":0,"max_hp_loss":0,"event_name":"Masked Bandits","floor":21,"gold_loss":38},{"damage_healed":0,"gold_gain":0,"player_choice":"Ignored","damage_taken":0,"max_hp_gain":0,"max_hp_loss":0,"event_name":"Ghosts","floor":29,"gold_loss":0},{"damage_healed":0,"gold_gain":0,"player_choice":"Obtained Relic","damage_taken":0,"relics_obtained":["Blood Vial"],"max_hp_gain":0,"max_hp_loss":0,"event_name":"Addict","floor":30,"gold_loss":85}],"is_beta":false,"boss_relics":[{"not_picked":["HoveringKite","Philosopher\u0027s Stone"],"picked":"Cursed Key"},{"not_picked":["Sozu","Pandora\u0027s Box"],"picked":"Tiny House"}],"items_purged_floors":[],"is_endless":false,"potions_floor_spawned":[3,5,14,16,18,19],"killed_by":"3 Darklings","ascension_level":3}