{"gold_per_floor":[366,376,74,74,91,91,107,107,107,121,139,139,150,163,163,261,261,279,279,279,378,278,278,289,289,313,313,324,353,402,402],"floor_reached":31,"playtime":1058,"items_purged":["Strike_B","Strike_B"],"score":296,"play_id":"3ae9142f-cb9c-4a40-9424-8d159c58ac64","local_time":"20181231083125","is_ascension_mode":true,"campfire_choices":[{"data":"Zap","floor":6,"key":"SMITH"},{"data":"Streamline","floor":12,"key":"SMITH"},{"data":"Barrage","floor":15,"key":"SMITH"},{"data":"Dualcast","floor":23,"key":"SMITH"},{"floor":25,"key":"REST"},{"data":"Conserve Battery","floor":27,"key":"SMITH"}],"neow_cost":"TEN_PERCENT_HP_LOSS","seed_source_timestamp":459611865544657,"circlet_count":0,"master_deck":["Strike_B","Strike_B","Defend_B","Defend_B","Defend_B","Defend_B","Zap+1","Dualcast+1","Barrage+1","Thunder Strike+1","Capacitor","Ball Lightning","Sweeping Beam","Conserve Battery+1","Streamline+1","Conserve Battery","Hologram","Biased Cognition","Hologram","Coolheaded"],"relics":["Cracked Core","Prayer Wheel","Busted Crown","Dodecahedron","Bronze Scales","Pocketwatch","Lantern"],"potions_floor_usage":[16,29,29],"damage_taken":[{"damage":2,"enemies":"Jaw Worm","floor":1,"turns":3},{"damage":0,"enemies":"2 Louse","floor":2,"turns":2},{"damage":4,"enemies":"Cultist","floor":5,"turns":5},{"damage":2,"enemies":"Exordium Thugs","floor":7,"turns":3},{"damage":8,"enemies":"Blue Slaver","floor":10,"turns":2},{"damage":6,"enemies":"Looter","floor":11,"turns":2},{"damage":9,"enemies":"2 Fungi Beasts","floor":13,"turns":2},{"damage":9,"enemies":"3 Louse","floor":14,"turns":3},{"damage":31,"enemies":"Slime Boss","floor":16,"turns":8},{"damage":0,"enemies":"Spheric Guardian","floor":18,"turns":3},{"damage":25,"enemies":"Colosseum Slavers","floor":19,"turns":4},{"damage":5,"enemies":"Chosen","floor":24,"turns":4},{"damage":25,"enemies":"Centurion and Healer","floor":28,"turns":5},{"damage":22,"enemies":"Slavers","floor":29,"turns":4},{"damage":21,"enemies":"Snake Plant","floor":31,"turns":3}],"seed_played":"-1243081809738084061","potions_obtained":[{"floor":1,"key":"Energy Potion"},{"floor":5,"key":"Ancient Potion"},{"floor":11,"key":"Energy Potion"},{"floor":14,"key":"SkillPotion"},{"floor":24,"key":"Explosive Potion"},{"floor":29,"key":"Weak Potion"}],"is_trial":false,"path_per_floor":["M","M","$","?","M","R","M","?","T","M","M","R","M","M","R","B",null,"M","?","T","?","$","R","M","R","T","R","M","E","T","M"],"character_chosen":"DEFECT","items_purchased":["Thunder Strike","Capacitor"],"campfire_rested":1,"item_purchase_floors":[3,3],"current_hp_per_floor":[66,66,66,71,67,67,65,65,65,57,51,51,42,33,33,2,73,73,48,48,48,48,48,43,64,64,64,39,17,17,0],"gold":402,"neow_bonus":"TWO_FIFTY_GOLD","is_prod":false,"is_daily":false,"chose_seed":false,"campfire_upgraded":5,"win_rate":0,"timestamp":1546212685,"path_taken":["M","M","$","?","M","R","M","?","T","M","?","R","M","M","R","BOSS","M","?","?","?","?","R","M","R","T","R","M","E","?","M"],"build_version":"2018-12-20","purchased_purges":2,"victory":false,"max_hp_per_floor":[68,68,68,73,73,73,73,73,73,73,73,73,73,73,73,73,73,73,73,73,73,73,73,73,73,73,73,73,73,73,73],"card_choices":[{"not_picked":["Heatsinks","Compile Driver","Turbo"],"picked":"SKIP","floor":1},{"not_picked":["Stack","Reinforced Body"],"picked":"Barrage","floor":2},{"not_picked":["Gash","Leap"],"picked":"Ball Lightning","floor":5},{"not_picked":["Blizzard","Go for the Eyes"],"picked":"Sweeping Beam","floor":7},{"not_picked":["Sweeping Beam","Rebound"],"picked":"Conserve Battery","floor":10},{"not_picked":["Fission","Undo","Gash"],"picked":"SKIP","floor":10},{"not_picked":["Leap","Compile Driver"],"picked":"Streamline","floor":11},{"not_picked":["Chill","Turbo","Rebound"],"picked":"SKIP","floor":11},{"not_picked":["Go for the Eyes","Gash"],"picked":"Conserve Battery","floor":13},{"not_picked":["Heatsinks","Streamline","Conserve Battery"],"picked":"SKIP","floor":13},{"not_picked":["Compile Driver","Reinforced Body"],"picked":"Hologram","floor":14},{"not_picked":["Stack","Leap","Genetic Algorithm"],"picked":"SKIP","floor":14},{"not_picked":["Meteor Strike","Hyperbeam"],"picked":"Biased Cognition","floor":16},{"not_picked":["Rebound"],"picked":"SKIP","floor":18},{"not_picked":["Streamline"],"picked":"SKIP","floor":18},{"not_picked":["Doom and Gloom"],"picked":"SKIP","floor":24},{"not_picked":["Sweeping Beam"],"picked":"SKIP","floor":24},{"not_picked":[],"picked":"Hologram","floor":28},{"not_picked":["Undo"],"picked":"SKIP","floor":28},{"not_picked":[],"picked":"Coolheaded","floor":29}],"player_experience":282534,"relics_obtained":[{"floor":9,"key":"Prayer Wheel"},{"floor":20,"key":"Dodecahedron"},{"floor":26,"key":"Bronze Scales"},{"floor":29,"key":"Pocketwatch"},{"floor":30,"key":"Lantern"}],"event_choices":[{"damage_healed":0,"gold_gain":0,"player_choice":"Donut","damage_taken":0,"max_hp_gain":5,"max_hp_loss":0,"event_name":"Big Fish","floor":4,"gold_loss":0},{"damage_healed":0,"gold_gain":0,"player_choice":"Grow","damage_taken":0,"max_hp_gain":0,"max_hp_loss":0,"event_name":"Living Wall","floor":8,"gold_loss":0,"cards_upgraded":["Thunder Strike"]},{"damage_healed":0,"gold_gain":0,"player_choice":"Fight","damage_taken":0,"max_hp_gain":0,"max_hp_loss":0,"event_name":"Colosseum","floor":19,"gold_loss":0},{"damage_healed":0,"gold_gain":0,"player_choice":"Fled From Nobs","damage_taken":0,"max_hp_gain":0,"max_hp_loss":0,"event_name":"Colosseum","floor":19,"gold_loss":0},{"damage_healed":0,"gold_gain":99,"player_choice":"Stole From Cult","damage_taken":0,"max_hp_gain":0,"max_hp_loss":0,"event_name":"Nest","floor":21,"gold_loss":0}],"is_beta":false,"boss_relics":[{"not_picked":["Philosopher\u0027s Stone","Runic Dome"],"picked":"Busted Crown"}],"items_purged_floors":[3,22],"is_endless":false,"potions_floor_spawned":[1,5,11,14,24,29],"killed_by":"Snake Plant","ascension_level":4}