{"gold_per_floor":[109,119,132,132,153,153,192,192,192,226,226,266,290,315,315,439,439,457,471,471,471,471,471,485,485,485,498,512,512,523,523,523,618,618,630,47,60,70,90,90,90,90,90,109,124,142,160,172,172,172],"floor_reached":51,"playtime":3654,"items_purged":["Strike_G"],"score":913,"play_id":"563386f7-db4f-4e9a-8366-0e79f24fc81a","local_time":"20180803231846","is_ascension_mode":true,"campfire_choices":[{"floor":6,"key":"REST"},{"floor":8,"key":"REST"},{"floor":11,"key":"REST"},{"floor":15,"key":"REST"},{"data":"Bouncing Flask","floor":23,"key":"SMITH"},{"data":"Malaise","floor":25,"key":"SMITH"},{"data":"Catalyst","floor":29,"key":"SMITH"},{"floor":32,"key":"REST"},{"data":"Noxious Fumes","floor":40,"key":"SMITH"},{"data":"Apotheosis","floor":42,"key":"SMITH"},{"floor":49,"key":"REST"}],"neow_cost":"NONE","seed_source_timestamp":795255148174644,"circlet_count":0,"master_deck":["Defend_G","Defend_G","Defend_G","Defend_G","Defend_G","Strike_G","Strike_G","Strike_G","Strike_G","Survivor","Neutralize+1","Deadly Poison","Bouncing Flask+1","Corpse Explosion","Backstab","Dash","Poisoned Stab","Leg Sweep","Malaise+1","Escape Plan","Crippling Poison","Leg Sweep","Catalyst+1","Caltrops","Corpse Explosion","Backflip+1","Footwork","Dodge and Roll+1","Noxious Fumes+1","Apotheosis+1","Escape Plan","Die Die Die","Blur"],"relics":["Velvet Choker","Bloody Idol","Snake Skull","Happy Flower","Mercury Hourglass","Potion Belt","Lizard Tail","Gremlin Horn","Eternal Feather","HandDrill","Oddly Smooth Stone"],"potions_floor_usage":[10,10,16,18,27,28,28,33,33,35,39,48,48,50,50,50,50],"damage_taken":[{"damage":0,"enemies":"Cultist","floor":1,"turns":4},{"damage":0,"enemies":"Jaw Worm","floor":2,"turns":3},{"damage":6,"enemies":"2 Louse","floor":3,"turns":2},{"damage":14,"enemies":"Looter","floor":5,"turns":3},{"damage":15,"enemies":"3 Sentries","floor":7,"turns":4},{"damage":17,"enemies":"Gremlin Nob","floor":10,"turns":4},{"damage":17,"enemies":"Lagavulin","floor":12,"turns":4},{"damage":0,"enemies":"2 Fungi Beasts","floor":13,"turns":2},{"damage":3,"enemies":"Blue Slaver","floor":14,"turns":3},{"damage":6,"enemies":"The Guardian","floor":16,"turns":7},{"damage":0,"enemies":"Spheric Guardian","floor":18,"turns":4},{"damage":4,"enemies":"2 Thieves","floor":19,"turns":2},{"damage":12,"enemies":"Centurion and Healer","floor":24,"turns":4},{"damage":4,"enemies":"Sentry and Sphere","floor":27,"turns":4},{"damage":21,"enemies":"Slaver and Parasite","floor":28,"turns":8},{"damage":7,"enemies":"Snecko","floor":30,"turns":5},{"damage":63,"enemies":"Automaton","floor":33,"turns":10},{"damage":14,"enemies":"3 Darklings","floor":35,"turns":3},{"damage":4,"enemies":"3 Shapes","floor":37,"turns":2},{"damage":18,"enemies":"3 Darklings","floor":38,"turns":3},{"damage":7,"enemies":"Flame Bruiser 2 Orb","floor":39,"turns":5},{"damage":27,"enemies":"Spire Growth","floor":44,"turns":7},{"damage":23,"enemies":"3 Darklings","floor":45,"turns":4},{"damage":0,"enemies":"Flame Bruiser 2 Orb","floor":46,"turns":5},{"damage":3,"enemies":"Transient","floor":47,"turns":5},{"damage":26,"enemies":"Spire Growth","floor":48,"turns":5},{"damage":31,"enemies":"Donu and Deca","floor":50,"turns":7}],"seed_played":"7926240552870928253","potions_obtained":[{"floor":3,"key":"Weak Potion"},{"floor":5,"key":"FearPotion"},{"floor":10,"key":"Block Potion"},{"floor":13,"key":"Poison Potion"},{"floor":14,"key":"Block Potion"},{"floor":19,"key":"LiquidBronze"},{"floor":21,"key":"Block Potion"},{"floor":21,"key":"Regen Potion"},{"floor":24,"key":"Energy Potion"},{"floor":30,"key":"SteroidPotion"},{"floor":33,"key":"AttackPotion"},{"floor":35,"key":"Dexterity Potion"},{"floor":45,"key":"Swift Potion"},{"floor":46,"key":"Fire Potion"},{"floor":48,"key":"Weak Potion"}],"is_trial":false,"path_per_floor":["M","M","M","?","M","R","E","R","T","E","R","E","M","M","R","B",null,"M","M","?","?","?","R","M","R","T","M","M","R","M","?","R","B",null,"M","$","M","M","M","R","?","R","T","M","M","M","M","M","R","B"],"character_chosen":"THE_SILENT","items_purchased":["Footwork","HandDrill","Regen Potion","EssenceOfSteel","LiquidBronze"],"campfire_rested":6,"item_purchase_floors":[36,36,36,36,36],"current_hp_per_floor":[63,63,57,40,26,47,32,53,53,36,57,40,40,37,58,52,66,66,62,62,62,62,62,55,55,55,56,55,55,53,53,70,12,56,47,47,48,35,47,62,62,70,70,48,30,35,37,16,55,24],"gold":172,"neow_bonus":"BOSS_RELIC","is_prod":false,"is_daily":false,"chose_seed":false,"campfire_upgraded":5,"win_rate":0,"timestamp":1533352726,"path_taken":["M","M","?","?","M","R","E","R","T","E","R","E","M","M","R","BOSS","M","M","?","?","?","R","?","R","T","M","M","R","M","?","R","BOSS","M","$","M","M","M","R","?","R","T","M","M","M","?","M","R","BOSS"],"build_version":"2018-08-02","purchased_purges":1,"victory":true,"max_hp_per_floor":[70,70,70,70,70,70,70,70,70,70,70,70,70,70,70,70,70,70,70,70,70,70,70,70,70,70,70,70,70,70,70,70,70,70,70,70,70,70,70,70,70,70,70,70,70,70,70,70,70,70],"card_choices":[{"not_picked":["Dagger Throw","Dagger Spray"],"picked":"Deadly Poison","floor":1},{"not_picked":["Slice","Backflip"],"picked":"Bouncing Flask","floor":2},{"not_picked":["Tactician","Predator"],"picked":"Corpse Explosion","floor":3},{"not_picked":["Infinite Blades","Blade Dance","Dagger Throw"],"picked":"SKIP","floor":5},{"not_picked":["Sucker Punch","Deflect","Dagger Spray"],"picked":"SKIP","floor":7},{"not_picked":["Masterful Stab","Phantasmal Killer"],"picked":"Backstab","floor":10},{"not_picked":["Bane","Slice"],"picked":"Dash","floor":12},{"not_picked":["All Out Attack","Blade Dance"],"picked":"Poisoned Stab","floor":13},{"not_picked":["Setup","Bane"],"picked":"Leg Sweep","floor":14},{"not_picked":["Grand Finale","Wraith Form v2"],"picked":"Malaise","floor":16},{"not_picked":["Bane","Acrobatics"],"picked":"Escape Plan","floor":18},{"not_picked":["Poisoned Stab","Flying Knee+1"],"picked":"Crippling Poison","floor":19},{"not_picked":["Slice","Prepared+1"],"picked":"Leg Sweep","floor":24},{"not_picked":["Prepared","Burst"],"picked":"Catalyst","floor":27},{"not_picked":["Blade Dance","Slice"],"picked":"Caltrops","floor":28},{"not_picked":["Bane+1","Accuracy+1","Distraction"],"picked":"SKIP","floor":30},{"not_picked":["Wraith Form v2","A Thousand Cuts"],"picked":"Corpse Explosion","floor":33},{"not_picked":["Concentrate+1","Deadly Poison+1"],"picked":"Backflip+1","floor":35},{"not_picked":["Dagger Spray+1","Acrobatics+1"],"picked":"Dodge and Roll+1","floor":37},{"not_picked":["Infinite Blades","Choke+1"],"picked":"Noxious Fumes","floor":38},{"not_picked":["Slice+1","Acrobatics+1","Outmaneuver"],"picked":"SKIP","floor":39},{"not_picked":["Mind Blast","Panacea"],"picked":"Apotheosis","floor":41},{"not_picked":["Accuracy+1","Expertise","Underhanded Strike"],"picked":"SKIP","floor":44},{"not_picked":["Heel Hook","Tactician+1","Acrobatics"],"picked":"SKIP","floor":45},{"not_picked":["Dodge and Roll","Dash"],"picked":"Escape Plan","floor":46},{"not_picked":["Dagger Spray+1","Cloak And Dagger+1"],"picked":"Die Die Die","floor":47},{"not_picked":["Bane","Flechettes+1"],"picked":"Blur","floor":48}],"player_experience":1414095,"relics_obtained":[{"floor":7,"key":"Snake Skull"},{"floor":9,"key":"Happy Flower"},{"floor":10,"key":"Mercury Hourglass"},{"floor":12,"key":"Potion Belt"},{"floor":26,"key":"Gremlin Horn"},{"floor":43,"key":"Oddly Smooth Stone"}],"event_choices":[{"event_name":"Golden Idol","player_choice":"Take Damage","floor":4,"damage_taken":0},{"event_name":"Forgotten Altar","player_choice":"Gave Idol","floor":20,"damage_taken":0},{"event_name":"The Lab","player_choice":"Got Potions","floor":21,"damage_taken":0},{"event_name":"Upgrade Shrine","player_choice":"Upgraded","floor":22,"damage_taken":0},{"event_name":"Cursed Tome","player_choice":"Ignored","floor":31,"damage_taken":0},{"event_name":"SensoryStone","player_choice":"Memory 1","floor":41,"damage_taken":0}],"is_beta":false,"boss_relics":[{"not_picked":["Orrery","Philosopher\u0027s Stone"],"picked":"Lizard Tail"},{"not_picked":["HoveringKite","Astrolabe"],"picked":"Eternal Feather"}],"items_purged_floors":[36],"is_endless":false,"potions_floor_spawned":[3,5,10,13,14,19,24,30,33,35,45,46,48],"ascension_level":8}