{"gold_per_floor":[114,129,2,17,32,32,62,16,41,71,108,150,177,203,215,327,339,366,391,418,445,157,217,217,232,232,232,262,212,242,242,242,342,342,357,357,372,144,159,189,204,234,259,259,289,304,304,334,334,334],"floor_reached":51,"playtime":2024,"items_purged":[],"score":1093,"play_id":"8bd6f707-7735-4301-97f2-594c35d26cd5","local_time":"20181128144806","daily_mods":["Insanity","ControlledChaos","DeadlyEvents"],"is_ascension_mode":false,"campfire_choices":[{"data":"Infinite Blades","floor":6,"key":"SMITH"},{"data":"1","floor":15,"key":"LIFT"},{"floor":24,"key":"REST"},{"floor":27,"key":"REST"},{"data":"2","floor":32,"key":"LIFT"},{"data":"3","floor":44,"key":"LIFT"},{"floor":47,"key":"REST"},{"floor":49,"key":"REST"}],"neow_cost":"","seed_source_timestamp":0,"circlet_count":0,"master_deck":["Backstab","Endless Agony","Flying Knee","Noxious Fumes","Poisoned Stab","Dagger Spray","Catalyst","Heel Hook","Flechettes","Crippling Poison","Outmaneuver","Catalyst","Sucker Punch","Dagger Throw","Outmaneuver","Prepared","Leg Sweep","Deflect","Deadly Poison","Bane","Backstab","Caltrops","Riddle With Holes","Blade Dance","Slice","Catalyst","Backflip+1","Poisoned Stab","Eviscerate","Accuracy","Crippling Poison","Predator","Underhanded Strike","Infinite Blades+1","Acrobatics","Dodge and Roll","Finisher","Sucker Punch","Slice","Flying Knee","Choke","Well Laid Plans","Flying Knee","Distraction","Eviscerate","Choke","PiercingWail","Finisher","PiercingWail","Infinite Blades","Cloak And Dagger+1","Noxious Fumes","Dagger Spray","Dagger Spray","Glass Knife","Deadly Poison","Leg Sweep","Cloak And Dagger","Bouncing Flask","Blur","Adrenaline","Deflect","Masterful Stab+1","Calculated Gamble+1","Skewer+1","Leg Sweep","Venomology","Escape Plan+1","Calculated Gamble","Backstab","PiercingWail+1","Dagger Spray+1","Backflip+1","Night Terror","Shame","Finisher+1","Dagger Spray+1"],"special_seed":17863,"relics":["Ring of the Snake","Frozen Eye","Girya","Art of War","MawBank","Oddly Smooth Stone","Bag of Marbles","Odd Mushroom","Black Star","Red Mask","Lantern","War Paint","Tiny Chest","Blood Vial","Tingsha","PreservedInsect","Vajra","FossilizedHelix","Gambling Chip","Cursed Key","Bronze Scales","Dream Catcher","Centennial Puzzle","Molten Egg 2","Bottled Lightning","Smiling Mask","Dodecahedron","Singing Bowl","Prayer Wheel","StoneCalendar"],"potions_floor_usage":[28,33,33,33,50,50,50],"damage_taken":[{"damage":4,"enemies":"Cultist","floor":1,"turns":3},{"damage":0,"enemies":"2 Louse","floor":2,"turns":1},{"damage":0,"enemies":"Jaw Worm","floor":4,"turns":2},{"damage":0,"enemies":"3 Louse","floor":5,"turns":1},{"damage":8,"enemies":"3 Sentries","floor":7,"turns":5},{"damage":24,"enemies":"Lagavulin","floor":10,"turns":6},{"damage":12,"enemies":"3 Sentries","floor":12,"turns":4},{"damage":0,"enemies":"Blue Slaver","floor":13,"turns":1},{"damage":0,"enemies":"The Mushroom Lair","floor":14,"turns":2},{"damage":4,"enemies":"Hexaghost","floor":16,"turns":9},{"damage":0,"enemies":"3 Byrds","floor":18,"turns":4},{"damage":14,"enemies":"Masked Bandits","floor":19,"turns":4},{"damage":4,"enemies":"Spheric Guardian","floor":20,"turns":3},{"damage":10,"enemies":"Snake Plant","floor":21,"turns":2},{"damage":40,"enemies":"Gremlin Leader","floor":23,"turns":5},{"damage":15,"enemies":"Centurion and Healer","floor":25,"turns":4},{"damage":9,"enemies":"Book of Stabbing","floor":28,"turns":5},{"damage":5,"enemies":"Slavers","floor":30,"turns":2},{"damage":17,"enemies":"Automaton","floor":33,"turns":8},{"damage":0,"enemies":"Orb Walker","floor":35,"turns":1},{"damage":0,"enemies":"3 Darklings","floor":37,"turns":3},{"damage":0,"enemies":"Spire Growth","floor":39,"turns":1},{"damage":0,"enemies":"Giant Head","floor":40,"turns":4},{"damage":34,"enemies":"Writhing Mass","floor":41,"turns":3},{"damage":0,"enemies":"Reptomancer","floor":42,"turns":2},{"damage":0,"enemies":"Giant Head","floor":45,"turns":3},{"damage":4,"enemies":"4 Shapes","floor":46,"turns":6},{"damage":0,"enemies":"Nemesis","floor":48,"turns":1},{"damage":59,"enemies":"Awakened One","floor":50,"turns":8}],"seed_played":"-3448397470738348676","potions_obtained":[{"floor":1,"key":"Dexterity Potion"},{"floor":7,"key":"SpeedPotion"},{"floor":12,"key":"FearPotion"},{"floor":13,"key":"Strength Potion"},{"floor":18,"key":"LiquidBronze"},{"floor":28,"key":"Dexterity Potion"},{"floor":33,"key":"Dexterity Potion"},{"floor":35,"key":"Block Potion"},{"floor":42,"key":"PowerPotion"}],"is_trial":false,"path_per_floor":["M","M","$","M","M","R","E","$","T","E","T","E","M","?","R","B",null,"M","?","M","M","$","E","R","M","T","R","E","$","E","?","R","B",null,"M","?","M","$","M","E","M","E","T","R","E","M","R","E","R","B",null],"character_chosen":"THE_SILENT","items_purchased":["Cloak And Dagger","Noxious Fumes","Deadly Poison","Lantern","War Paint","Block Potion","Backstab","Bronze Scales"],"campfire_rested":4,"item_purchase_floors":[3,3,8,22,22,29,38,38],"current_hp_per_floor":[66,66,66,66,66,66,58,58,58,34,34,22,22,22,22,18,70,70,56,52,42,42,2,23,10,10,31,24,24,21,44,44,29,70,70,70,70,70,70,70,36,38,38,38,42,42,64,68,76,17],"gold":334,"neow_bonus":"","is_prod":false,"is_daily":true,"chose_seed":false,"campfire_upgraded":1,"win_rate":0,"timestamp":1543412886,"path_taken":["M","?","?","M","M","R","E","$","T","E","?","?","M","?","R","BOSS","M","?","?","M","?","E","R","M","T","R","?","$","E","?","R","BOSS","M","?","M","?","M","E","M","?","T","R","?","M","R","E","R","BOSS"],"build_version":"2018-11-15","purchased_purges":0,"victory":true,"max_hp_per_floor":[70,70,70,70,70,70,70,70,70,70,70,70,70,70,70,70,70,70,70,70,70,70,70,70,70,70,70,70,70,70,70,70,70,70,70,70,70,70,70,70,70,70,70,70,72,74,74,76,76,76],"card_choices":[{"not_picked":["Tactician","Bane","Flying Knee"],"picked":"SKIP","floor":1},{"not_picked":["Slice","Outmaneuver"],"picked":"Infinite Blades","floor":2},{"not_picked":["Dodge and Roll","Deflect"],"picked":"Dagger Spray","floor":4},{"not_picked":["Concentrate","Flying Knee"],"picked":"Dagger Spray","floor":5},{"not_picked":["Catalyst","Blur"],"picked":"Glass Knife","floor":7},{"not_picked":["Flying Knee","Grand Finale"],"picked":"Leg Sweep","floor":10},{"not_picked":["Caltrops","Sucker Punch"],"picked":"Cloak And Dagger","floor":12},{"not_picked":["Blade Dance","Dodge and Roll"],"picked":"Bouncing Flask","floor":13},{"not_picked":["PiercingWail","Flying Knee"],"picked":"Blur","floor":14},{"not_picked":["Storm of Steel","Corpse Explosion"],"picked":"Adrenaline","floor":16},{"not_picked":["Bane","Prepared","Outmaneuver"],"picked":"SKIP","floor":18},{"not_picked":["Quick Slash","Deflect","Choke"],"picked":"SKIP","floor":20},{"not_picked":["Quick Slash","Choke"],"picked":"Deflect","floor":20},{"not_picked":["Concentrate","Calculated Gamble+1"],"picked":"Masterful Stab+1","floor":21},{"not_picked":["Storm of Steel","Deadly Poison"],"picked":"Calculated Gamble+1","floor":23},{"not_picked":["Setup+1","Predator","Underhanded Strike"],"picked":"SKIP","floor":25},{"not_picked":["Flying Knee","Burst"],"picked":"Skewer+1","floor":28},{"not_picked":["Slice+1","Crippling Poison"],"picked":"Leg Sweep","floor":30},{"not_picked":["Bullet Time","Tools of the Trade"],"picked":"Venomology","floor":33},{"not_picked":["Choke+1","Backflip"],"picked":"Escape Plan+1","floor":35},{"not_picked":["Dagger Spray+1","Tactician+1"],"picked":"Calculated Gamble","floor":37},{"not_picked":["Predator","Poisoned Stab+1"],"picked":"PiercingWail+1","floor":39},{"not_picked":["Predator","Underhanded Strike"],"picked":"Dagger Spray+1","floor":40},{"not_picked":["Riddle With Holes+1","Flying Knee"],"picked":"Backflip+1","floor":41},{"not_picked":["Tactician+1","Slice"],"picked":"Night Terror","floor":42},{"not_picked":["Noxious Fumes","Terror","Blade Dance+1"],"picked":"Singing Bowl","floor":45},{"not_picked":["Blade Dance+1","Bouncing Flask","Predator+1"],"picked":"Singing Bowl","floor":46},{"not_picked":["Bane+1","Flying Knee+1"],"picked":"Finisher+1","floor":47},{"not_picked":["Reflex+1","Doppelganger","Endless Agony+1"],"picked":"Singing Bowl","floor":48},{"not_picked":["Escape Plan","PiercingWail+1"],"picked":"Dagger Spray+1","floor":49}],"player_experience":1751751,"relics_obtained":[{"floor":7,"key":"Girya"},{"floor":9,"key":"Art of War"},{"floor":10,"key":"MawBank"},{"floor":11,"key":"Oddly Smooth Stone"},{"floor":12,"key":"Bag of Marbles"},{"floor":14,"key":"Odd Mushroom"},{"floor":19,"key":"Red Mask"},{"floor":23,"key":"Tiny Chest"},{"floor":23,"key":"Blood Vial"},{"floor":26,"key":"Tingsha"},{"floor":28,"key":"PreservedInsect"},{"floor":28,"key":"Vajra"},{"floor":30,"key":"FossilizedHelix"},{"floor":30,"key":"Gambling Chip"},{"floor":40,"key":"Dream Catcher"},{"floor":40,"key":"Centennial Puzzle"},{"floor":42,"key":"Molten Egg 2"},{"floor":42,"key":"Bottled Lightning"},{"floor":43,"key":"Smiling Mask"},{"floor":45,"key":"Dodecahedron"},{"floor":45,"key":"Singing Bowl"},{"floor":48,"key":"Prayer Wheel"},{"floor":48,"key":"StoneCalendar"}],"event_choices":[{"damage_healed":0,"gold_gain":0,"player_choice":"Fought Mushrooms","damage_taken":0,"max_hp_gain":0,"max_hp_loss":0,"event_name":"Mushrooms","floor":14,"gold_loss":0},{"damage_healed":0,"gold_gain":0,"player_choice":"Fought Bandits","damage_taken":0,"max_hp_gain":0,"max_hp_loss":0,"event_name":"Masked Bandits","floor":19,"gold_loss":0},{"damage_healed":23,"gold_gain":0,"player_choice":"Heal","damage_taken":0,"max_hp_gain":0,"max_hp_loss":0,"event_name":"The Library","floor":31,"gold_loss":0},{"cards_removed":["Slice"],"damage_healed":0,"gold_gain":0,"player_choice":"Removed Attack","damage_taken":0,"max_hp_gain":0,"max_hp_loss":0,"event_name":"Falling","floor":36,"gold_loss":0}],"is_beta":false,"boss_relics":[{"not_picked":["Coffee Dripper","Empty Cage"],"picked":"Black Star"},{"not_picked":["Sozu","Astrolabe"],"picked":"Cursed Key"}],"items_purged_floors":[],"is_endless":false,"potions_floor_spawned":[1,7,12,13,14,18,21,28,33,35,39,42],"ascension_level":0}