{"gold_per_floor":[115,133,8,21,21,21,21,45,45,45,65,79,79,120,120,244,244,269,287,311,311,325,325,366,366,391,391,410,119,119,132,132,132],"floor_reached":33,"playtime":1683,"items_purged":["Defend_R","Strike_R"],"score":294,"play_id":"05bbfcfa-0c23-4f08-8428-028801fe9056","local_time":"20181211154427","is_ascension_mode":false,"campfire_choices":[{"data":"Armaments","floor":6,"key":"SMITH"},{"data":"Cleave","floor":10,"key":"SMITH"},{"data":"Flex","floor":13,"key":"SMITH"},{"data":"Infernal Blade","floor":15,"key":"SMITH"},{"data":"Bash","floor":23,"key":"SMITH"},{"data":"Ghostly","floor":30,"key":"SMITH"},{"data":"Flame Barrier","floor":32,"key":"SMITH"}],"neow_cost":"TEN_PERCENT_HP_LOSS","seed_source_timestamp":1088049992857599,"circlet_count":0,"master_deck":["Strike_R","Strike_R","Strike_R","Defend_R","Defend_R","Defend_R","Bash+1","Iron Wave","Cleave+1","Shrug It Off","Armaments+1","Flex+1","Infernal Blade+1","Offering","Power Through","Ghostly+1","Ghostly","Ghostly","Ghostly","Ghostly","Flame Barrier+1"],"relics":["Burning Blood","Pocketwatch","Golden Idol","Bird Faced Urn","Busted Crown","Bag of Marbles","Orichalcum","Frozen Egg 2","Sling"],"potions_floor_usage":[14,21,24,24,33,33],"damage_taken":[{"damage":9,"enemies":"Small Slimes","floor":1,"turns":3},{"damage":0,"enemies":"2 Louse","floor":2,"turns":3},{"damage":1,"enemies":"Cultist","floor":4,"turns":3},{"damage":7,"enemies":"Looter","floor":8,"turns":3},{"damage":6,"enemies":"Large Slime","floor":11,"turns":4},{"damage":14,"enemies":"Blue Slaver","floor":12,"turns":3},{"damage":20,"enemies":"Gremlin Nob","floor":14,"turns":4},{"damage":16,"enemies":"Slime Boss","floor":16,"turns":8},{"damage":18,"enemies":"2 Thieves","floor":18,"turns":4},{"damage":6,"enemies":"Spheric Guardian","floor":19,"turns":3},{"damage":9,"enemies":"Snecko","floor":20,"turns":6},{"damage":13,"enemies":"Colosseum Slavers","floor":21,"turns":4},{"damage":9,"enemies":"Centurion and Healer","floor":22,"turns":3},{"damage":17,"enemies":"Slavers","floor":24,"turns":5},{"damage":1,"enemies":"3 Cultists","floor":28,"turns":6},{"damage":8,"enemies":"Snecko","floor":31,"turns":6},{"damage":53,"enemies":"Collector","floor":33,"turns":12}],"seed_played":"1591804473947812546","potions_obtained":[{"floor":4,"key":"Block Potion"},{"floor":8,"key":"EssenceOfSteel"},{"floor":11,"key":"SneckoOil"},{"floor":20,"key":"EssenceOfSteel"},{"floor":22,"key":"PowerPotion"},{"floor":24,"key":"BloodPotion"}],"is_trial":false,"path_per_floor":["M","M","$","M","?","R","?","M","T","R","M","M","R","E","R","B",null,"M","M","M","?","M","R","E","?","T","T","M","$","R","M","R","B"],"character_chosen":"IRONCLAD","items_purchased":["Shrug It Off","Sling"],"campfire_rested":0,"item_purchase_floors":[3,29],"current_hp_per_floor":[69,72,72,72,54,54,54,53,53,53,53,45,45,31,31,21,72,60,60,57,50,47,47,38,36,36,36,36,36,36,34,34,0],"gold":132,"neow_bonus":"ONE_RARE_RELIC","is_prod":false,"is_daily":false,"chose_seed":false,"campfire_upgraded":7,"win_rate":0,"timestamp":1544510667,"path_taken":["M","M","$","M","?","R","?","M","T","R","M","M","R","E","R","BOSS","M","?","M","?","M","R","E","?","T","?","M","$","R","M","R","BOSS"],"build_version":"2018-12-06","purchased_purges":2,"victory":false,"max_hp_per_floor":[72,72,72,72,72,72,72,72,72,72,72,72,72,72,72,72,72,72,72,72,72,72,72,72,36,36,36,36,36,36,36,36,36],"card_choices":[{"not_picked":["Anger","Twin Strike"],"picked":"Iron Wave","floor":1},{"not_picked":["Wild Strike","Battle Trance"],"picked":"Cleave","floor":2},{"not_picked":["Seeing Red","Body Slam"],"picked":"Armaments","floor":4},{"not_picked":["Sentinel","Clothesline"],"picked":"Flex","floor":8},{"not_picked":["Havoc","Headbutt","Clash"],"picked":"SKIP","floor":11},{"not_picked":["Wild Strike","Burning Pact","Dual Wield"],"picked":"SKIP","floor":12},{"not_picked":["Body Slam","Sever Soul"],"picked":"Infernal Blade","floor":14},{"not_picked":["Impervious","Exhume"],"picked":"Offering","floor":16},{"not_picked":["Dual Wield+1"],"picked":"SKIP","floor":18},{"not_picked":["Clash"],"picked":"SKIP","floor":19},{"not_picked":["Sword Boomerang"],"picked":"SKIP","floor":20},{"not_picked":[],"picked":"Power Through","floor":22},{"not_picked":["Iron Wave"],"picked":"SKIP","floor":24},{"not_picked":["Clothesline"],"picked":"SKIP","floor":28},{"not_picked":[],"picked":"Flame Barrier","floor":31}],"player_experience":147115,"relics_obtained":[{"floor":14,"key":"Bird Faced Urn"},{"floor":24,"key":"Bag of Marbles"},{"floor":26,"key":"Orichalcum"},{"floor":27,"key":"Frozen Egg 2"}],"event_choices":[{"damage_healed":0,"gold_gain":0,"player_choice":"Take Damage","damage_taken":18,"relics_obtained":["Golden Idol"],"max_hp_gain":0,"max_hp_loss":0,"event_name":"Golden Idol","floor":5,"gold_loss":0},{"cards_removed":["Strike_R"],"damage_healed":0,"gold_gain":0,"player_choice":"Offered Basic","damage_taken":0,"max_hp_gain":0,"max_hp_loss":0,"event_name":"Bonfire Elementals","floor":7,"gold_loss":0},{"damage_healed":0,"gold_gain":0,"player_choice":"Fight","damage_taken":0,"max_hp_gain":0,"max_hp_loss":0,"event_name":"Colosseum","floor":21,"gold_loss":0},{"damage_healed":0,"gold_gain":0,"player_choice":"Fled From Nobs","damage_taken":0,"max_hp_gain":0,"max_hp_loss":0,"event_name":"Colosseum","floor":21,"gold_loss":0},{"damage_healed":0,"gold_gain":0,"player_choice":"Became a Ghost","damage_taken":0,"max_hp_gain":0,"max_hp_loss":36,"event_name":"Ghosts","floor":25,"gold_loss":0,"cards_obtained":["Ghostly","Ghostly","Ghostly","Ghostly","Ghostly"]}],"is_beta":false,"boss_relics":[{"not_picked":["Orrery","Snecko Eye"],"picked":"Busted Crown"}],"items_purged_floors":[3,29],"is_endless":false,"potions_floor_spawned":[4,8,11,20,22,24],"killed_by":"Collector","ascension_level":0}