{"gold_per_floor":[115,126,51,70,90,106,123,142,142,142,142,142,160,60,60,60],"floor_reached":16,"playtime":506,"items_purged":["Strike_B","Strike_B"],"score":96,"play_id":"85faa0b5-6063-4d59-83f3-1c30b696aa35","local_time":"20190129002849","is_ascension_mode":false,"campfire_choices":[{"data":"Consume","floor":15,"key":"SMITH"}],"neow_cost":"NONE","seed_source_timestamp":190797489317627,"circlet_count":0,"master_deck":["Strike_B","Defend_B","Defend_B","Defend_B","Defend_B","Zap","Dualcast","Conserve Battery","Cold Snap","Loop","Consume+1"],"relics":["Cracked Core","NeowsBlessing"],"potions_floor_usage":[16,16],"damage_taken":[{"damage":0,"enemies":"2 Louse","floor":1,"turns":1},{"damage":0,"enemies":"Jaw Worm","floor":2,"turns":1},{"damage":0,"enemies":"Small Slimes","floor":4,"turns":1},{"damage":2,"enemies":"2 Fungi Beasts","floor":5,"turns":4},{"damage":12,"enemies":"Exordium Wildlife","floor":6,"turns":5},{"damage":7,"enemies":"Large Slime","floor":7,"turns":8},{"damage":3,"enemies":"3 Louse","floor":8,"turns":4},{"damage":5,"enemies":"Exordium Wildlife","floor":13,"turns":5},{"damage":24,"enemies":"The Guardian","floor":16,"turns":6}],"seed_played":"6930587908900102804","potions_obtained":[{"floor":5,"key":"Block Potion"},{"floor":6,"key":"FairyPotion"},{"floor":7,"key":"EssenceOfSteel"}],"is_trial":false,"path_per_floor":["M","M","$","M","M","M","M","M","T","?","T","?","M","$","R","B"],"character_chosen":"DEFECT","items_purchased":[],"campfire_rested":0,"item_purchase_floors":[],"current_hp_per_floor":[75,75,75,75,73,61,54,51,51,51,51,51,46,46,46,22],"gold":60,"neow_bonus":"THREE_ENEMY_KILL","is_prod":false,"is_daily":false,"chose_seed":false,"campfire_upgraded":1,"win_rate":0,"timestamp":1548683929,"path_taken":["M","M","$","M","M","M","M","M","T","?","?","?","M","$","R","BOSS"],"build_version":"2019-01-23","purchased_purges":2,"victory":false,"max_hp_per_floor":[75,75,75,75,75,75,75,75,75,75,75,75,75,75,75,75],"card_choices":[{"not_picked":["Ball Lightning","Stack","Rebound"],"picked":"SKIP","floor":1},{"not_picked":["Steam","Redo"],"picked":"Conserve Battery","floor":2},{"not_picked":["Redo","Compile Driver","Beam Cell"],"picked":"SKIP","floor":4},{"not_picked":["Self Repair","Hello World"],"picked":"Cold Snap","floor":5},{"not_picked":["Undo","Hello World","Redo"],"picked":"SKIP","floor":6},{"not_picked":["Streamline","FTL","Machine Learning"],"picked":"SKIP","floor":7},{"not_picked":["Coolheaded","Rebound"],"picked":"Loop","floor":8},{"not_picked":["Compile Driver","Streamline"],"picked":"Consume","floor":13}],"player_experience":529287,"relics_obtained":[],"event_choices":[{"damage_healed":0,"gold_gain":0,"player_choice":"Fled","damage_taken":0,"max_hp_gain":0,"max_hp_loss":0,"event_name":"Scrap Ooze","floor":10,"gold_loss":0},{"cards_removed":["Strike_B"],"damage_healed":0,"gold_gain":0,"player_choice":"Forget","damage_taken":0,"max_hp_gain":0,"max_hp_loss":0,"event_name":"Living Wall","floor":12,"gold_loss":0}],"is_beta":false,"boss_relics":[],"items_purged_floors":[3,14],"is_endless":false,"potions_floor_spawned":[5,6,7,8],"killed_by":"The Guardian","ascension_level":0}