{"path_per_floor":["M","$","?","M","?","R","?","M","T","R","?","$","M","M","R","B",null,"M","?","M","M","T","R","M","R","T","$","?","M","M","?","R"],"character_chosen":"DEFECT","items_purchased":["Darkness","Capacitor","Cold Snap","Self Repair","Leap"],"gold_per_floor":[113,39,114,126,126,126,126,144,144,144,144,29,45,61,61,161,161,174,174,184,201,201,201,217,217,217,7,7,21,33,63,63,63],"floor_reached":33,"campfire_rested":4,"playtime":1955,"item_purchase_floors":[2,12,12,27,27],"current_hp_per_floor":[75,75,64,63,60,60,60,53,53,53,53,53,50,40,62,28,75,59,59,39,13,13,35,16,38,38,38,24,31,27,27,51,0],"items_purged":["Strike_B"],"gold":63,"score":273,"play_id":"3329ae2e-292b-4832-85d0-9f030c1dce07","local_time":"20180611112103","is_prod":false,"is_daily":false,"chose_seed":false,"is_ascension_mode":true,"campfire_upgraded":2,"win_rate":0,"timestamp":1528730463,"campfire_choices":[{"data":"Darkness","floor":6,"key":"SMITH"},{"data":"Zap","floor":10,"key":"SMITH"},{"floor":15,"key":"REST"},{"floor":23,"key":"REST"},{"floor":25,"key":"REST"},{"floor":32,"key":"REST"}],"path_taken":["M","$","?","M","?","R","?","?","T","R","?","$","M","M","R","BOSS","M","?","?","M","?","R","M","R","T","$","?","?","M","?","R","BOSS"],"build_version":"2018-06-07v3","seed_source_timestamp":402846060546483,"purchased_purges":1,"victory":false,"master_deck":["Strike_B","Strike_B+1","Strike_B+1","Defend_B","Defend_B","Defend_B","Defend_B","Zap","Dualcast","Core Surge","Conserve Battery","Darkness+1","Stack","Zap+1","Conserve Battery+1","Capacitor","Cold Snap","Genetic Algorithm","Rainbow","Defragment","Compile Driver+1","Glacier","Core Surge","Self Repair","Leap","Steam+1","Cold Snap","Writhe"],"max_hp_per_floor":[75,75,75,75,75,75,75,75,75,75,75,75,75,75,75,75,75,75,75,75,75,75,75,75,75,75,75,80,80,80,80,80,80],"relics":["Cracked Core","Dead Branch","Lantern","Sozu","Ornamental Fan","Whetstone","Tiny Chest"],"card_choices":[{"not_picked":["Storm","Beam Cell"],"picked":"Conserve Battery","floor":1},{"not_picked":["Hologram","Beam Cell"],"picked":"Stack","floor":4},{"not_picked":["Sweeping Beam","Hologram"],"picked":"Conserve Battery","floor":8},{"not_picked":["Fission","Loop"],"picked":"Genetic Algorithm","floor":13},{"not_picked":["Rebound","Go for the Eyes","Skim"],"picked":"SKIP","floor":14},{"not_picked":["Biased Cognition","Multi-Cast"],"picked":"Rainbow","floor":16},{"not_picked":["Double Energy","Steam Power"],"picked":"Defragment","floor":18},{"not_picked":["Barrage","Stack"],"picked":"Compile Driver+1","floor":20},{"not_picked":["Chaos+1","Ball Lightning"],"picked":"Glacier","floor":21},{"not_picked":["Blizzard","Stack"],"picked":"Core Surge","floor":24},{"not_picked":["Leap","Turbo"],"picked":"Steam+1","floor":29},{"not_picked":["Beam Cell","Fusion+1"],"picked":"Cold Snap","floor":30}],"player_experience":477583,"potions_floor_usage":[14,33],"damage_taken":[{"damage":0,"enemies":"Cultist","floor":1,"turns":2},{"damage":1,"enemies":"Small Slimes","floor":4,"turns":3},{"damage":7,"enemies":"Jaw Worm","floor":8,"turns":2},{"damage":3,"enemies":"3 Louse","floor":13,"turns":3},{"damage":10,"enemies":"2 Fungi Beasts","floor":14,"turns":4},{"damage":34,"enemies":"Hexaghost","floor":16,"turns":11},{"damage":16,"enemies":"3 Byrds","floor":18,"turns":5},{"damage":20,"enemies":"2 Thieves","floor":20,"turns":3},{"damage":26,"enemies":"Centurion and Healer","floor":21,"turns":8},{"damage":19,"enemies":"Snake Plant","floor":24,"turns":4},{"damage":0,"enemies":"Cultist and Chosen","floor":29,"turns":7},{"damage":11,"enemies":"Centurion and Healer","floor":30,"turns":7},{"damage":54,"enemies":"Champ","floor":33,"turns":16}],"relics_obtained":[{"floor":9,"key":"Lantern"},{"floor":22,"key":"Ornamental Fan"},{"floor":26,"key":"Whetstone"}],"event_choices":[{"event_name":"World of Goop","player_choice":"Gather Gold","floor":3,"damage_taken":0},{"event_name":"Scrap Ooze","player_choice":"success","floor":5,"damage_taken":3},{"event_name":"Match and Keep!","player_choice":"1 cards matched","floor":7,"damage_taken":0},{"event_name":"Upgrade Shrine","player_choice":"Upgraded","floor":11,"damage_taken":0},{"event_name":"Ghosts","player_choice":"Ignored","floor":19,"damage_taken":0},{"event_name":"Forgotten Altar","player_choice":"Shed Blood","floor":28,"damage_taken":0},{"event_name":"The Mausoleum","player_choice":"Yes","floor":31,"damage_taken":0}],"boss_relics":[{"not_picked":["Ectoplasm","Lizard Tail"],"picked":"Sozu"}],"items_purged_floors":[27],"potions_floor_spawned":[1,4,16,20,21],"seed_played":"960800037159000644","killed_by":"Champ","ascension_level":3,"potions_obtained":[{"floor":1,"key":"FearPotion"},{"floor":4,"key":"FearPotion"},{"floor":16,"key":"GamblersBrew"}],"is_trial":false}