{"gold_per_floor":[114,264,145,158,58,58,89,89,112,189,203,203,217,227,227,227],"floor_reached":16,"playtime":439,"items_purged":["Doubt","Strike_R"],"score":185,"play_id":"a4900db1-349c-4679-b8c8-5a21ffd30df8","local_time":"20190215094158","is_ascension_mode":true,"campfire_choices":[{"data":"Strike_R","floor":6.0,"key":"PURGE"},{"data":"Strike_R","floor":8.0,"key":"PURGE"},{"floor":15.0,"key":"REST"}],"neow_cost":"TEN_PERCENT_HP_LOSS","seed_source_timestamp":108794985581745,"circlet_count":0,"master_deck":["AscendersBane","Strike_R","Strike_R","Defend_R","Defend_R","Defend_R","Defend_R","Bash","Clothesline","Dropkick","Pommel Strike","Blood for Blood+1"],"special_seed":0,"relics":["Burning Blood","Peace Pipe","Molten Egg 2","Regal Pillow","StoneCalendar"],"potions_floor_usage":[16],"damage_taken":[{"damage":14.0,"enemies":"Small Slimes","floor":1.0,"turns":4.0},{"damage":16.0,"enemies":"Jaw Worm","floor":4.0,"turns":4.0},{"damage":24.0,"enemies":"Gremlin Nob","floor":7.0,"turns":4.0},{"damage":1.0,"enemies":"Cultist","floor":11.0,"turns":3.0},{"damage":6.0,"enemies":"Looter","floor":13.0,"turns":3.0},{"damage":21.0,"enemies":"Large Slime","floor":14.0,"turns":7.0},{"damage":52,"enemies":"The Guardian","floor":16,"turns":9}],"seed_played":"-5733825540298660755","potions_obtained":[{"floor":7.0,"key":"Dexterity Potion"},{"floor":14.0,"key":"Ancient Potion"}],"is_trial":false,"path_per_floor":["M","?","$","M","$","R","E","R","T","?","M","?","M","M","R","B"],"character_chosen":"IRONCLAD","items_purchased":["Dropkick"],"campfire_rested":1,"item_purchase_floors":[3],"current_hp_per_floor":[60,60,60,50,50,50,32,32,32,32,37,32,32,17,52,0],"gold":227,"neow_bonus":"ONE_RARE_RELIC","is_prod":false,"is_daily":false,"chose_seed":false,"campfire_upgraded":0,"win_rate":0,"timestamp":1550241718,"path_taken":["M","?","$","M","?","R","E","R","T","?","M","?","M","M","R","BOSS"],"build_version":"2019-01-23","purchased_purges":2,"victory":false,"max_hp_per_floor":[68,68,68,68,68,68,68,68,68,68,68,68,68,68,68,68],"card_choices":[{"not_picked":["Intimidate","Sword Boomerang"],"picked":"Clothesline","floor":1.0},{"not_picked":["Clothesline","Inflame"],"picked":"Pommel Strike","floor":4.0},{"not_picked":["Evolve","Armaments","Battle Trance"],"picked":"SKIP","floor":7.0},{"not_picked":["Perfected Strike+1","Twin Strike+1","Iron Wave+1"],"picked":"SKIP","floor":11.0},{"not_picked":["Seeing Red","Anger+1","Headbutt+1"],"picked":"SKIP","floor":13.0},{"not_picked":["Havoc","Armaments"],"picked":"Blood for Blood+1","floor":14.0}],"player_experience":2434619,"relics_obtained":[{"floor":7.0,"key":"Molten Egg 2"},{"floor":9.0,"key":"Regal Pillow"}],"event_choices":[{"damage_healed":0.0,"max_hp_gain":0.0,"max_hp_loss":0.0,"gold_gain":150.0,"event_name":"Liars Game","player_choice":"AGREE","floor":2.0,"gold_loss":0.0,"damage_taken":0.0,"cards_obtained":["Doubt"]},{"damage_healed":0.0,"max_hp_gain":0.0,"max_hp_loss":0.0,"gold_gain":77.0,"event_name":"Golden Wing","player_choice":"Gained Gold","floor":10.0,"gold_loss":0.0,"damage_taken":0.0},{"damage_healed":0.0,"max_hp_gain":0.0,"max_hp_loss":0.0,"gold_gain":0.0,"event_name":"Scrap Ooze","player_choice":"Success","floor":12.0,"gold_loss":0.0,"damage_taken":5.0,"relics_obtained":["StoneCalendar"]}],"is_beta":false,"boss_relics":[],"items_purged_floors":[3,5],"is_endless":false,"potions_floor_spawned":[7,14],"killed_by":"The Guardian","ascension_level":17}