{"gold_per_floor":[114,34,34,52,52,81,81,111,111,122,122,138,71,81,81,155,155,169,169,186,202,202,202,231,231,301,330,341,351,370,285,285,359,359,370,387,387,236,253,253,271,287,287,287,306,81,94,113,113,113],"floor_reached":51,"playtime":2445,"items_purged":["Strike_G"],"score":1305,"play_id":"badfa333-4432-4353-9027-b715cf0b1e34","local_time":"20180730134141","is_ascension_mode":true,"campfire_choices":[{"data":"Noxious Fumes","floor":7.0,"key":"SMITH"},{"floor":15.0,"key":"REST"},{"floor":23.0,"key":"REST"},{"data":"Catalyst","floor":25.0,"key":"SMITH"},{"floor":32.0,"key":"REST"},{"floor":40.0,"key":"REST"},{"floor":44.0,"key":"REST"},{"floor":49.0,"key":"REST"}],"neow_cost":"NONE","seed_source_timestamp":0,"circlet_count":0,"master_deck":["Defend_G","Defend_G","Defend_G","Defend_G","Defend_G","Strike_G","Strike_G","Strike_G","Survivor","Neutralize+1","AscendersBane","Noxious Fumes+1","Catalyst+1","Deflect","Poisoned Stab","Deflect","PiercingWail","Burst","Malaise","Dash","Dodge and Roll","Well Laid Plans","Backstab","Noxious Fumes","Leg Sweep","Backflip+1","PiercingWail","Bandage Up","Backflip","Cloak And Dagger","Cloak And Dagger","Catalyst","Noxious Fumes"],"special_seed":0,"relics":["Ring of the Snake","NeowsBlessing","Gremlin Horn","Snake Skull","Potion Belt","Velvet Choker","Mango","Darkstone Periapt","Pen Nib","Unceasing Top","Fusion Hammer","Singing Bowl"],"potions_floor_usage":[50,50,50],"damage_taken":[{"damage":0.0,"enemies":"Small Slimes","floor":1.0,"turns":1.0},{"damage":0.0,"enemies":"Cultist","floor":4.0,"turns":1.0},{"damage":0.0,"enemies":"Lagavulin","floor":6.0,"turns":1.0},{"damage":36.0,"enemies":"Gremlin Nob","floor":8.0,"turns":5.0},{"damage":0.0,"enemies":"Jaw Worm","floor":10.0,"turns":3.0},{"damage":4.0,"enemies":"2 Fungi Beasts","floor":12.0,"turns":3.0},{"damage":4.0,"enemies":"Looter","floor":14.0,"turns":3.0},{"damage":5.0,"enemies":"Slime Boss","floor":16.0,"turns":11.0},{"damage":0.0,"enemies":"Chosen","floor":18.0,"turns":6.0},{"damage":0.0,"enemies":"3 Byrds","floor":20.0,"turns":4.0},{"damage":9.0,"enemies":"Snecko","floor":21.0,"turns":9.0},{"damage":25.0,"enemies":"Slavers","floor":24.0,"turns":9.0},{"damage":29.0,"enemies":"Book of Stabbing","floor":27.0,"turns":8.0},{"damage":0.0,"enemies":"Snake Plant","floor":28.0,"turns":6.0},{"damage":16.0,"enemies":"3 Cultists","floor":29.0,"turns":7.0},{"damage":3.0,"enemies":"Cultist and Chosen","floor":30.0,"turns":7.0},{"damage":24.0,"enemies":"Collector","floor":33.0,"turns":6.0},{"damage":13.0,"enemies":"3 Darklings","floor":35.0,"turns":6.0},{"damage":8.0,"enemies":"3 Shapes","floor":36.0,"turns":5.0},{"damage":31.0,"enemies":"Transient","floor":39.0,"turns":5.0},{"damage":14.0,"enemies":"Maw","floor":41.0,"turns":5.0},{"damage":6.0,"enemies":"Spire Growth","floor":42.0,"turns":8.0},{"damage":28.0,"enemies":"Sphere and 2 Shapes","floor":45.0,"turns":5.0},{"damage":20.0,"enemies":"Flame Bruiser 2 Orb","floor":47.0,"turns":6.0},{"damage":18.0,"enemies":"Transient","floor":48.0,"turns":5.0},{"damage":43,"enemies":"Awakened One","floor":50,"turns":17}],"seed_played":"1113575369469269335","potions_obtained":[{"floor":1.0,"key":"SkillPotion"},{"floor":8.0,"key":"GhostInAJar"},{"floor":12.0,"key":"GhostInAJar"},{"floor":16.0,"key":"Ancient Potion"},{"floor":24.0,"key":"AttackPotion"},{"floor":27.0,"key":"Block Potion"},{"floor":28.0,"key":"GhostInAJar"},{"floor":30.0,"key":"GhostInAJar"},{"floor":42.0,"key":"Strength Potion"},{"floor":45.0,"key":"Dexterity Potion"},{"floor":48.0,"key":"Poison Potion"}],"is_trial":false,"path_per_floor":["M","$","?","M","$","E","R","E","T","M","?","M","?","M","R","B",null,"M","?","M","M","?","R","E","R","T","E","M","M","M","?","R","B",null,"M","M","?","$","M","R","M","M","T","R","M","$","M","M","R","B"],"character_chosen":"THE_SILENT","items_purchased":["Catalyst","Backflip","Cloak And Dagger","Regen Potion","Catalyst","Noxious Fumes"],"campfire_rested":6,"item_purchase_floors":[2,38,38,46,46,46],"current_hp_per_floor":[59,59,59,59,59,59,59,23,23,23,23,19,19,15,34,29,57,57,57,57,48,48,66,55,55,55,26,26,10,7,7,31,7,62,49,41,41,41,14,38,28,26,26,50,28,28,29,17,42,3],"gold":113,"neow_bonus":"THREE_ENEMY_KILL","is_prod":false,"is_daily":false,"chose_seed":false,"campfire_upgraded":2,"win_rate":0,"timestamp":1532950901,"path_taken":["M","$","?","M","$","E","R","E","T","M","?","M","?","M","R","BOSS","M","?","M","M","?","R","E","R","T","E","M","?","M","?","R","BOSS","M","M","?","$","M","R","M","M","T","R","M","$","M","?","R","BOSS"],"build_version":"2018-07-26","purchased_purges":1,"victory":true,"max_hp_per_floor":[66,66,66,66,66,66,66,66,66,66,66,66,66,66,66,66,66,66,66,66,66,66,66,80,80,80,80,80,80,80,80,80,80,80,80,80,80,80,80,80,80,80,80,80,82,82,84,86,86,86],"card_choices":[{"not_picked":["Dagger Spray","Crippling Poison"],"picked":"Noxious Fumes","floor":1.0},{"not_picked":["Underhanded Strike","Acrobatics"],"picked":"Deflect","floor":4.0},{"not_picked":["Quick Slash","Backflip"],"picked":"Poisoned Stab","floor":6.0},{"not_picked":["Bane","Flying Knee"],"picked":"Deflect","floor":8.0},{"not_picked":["Blur","Deflect"],"picked":"PiercingWail","floor":10.0},{"not_picked":["Deadly Poison","Predator"],"picked":"Burst","floor":12.0},{"not_picked":["Flying Knee","Bane","Poisoned Stab"],"picked":"SKIP","floor":14.0},{"not_picked":["Die Die Die","Phantasmal Killer"],"picked":"Malaise","floor":16.0},{"not_picked":["Quick Slash+1","Slice","Acrobatics"],"picked":"SKIP","floor":18.0},{"not_picked":["Slice","Prepared"],"picked":"Dash","floor":20.0},{"not_picked":["Prepared","Unload"],"picked":"Dodge and Roll","floor":21.0},{"not_picked":["Deflect","Heel Hook","Blade Dance"],"picked":"SKIP","floor":24.0},{"not_picked":["Underhanded Strike","Predator"],"picked":"Backstab","floor":27.0},{"not_picked":["Flechettes","Distraction"],"picked":"Noxious Fumes","floor":28.0},{"not_picked":["Prepared","Accuracy","Masterful Stab"],"picked":"SKIP","floor":29.0},{"not_picked":["Dagger Spray","Dodge and Roll"],"picked":"Leg Sweep","floor":30.0},{"not_picked":["Slice","Finisher+1"],"picked":"Backflip+1","floor":35.0},{"not_picked":["Flying Knee+1","Poisoned Stab"],"picked":"PiercingWail","floor":36.0},{"not_picked":["Dark Shackles","Madness"],"picked":"Bandage Up","floor":37.0},{"not_picked":["Underhanded Strike","Bane","Dodge and Roll"],"picked":"SKIP","floor":39.0},{"not_picked":["Caltrops","Sucker Punch","Eviscerate"],"picked":"SKIP","floor":41.0},{"not_picked":["Slice","Eviscerate"],"picked":"Cloak And Dagger","floor":42.0},{"not_picked":["Poisoned Stab","Concentrate","Deflect+1"],"picked":"Singing Bowl","floor":45.0},{"not_picked":["Reflex+1","Bane","Distraction"],"picked":"Singing Bowl","floor":47.0},{"not_picked":["Acrobatics","Sucker Punch","Cloak And Dagger"],"picked":"Singing Bowl","floor":48.0}],"player_experience":1185003,"relics_obtained":[{"floor":6.0,"key":"Gremlin Horn"},{"floor":8.0,"key":"Snake Skull"},{"floor":9.0,"key":"Potion Belt"},{"floor":24.0,"key":"Mango"},{"floor":26.0,"key":"Darkstone Periapt"},{"floor":27.0,"key":"Pen Nib"},{"floor":43.0,"key":"Singing Bowl"}],"event_choices":[{"event_name":"Upgrade Shrine","player_choice":"Upgraded","floor":3.0,"damage_taken":0.0},{"event_name":"Scrap Ooze","player_choice":"unsuccessful","floor":11.0,"damage_taken":0.0},{"event_name":"World of Goop","player_choice":"Left","floor":13.0,"damage_taken":0.0},{"event_name":"Purifier","player_choice":"One Purge","floor":19.0,"damage_taken":0.0},{"event_name":"The Library","player_choice":"Read","floor":22.0,"damage_taken":0.0},{"event_name":"Addict","player_choice":"Obtained Relic","floor":31.0,"damage_taken":0.0},{"event_name":"SensoryStone","player_choice":"Memory 1","floor":37.0,"damage_taken":0.0}],"is_beta":false,"boss_relics":[{"not_picked":["WristBlade","Coffee Dripper"],"picked":"Velvet Choker"},{"not_picked":["Black Star","Ring of the Serpent"],"picked":"Fusion Hammer"}],"items_purged_floors":[38],"is_endless":false,"potions_floor_spawned":[1,8,12,16,24,27,28,30,42,45,48],"ascension_level":15}