{"gold_per_floor":[116,131,306,306,2,2,32,47,74,106,119,145,158,158,158,158],"floor_reached":16,"playtime":857,"items_purged":["Doubt"],"score":192,"play_id":"be3101c5-4b57-4fce-bd86-b2462d4caf16","local_time":"20190112201527","is_ascension_mode":true,"campfire_choices":[{"data":"Clothesline","floor":6,"key":"SMITH"},{"data":"Uppercut","floor":15,"key":"SMITH"}],"neow_cost":"NONE","seed_source_timestamp":319293912636044,"circlet_count":0,"master_deck":["AscendersBane","Strike_R","Strike_R","Strike_R","Strike_R","Defend_R","Defend_R","Defend_R","Defend_R","Bash","Clothesline+1","Havoc","Rage","Ghostly Armor","True Grit","Metallicize","Uppercut+1","Headbutt","Feel No Pain"],"relics":["Burning Blood","Blood Vial","PreservedInsect","Oddly Smooth Stone","Strawberry","Centennial Puzzle","Ornamental Fan"],"potions_floor_usage":[10,12],"damage_taken":[{"damage":8,"enemies":"Small Slimes","floor":1,"turns":5},{"damage":7,"enemies":"Jaw Worm","floor":2,"turns":4},{"damage":35,"enemies":"Lagavulin","floor":7,"turns":8},{"damage":0,"enemies":"Cultist","floor":8,"turns":4},{"damage":16,"enemies":"3 Sentries","floor":10,"turns":9},{"damage":4,"enemies":"Blue Slaver","floor":11,"turns":5},{"damage":14,"enemies":"Lagavulin","floor":12,"turns":6},{"damage":10,"enemies":"2 Fungi Beasts","floor":13,"turns":4},{"damage":56,"enemies":"Hexaghost","floor":16,"turns":16}],"seed_played":"-2253663271265108751","potions_obtained":[{"floor":8,"key":"Explosive Potion"},{"floor":10,"key":"Explosive Potion"}],"is_trial":false,"path_per_floor":["M","M","?","?","$","R","E","M","T","E","M","E","M","?","R","B"],"character_chosen":"IRONCLAD","items_purchased":["PreservedInsect","Rage"],"campfire_rested":0,"item_purchase_floors":[5,5],"current_hp_per_floor":[72,73,73,78,78,78,51,59,66,58,62,56,54,54,54,0],"gold":158,"neow_bonus":"RANDOM_COMMON_RELIC","is_prod":false,"is_daily":false,"chose_seed":false,"campfire_upgraded":2,"win_rate":0,"timestamp":1547342127,"path_taken":["M","M","?","?","$","R","E","M","T","E","M","E","?","?","R","BOSS"],"build_version":"2019-01-10","purchased_purges":1,"victory":false,"max_hp_per_floor":[80,80,80,85,85,85,85,85,92,92,92,92,92,92,92,92],"card_choices":[{"not_picked":["True Grit","Intimidate"],"picked":"Clothesline","floor":1},{"not_picked":["Armaments","Perfected Strike"],"picked":"Havoc","floor":2},{"not_picked":["Fire Breathing","Flex"],"picked":"Ghostly Armor","floor":7},{"not_picked":["Pummel","Warcry"],"picked":"True Grit","floor":8},{"not_picked":["Shrug It Off","Disarm"],"picked":"Metallicize","floor":10},{"not_picked":["Thunderclap","Seeing Red"],"picked":"Uppercut","floor":11},{"not_picked":["Warcry","Burning Pact"],"picked":"Headbutt","floor":12},{"not_picked":["Corruption","Wild Strike"],"picked":"Feel No Pain","floor":13}],"player_experience":2098841,"relics_obtained":[{"floor":7,"key":"Oddly Smooth Stone"},{"floor":9,"key":"Strawberry"},{"floor":10,"key":"Centennial Puzzle"},{"floor":12,"key":"Ornamental Fan"}],"event_choices":[{"damage_healed":0,"gold_gain":175,"player_choice":"AGREE","damage_taken":0,"max_hp_gain":0,"max_hp_loss":0,"event_name":"Liars Game","floor":3,"gold_loss":0,"cards_obtained":["Doubt"]},{"damage_healed":0,"gold_gain":0,"player_choice":"Donut","damage_taken":0,"max_hp_gain":5,"max_hp_loss":0,"event_name":"Big Fish","floor":4,"gold_loss":0},{"cards_removed":["Strike_R"],"damage_healed":0,"gold_gain":0,"player_choice":"Offered Basic","damage_taken":0,"max_hp_gain":0,"max_hp_loss":0,"event_name":"Bonfire Elementals","floor":14,"gold_loss":0}],"is_beta":false,"boss_relics":[],"items_purged_floors":[5],"is_endless":false,"potions_floor_spawned":[8,10],"killed_by":"Hexaghost","ascension_level":12}