{"gold_per_floor":[115,115,129,129,49,88,88,113,113,156,81,6,6,6],"floor_reached":14,"playtime":289,"items_purged":["Strike_B"],"score":236,"play_id":"eda5e0e3-d23b-4e59-b35e-aea9737426f9","local_time":"20190201075625","is_ascension_mode":true,"campfire_choices":[{"data":"Loop","floor":7,"key":"SMITH"}],"neow_cost":"NONE","seed_source_timestamp":675363097172494,"circlet_count":0,"master_deck":["AscendersBane","Strike_B","Strike_B","Strike_B","Defend_B","Defend_B","Defend_B","Defend_B","Zap+1","Dualcast","Coolheaded","Compile Driver","Loop+1","Melter","Capacitor","Go for the Eyes"],"relics":["Cracked Core","NeowsBlessing","NlothsMask","Golden Idol","Bottled Tornado","Oddly Smooth Stone"],"potions_floor_usage":[10],"damage_taken":[{"damage":0,"enemies":"Jaw Worm","floor":1,"turns":1},{"damage":0,"enemies":"Cultist","floor":3,"turns":1},{"damage":0,"enemies":"Gremlin Nob","floor":6,"turns":1},{"damage":15,"enemies":"Small Slimes","floor":8,"turns":3},{"damage":55,"enemies":"Lagavulin","floor":10,"turns":8},{"damage":10,"enemies":"Gremlin Gang","floor":14,"turns":1}],"seed_played":"3475347475191560045","potions_obtained":[{"floor":6,"key":"Regen Potion"}],"is_trial":false,"path_per_floor":["M","?","M","?","$","E","R","M","T","E","?","$","?","M"],"character_chosen":"DEFECT","items_purchased":["Loop"],"campfire_rested":0,"item_purchase_floors":[5],"current_hp_per_floor":[64,64,64,64,64,64,64,49,49,9,9,9,9,0],"gold":6,"neow_bonus":"THREE_ENEMY_KILL","is_prod":false,"is_daily":false,"chose_seed":false,"campfire_upgraded":1,"win_rate":0,"timestamp":1549025785,"path_taken":["M","?","?","?","?","E","R","M","T","E","?","$","?","M"],"build_version":"2019-01-23","purchased_purges":1,"victory":false,"max_hp_per_floor":[71,71,71,64,64,64,64,64,64,64,64,64,64,64],"card_choices":[{"not_picked":["Steam","Cold Snap"],"picked":"Coolheaded","floor":1},{"not_picked":["Leap","Steam"],"picked":"Compile Driver","floor":3},{"not_picked":["Aggregate","Turbo"],"picked":"Melter","floor":6},{"not_picked":["Machine Learning","Conserve Battery"],"picked":"Capacitor","floor":8},{"not_picked":["Scrape","Hologram"],"picked":"Go for the Eyes","floor":10}],"player_experience":2263206,"relics_obtained":[{"floor":6,"key":"Bottled Tornado"},{"floor":10,"key":"Oddly Smooth Stone"}],"event_choices":[{"damage_healed":0,"gold_gain":0,"player_choice":"Trade","damage_taken":0,"relics_obtained":["NlothsMask"],"max_hp_gain":0,"max_hp_loss":0,"event_name":"FaceTrader","floor":2,"gold_loss":0},{"damage_healed":0,"gold_gain":0,"player_choice":"Lose Max HP","damage_taken":0,"relics_obtained":["Golden Idol"],"max_hp_gain":0,"max_hp_loss":7,"event_name":"Golden Idol","floor":4,"gold_loss":0},{"damage_healed":0,"gold_gain":0,"player_choice":"Left Gold","damage_taken":0,"max_hp_gain":0,"max_hp_loss":0,"event_name":"World of Goop","floor":11,"gold_loss":75},{"damage_healed":0,"gold_gain":0,"player_choice":"Forge","damage_taken":0,"max_hp_gain":0,"max_hp_loss":0,"event_name":"Accursed Blacksmith","floor":13,"gold_loss":0,"cards_upgraded":["Zap"]}],"is_beta":false,"boss_relics":[],"items_purged_floors":[12],"is_endless":false,"potions_floor_spawned":[6],"killed_by":"Gremlin Gang","ascension_level":19}