{"gold_per_floor":[113,113,213,223,236,270,70,105,105,117,42,57,57,75,75,175,175,192,205,205,55,67,67,92,92,92,107,107,107,206,218,218,317,317,327,327,327,327,32,32,58,58,58,58,74,90,90,110,110,110],"floor_reached":50,"playtime":2951,"items_purged":["Clumsy"],"score":603,"play_id":"75e155fa-bf06-4bc3-a388-6daea7ea39b2","local_time":"20190206180812","is_ascension_mode":true,"campfire_choices":[{"floor":13.0,"key":"REST"},{"floor":15.0,"key":"REST"},{"data":"Terror","floor":23.0,"key":"SMITH"},{"floor":28.0,"key":"REST"},{"floor":32.0,"key":"REST"},{"floor":40.0,"key":"REST"},{"data":"Adrenaline","floor":42.0,"key":"SMITH"},{"data":"Well Laid Plans","floor":44.0,"key":"SMITH"},{"floor":49,"key":"REST"}],"neow_cost":"CURSE","seed_source_timestamp":0,"circlet_count":0,"master_deck":["Defend_G","Defend_G","Defend_G","Defend_G","Strike_G","Strike_G","Strike_G","Strike_G","Survivor","Neutralize","Heel Hook","Reflex","Cloak And Dagger+1","Dagger Throw","Footwork","Outmaneuver","Footwork","Cloak And Dagger","Escape Plan","Backflip","Accuracy","Escape Plan","Noxious Fumes","Adrenaline","Blade Dance","Dash","Terror+1","Flying Knee","Backflip","Flying Knee","Finisher+1","Backflip","Choke","Acrobatics","Backstab+1","Adrenaline+1","Quick Slash+1","Enlightenment","Well Laid Plans+1","Dash+1","Outmaneuver+1","Backflip+1","Finisher+1"],"special_seed":0,"relics":["Ring of the Snake","Potion Belt","Ornamental Fan","Ninja Scroll","Orrery","Lantern","Mercury Hourglass","Question Card","Bottled Flame","Busted Crown","Matryoshka","Smiling Mask","Mummified Hand","Blood Vial"],"potions_floor_usage":[],"damage_taken":[{"damage":0.0,"enemies":"2 Louse","floor":1.0,"turns":3.0},{"damage":0.0,"enemies":"Cultist","floor":4.0,"turns":4.0},{"damage":5.0,"enemies":"Small Slimes","floor":5.0,"turns":3.0},{"damage":28.0,"enemies":"Gremlin Nob","floor":6.0,"turns":5.0},{"damage":19.0,"enemies":"3 Sentries","floor":8.0,"turns":12.0},{"damage":0.0,"enemies":"Looter","floor":10.0,"turns":3.0},{"damage":2.0,"enemies":"Blue Slaver","floor":12.0,"turns":3.0},{"damage":0.0,"enemies":"3 Louse","floor":14.0,"turns":3.0},{"damage":8.0,"enemies":"Slime Boss","floor":16.0,"turns":13.0},{"damage":6.0,"enemies":"Chosen","floor":18.0,"turns":7.0},{"damage":0.0,"enemies":"Shell Parasite","floor":19.0,"turns":5.0},{"damage":3.0,"enemies":"3 Cultists","floor":22.0,"turns":5.0},{"damage":67.0,"enemies":"Slavers","floor":24.0,"turns":8.0},{"damage":0.0,"enemies":"Snake Plant","floor":27.0,"turns":1.0},{"damage":13.0,"enemies":"Snecko","floor":31.0,"turns":6.0},{"damage":60.0,"enemies":"Champ","floor":33.0,"turns":13.0},{"damage":23.0,"enemies":"3 Darklings","floor":35.0,"turns":5.0},{"damage":0.0,"enemies":"Giant Head","floor":41.0,"turns":6.0},{"damage":2.0,"enemies":"3 Shapes","floor":45.0,"turns":4.0},{"damage":7.0,"enemies":"3 Darklings","floor":46.0,"turns":5.0},{"damage":10.0,"enemies":"Sphere and 2 Shapes","floor":47.0,"turns":4.0},{"damage":0,"enemies":"4 Shapes","floor":48,"turns":2},{"damage":73,"enemies":"Time Eater","floor":50,"turns":8}],"seed_played":"-7547144782260940420","potions_obtained":[{"floor":12.0,"key":"AttackPotion"},{"floor":16.0,"key":"Weak Potion"},{"floor":19.0,"key":"Dexterity Potion"},{"floor":22.0,"key":"Regen Potion"},{"floor":27.0,"key":"GamblersBrew"},{"floor":41.0,"key":"FearPotion"},{"floor":48,"key":"EssenceOfSteel"}],"is_trial":false,"path_per_floor":["M","?","?","M","M","E","$","E","T","M","$","M","R","M","R","B",null,"M","M","?","$","M","R","E","?","T","M","R","T","?","M","R","B",null,"M","?","?","?","$","R","E","R","T","R","M","M","M","M","R","B"],"character_chosen":"THE_SILENT","items_purchased":["Footwork","Cloak And Dagger","Accuracy","Lantern","Well Laid Plans","Matryoshka"],"campfire_rested":6,"item_purchase_floors":[7,7,11,21,39,39],"current_hp_per_floor":[70,70,70,70,65,37,37,18,18,18,18,16,37,37,58,50,70,64,64,64,64,61,61,9,32,32,32,53,53,53,40,61,1,70,47,47,47,47,47,68,68,68,68,68,68,63,55,57,70,0],"gold":110,"neow_bonus":"TRANSFORM_TWO_CARDS","is_prod":false,"is_daily":false,"chose_seed":false,"campfire_upgraded":3,"win_rate":0,"timestamp":1549447692,"path_taken":["M","?","?","?","M","E","$","E","T","M","$","M","R","M","R","BOSS","M","?","?","$","M","R","E","?","T","M","R","?","?","M","R","BOSS","M","?","?","?","$","R","E","R","T","R","?","M","M","?","R","BOSS"],"build_version":"2019-01-23","purchased_purges":1,"victory":false,"max_hp_per_floor":[70,70,70,70,70,70,70,70,70,70,70,70,70,70,70,70,70,70,70,70,70,70,70,70,70,70,70,70,70,70,70,70,70,70,70,70,70,70,70,70,70,70,70,70,70,70,70,70,70,70],"card_choices":[{"not_picked":["Quick Slash","Underhanded Strike"],"picked":"Cloak And Dagger","floor":1.0},{"not_picked":["Riddle With Holes","Deadly Poison"],"picked":"Dagger Throw","floor":4.0},{"not_picked":["Cloak And Dagger","Dagger Spray"],"picked":"Footwork","floor":5.0},{"not_picked":["Underhanded Strike","Phantasmal Killer"],"picked":"Outmaneuver","floor":6.0},{"not_picked":["Tactician","Masterful Stab"],"picked":"Escape Plan","floor":8.0},{"not_picked":["Riddle With Holes","Quick Slash"],"picked":"Backflip","floor":10.0},{"not_picked":["Flying Knee","Riddle With Holes"],"picked":"Escape Plan","floor":12.0},{"not_picked":["All Out Attack","Deflect"],"picked":"Noxious Fumes","floor":14.0},{"not_picked":["Corpse Explosion","Malaise"],"picked":"Adrenaline","floor":16.0},{"not_picked":["Slice","Poisoned Stab"],"picked":"Blade Dance","floor":17.0},{"not_picked":["Choke","All Out Attack"],"picked":"Dash","floor":17.0},{"not_picked":["Underhanded Strike","Dodge and Roll"],"picked":"Terror","floor":17.0},{"not_picked":["Masterful Stab","Quick Slash"],"picked":"Flying Knee","floor":17.0},{"not_picked":["Slice","Sucker Punch"],"picked":"Backflip","floor":17.0},{"not_picked":["Calculated Gamble","Poisoned Stab"],"picked":"Flying Knee","floor":18.0},{"not_picked":["Deadly Poison","Dodge and Roll"],"picked":"Finisher+1","floor":19.0},{"not_picked":["Prepared","Venomology"],"picked":"Backflip","floor":22.0},{"not_picked":["Masterful Stab+1","Flechettes"],"picked":"Choke","floor":24.0},{"not_picked":["Bane+1","Flying Knee","Underhanded Strike+1"],"picked":"Acrobatics","floor":27.0},{"not_picked":["Cloak And Dagger+1","Prepared","Deadly Poison"],"picked":"Backstab+1","floor":31.0},{"not_picked":["Burst","Unload","Venomology"],"picked":"Adrenaline","floor":33.0},{"not_picked":["Masterful Stab"],"picked":"Quick Slash+1","floor":35.0},{"not_picked":["Discovery"],"picked":"Enlightenment","floor":38.0},{"not_picked":["Underhanded Strike+1"],"picked":"Dash+1","floor":41.0},{"not_picked":["Choke"],"picked":"Outmaneuver+1","floor":45.0},{"not_picked":["Skewer","Calculated Gamble"],"picked":"SKIP","floor":46.0},{"not_picked":["Cloak And Dagger"],"picked":"Backflip+1","floor":47},{"not_picked":["Sucker Punch"],"picked":"Finisher+1","floor":48}],"player_experience":35850,"relics_obtained":[{"floor":6.0,"key":"Potion Belt"},{"floor":8.0,"key":"Ornamental Fan"},{"floor":9.0,"key":"Ninja Scroll"},{"floor":24.0,"key":"Mercury Hourglass"},{"floor":26.0,"key":"Question Card"},{"floor":29.0,"key":"Bottled Flame"},{"floor":41.0,"key":"Smiling Mask"},{"floor":43.0,"key":"Mummified Hand"},{"floor":43.0,"key":"Blood Vial"}],"event_choices":[{"damage_healed":0.0,"max_hp_gain":0.0,"max_hp_loss":0.0,"gold_gain":0.0,"event_name":"Living Wall","player_choice":"Grow","floor":2.0,"gold_loss":0.0,"damage_taken":0.0,"cards_upgraded":["Cloak And Dagger"]},{"damage_healed":0.0,"max_hp_gain":0.0,"max_hp_loss":0.0,"gold_gain":100.0,"event_name":"Golden Shrine","player_choice":"Pray","floor":3.0,"gold_loss":0.0,"damage_taken":0.0},{"damage_healed":0.0,"max_hp_gain":0.0,"max_hp_loss":0.0,"gold_gain":0.0,"event_name":"Ghosts","player_choice":"Ignored","floor":20.0,"gold_loss":0.0,"damage_taken":0.0},{"damage_healed":23.0,"max_hp_gain":0.0,"max_hp_loss":0.0,"gold_gain":0.0,"event_name":"The Library","player_choice":"Heal","floor":25.0,"gold_loss":0.0,"damage_taken":0.0},{"damage_healed":0.0,"max_hp_gain":0.0,"max_hp_loss":0.0,"gold_gain":99.0,"event_name":"Nest","player_choice":"Stole From Cult","floor":30.0,"gold_loss":0.0,"damage_taken":0.0},{"damage_healed":0.0,"max_hp_gain":0.0,"max_hp_loss":0.0,"gold_gain":0.0,"event_name":"Tomb of Lord Red Mask","player_choice":"Ignored","floor":36.0,"gold_loss":0.0,"damage_taken":0.0},{"damage_healed":0.0,"max_hp_gain":0.0,"max_hp_loss":0.0,"gold_gain":0.0,"event_name":"Mysterious Sphere","player_choice":"Ignored","floor":37.0,"gold_loss":0.0,"damage_taken":0.0},{"damage_healed":0.0,"max_hp_gain":0.0,"max_hp_loss":0.0,"gold_gain":0.0,"event_name":"SensoryStone","player_choice":"Memory 1","floor":38.0,"gold_loss":0.0,"damage_taken":0.0}],"is_beta":false,"boss_relics":[{"not_picked":["Eternal Feather","Pandora\u0027s Box"],"picked":"Orrery"},{"not_picked":["Snecko Eye","Black Star"],"picked":"Busted Crown"}],"items_purged_floors":[7],"is_endless":false,"potions_floor_spawned":[12,16,19,22,27,41,48],"killed_by":"Time Eater","ascension_level":1}