{"gold_per_floor":[115,125,275,286,305,305,54,54,81,93,18,28,60,60,60,131,161,178,228,261,261,261,261,291,341,367,387,387],"floor_reached":28,"playtime":1632,"items_purged":["Doubt"],"score":413,"play_id":"c840df7b-9109-4cdb-8c50-aef041eabd78","local_time":"20180703131859","is_ascension_mode":true,"campfire_choices":[{"data":"Envenom","floor":6,"key":"SMITH"},{"floor":15,"key":"REST"},{"floor":23,"key":"REST"}],"neow_cost":"NONE","seed_source_timestamp":603864289533172,"circlet_count":0,"master_deck":["Defend_G","Defend_G","Defend_G","Defend_G","Defend_G","Strike_G","Strike_G","Strike_G","Strike_G","Strike_G","Survivor","Neutralize","AscendersBane","Flying Knee","Sucker Punch","Dagger Throw","Envenom+1","Leg Sweep","Blur","Glass Knife","Adrenaline+1","Sucker Punch","Slice","Malaise","Decay","Storm of Steel","Deadly Poison"],"relics":["Ring of the Snake","Bronze Scales","Shuriken","Juzu Bracelet","Bag of Preparation","The Courier","Tiny House","Red Mask","Letter Opener","Potion Belt"],"potions_floor_usage":[10,13,18,27],"damage_taken":[{"damage":0,"enemies":"2 Louse","floor":1,"turns":3},{"damage":0,"enemies":"Jaw Worm","floor":2,"turns":4},{"damage":4,"enemies":"Cultist","floor":4,"turns":4},{"damage":0,"enemies":"2 Fungi Beasts","floor":5,"turns":5},{"damage":0,"enemies":"Large Slime","floor":10,"turns":6},{"damage":4,"enemies":"Looter","floor":12,"turns":4},{"damage":1,"enemies":"3 Sentries","floor":13,"turns":9},{"damage":32,"enemies":"The Guardian","floor":16,"turns":11},{"damage":11,"enemies":"Spheric Guardian","floor":18,"turns":3},{"damage":35,"floor":20,"turns":6},{"damage":29,"enemies":"Book of Stabbing","floor":24,"turns":7},{"damage":1,"enemies":"Chosen","floor":27,"turns":4},{"damage":10,"enemies":"Centurion and Healer","floor":28,"turns":3}],"seed_played":"-3344622232181549030","potions_obtained":[{"floor":5,"key":"Block Potion"},{"floor":12,"key":"GhostInAJar"},{"floor":17,"key":"Poison Potion"},{"floor":24,"key":"GhostInAJar"}],"is_trial":false,"path_per_floor":["M","M","?","M","M","R","$","?","T","M","$","M","E","?","R","B",null,"M","?","?","?","?","R","E","?","T","M"],"character_chosen":"THE_SILENT","items_purchased":["Shuriken"],"campfire_rested":2,"item_purchase_floors":[7],"current_hp_per_floor":[59,59,59,55,55,55,55,29,29,29,29,25,24,24,43,11,57,46,46,11,11,11,32,3,3,3,2,0],"gold":387,"neow_bonus":"RANDOM_COMMON_RELIC","is_prod":false,"is_daily":false,"chose_seed":false,"campfire_upgraded":1,"win_rate":0,"timestamp":1530616739,"path_taken":["M","M","?","M","?","R","$","?","T","M","$","M","E","?","R","BOSS","M","?","?","?","?","R","E","?","T","M","M"],"build_version":"2018-06-28","purchased_purges":1,"victory":false,"max_hp_per_floor":[66,66,66,66,66,66,66,66,66,66,66,66,66,66,66,66,71,71,71,71,71,71,71,71,71,71,71,71],"card_choices":[{"not_picked":["Acrobatics","Backflip"],"picked":"Flying Knee","floor":1},{"not_picked":["Terror","Choke"],"picked":"Sucker Punch","floor":2},{"not_picked":["Poisoned Stab","Prepared"],"picked":"Dagger Throw","floor":4},{"not_picked":["Poisoned Stab","Outmaneuver"],"picked":"Envenom","floor":5},{"not_picked":["Outmaneuver","Backflip"],"picked":"Leg Sweep","floor":10},{"not_picked":["Calculated Gamble","Setup"],"picked":"Blur","floor":12},{"not_picked":["Quick Slash","Escape Plan"],"picked":"Glass Knife","floor":13},{"not_picked":["Night Terror","Venomology"],"picked":"Adrenaline","floor":16},{"not_picked":["Masterful Stab","Backflip"],"picked":"Sucker Punch","floor":17},{"not_picked":["Deflect","Deadly Poison"],"picked":"Slice","floor":18},{"not_picked":["Underhanded Strike","Quick Slash"],"picked":"Malaise","floor":20},{"not_picked":["Crippling Poison","Outmaneuver"],"picked":"Storm of Steel","floor":24},{"not_picked":["Sucker Punch","Flechettes"],"picked":"Deadly Poison","floor":27}],"player_experience":969185,"relics_obtained":[{"floor":9,"key":"Bag of Preparation"},{"floor":13,"key":"The Courier"},{"floor":20,"key":"Red Mask"},{"floor":24,"key":"Letter Opener"},{"floor":26,"key":"Potion Belt"}],"event_choices":[{"event_name":"Liars Game","player_choice":"agreed","floor":3,"damage_taken":0},{"event_name":"Scrap Ooze","player_choice":"success","floor":8,"damage_taken":26},{"event_name":"Golden Wing","player_choice":"Ignored","floor":14,"damage_taken":0},{"event_name":"Nest","player_choice":"Stole From Cult","floor":19,"damage_taken":0},{"event_name":"Masked Bandits","player_choice":"Fought over 228 gold","floor":20,"damage_taken":0},{"event_name":"Cursed Tome","player_choice":"Ignored","floor":21,"damage_taken":0},{"event_name":"Forgotten Altar","player_choice":"Smashed Altar","floor":22,"damage_taken":0},{"event_name":"The Joust","player_choice":"Bet on Murderer","floor":25,"damage_taken":0}],"boss_relics":[{"not_picked":["Fusion Hammer","Empty Cage"],"picked":"Tiny House"}],"items_purged_floors":[11],"is_endless":false,"potions_floor_spawned":[5,12,24],"killed_by":"Centurion and Healer","ascension_level":15}