{"gold_per_floor":[111,111,186,203,8,39,50,69,95,95,108,108,8,25,25,102,102,120,120,139,155,115,115,146,146],"floor_reached":25,"playtime":1518,"items_purged":["Strike_B","Normality"],"score":446,"play_id":"968f1333-3b90-4fa2-a491-8ab3d3d8cb6e","local_time":"20181109094459","is_ascension_mode":true,"campfire_choices":[{"floor":10,"key":"REST"},{"floor":15,"key":"REST"},{"floor":23,"key":"REST"}],"neow_cost":"NONE","seed_source_timestamp":303417977228433,"circlet_count":0,"master_deck":["AscendersBane","Strike_B","Strike_B","Strike_B","Defend_B","Defend_B","Defend_B","Defend_B","Zap","Dualcast","Streamline","Storm","Glacier","Static Discharge","Glacier","Redo","Leap","Barrage","Seek","Self Repair","Barrage","Echo Form","Cold Snap","Loop","Redo","Heatsinks","Self Repair+1"],"relics":["Cracked Core","NeowsBlessing","PreservedInsect","Bag of Preparation","Juzu Bracelet","Lizard Tail","MutagenicStrength","Smiling Mask"],"potions_floor_usage":[11,11,16,20,25],"damage_taken":[{"damage":0,"enemies":"2 Louse","floor":1,"turns":1},{"damage":0,"enemies":"Jaw Worm","floor":4,"turns":1},{"damage":0,"enemies":"Gremlin Nob","floor":6,"turns":1},{"damage":0,"enemies":"Small Slimes","floor":7,"turns":3},{"damage":38,"enemies":"Exordium Thugs","floor":8,"turns":9},{"damage":0,"enemies":"Looter","floor":11,"turns":4},{"damage":2,"enemies":"Large Slime","floor":14,"turns":5},{"damage":41,"enemies":"The Guardian","floor":16,"turns":13},{"damage":13,"enemies":"3 Byrds","floor":18,"turns":6},{"damage":24,"enemies":"Chosen","floor":20,"turns":6},{"damage":8,"enemies":"Centurion and Healer","floor":21,"turns":11},{"damage":77,"enemies":"Gremlin Leader","floor":24,"turns":10},{"damage":19,"enemies":"Cultist and Chosen","floor":25,"turns":5}],"seed_played":"-7474703312943413953","potions_obtained":[{"floor":6,"key":"Energy Potion"},{"floor":8,"key":"Regen Potion"},{"floor":14,"key":"FocusPotion"},{"floor":18,"key":"SteroidPotion"},{"floor":21,"key":"GamblersBrew"}],"is_trial":false,"path_per_floor":["M","?","?","M","$","E","M","M","T","R","M","?","$","M","R","B",null,"M","?","M","M","$","R","E","M"],"character_chosen":"DEFECT","items_purchased":["Glacier","Static Discharge","Heatsinks"],"campfire_rested":3,"item_purchase_floors":[5,5,22],"current_hp_per_floor":[64,53,42,42,42,42,42,4,4,25,37,37,37,42,63,29,61,48,48,31,30,30,51,16,0],"gold":146,"neow_bonus":"THREE_ENEMY_KILL","is_prod":false,"is_daily":false,"chose_seed":false,"campfire_upgraded":0,"win_rate":0,"timestamp":1541774699,"path_taken":["M","?","?","M","$","E","?","M","T","R","M","?","?","M","R","BOSS","M","?","M","M","$","R","E","M"],"build_version":"2018-11-08","purchased_purges":2,"victory":false,"max_hp_per_floor":[71,71,71,71,71,71,71,71,71,71,71,71,71,71,71,71,71,71,71,71,71,71,71,71,71],"card_choices":[{"not_picked":["Barrage","Stack"],"picked":"Streamline","floor":1},{"not_picked":["Reprogram","Aggregate"],"picked":"Storm","floor":4},{"not_picked":["Streamline","Coolheaded"],"picked":"Glacier","floor":6},{"not_picked":["Beam Cell","Ball Lightning"],"picked":"Redo","floor":7},{"not_picked":["Hologram","Hello World"],"picked":"Leap","floor":8},{"not_picked":["Biased Cognition","Force Field"],"picked":"Barrage","floor":11},{"not_picked":["Ball Lightning","Hologram"],"picked":"Barrage","floor":14},{"not_picked":["Meteor Strike","Fission"],"picked":"Echo Form","floor":16},{"not_picked":["Gash","Ball Lightning"],"picked":"Cold Snap","floor":18},{"not_picked":["Steam+1","Leap"],"picked":"Loop","floor":20},{"not_picked":["Force Field","Hologram"],"picked":"Redo","floor":21},{"not_picked":["All For One","Cold Snap"],"picked":"Self Repair+1","floor":24}],"player_experience":1672284,"relics_obtained":[{"floor":6,"key":"Bag of Preparation"},{"floor":9,"key":"Juzu Bracelet"},{"floor":24,"key":"Smiling Mask"}],"event_choices":[{"damage_healed":0,"gold_gain":0,"player_choice":"Success","damage_taken":11,"relics_obtained":["PreservedInsect"],"max_hp_gain":0,"max_hp_loss":0,"event_name":"Scrap Ooze","floor":2,"gold_loss":0},{"damage_healed":0,"gold_gain":75,"player_choice":"Gather Gold","damage_taken":11,"max_hp_gain":0,"max_hp_loss":0,"event_name":"World of Goop","floor":3,"gold_loss":0},{"damage_healed":0,"gold_gain":0,"player_choice":"3 cards matched","damage_taken":0,"max_hp_gain":0,"max_hp_loss":0,"event_name":"Match and Keep!","floor":12,"gold_loss":0,"cards_obtained":["Seek","Normality","Self Repair"]},{"damage_healed":0,"gold_gain":0,"player_choice":"Inject Mutagens","damage_taken":0,"relics_obtained":["MutagenicStrength"],"max_hp_gain":0,"max_hp_loss":0,"event_name":"Drug Dealer","floor":19,"gold_loss":0}],"is_beta":false,"boss_relics":[{"not_picked":["Busted Crown","Ectoplasm"],"picked":"Lizard Tail"}],"items_purged_floors":[5,13],"is_endless":false,"potions_floor_spawned":[6,8,14,18,21],"killed_by":"Cultist and Chosen","ascension_level":16}