{"gold_per_floor":[115,22,42,42,97,97,132,150,199,35,79,93,107,120,120,215,215,236,236],"floor_reached":19,"playtime":877,"items_purged":[],"score":377,"play_id":"0660bda2-c12d-41bc-a262-5d920639bd7f","local_time":"20190215083011","is_ascension_mode":true,"campfire_choices":[{"floor":6,"key":"REST"},{"floor":15,"key":"REST"}],"neow_cost":"NONE","seed_source_timestamp":104133896224683,"circlet_count":0,"master_deck":["AscendersBane","Strike_R","Strike_R","Strike_R","Strike_R","Strike_R","Defend_R+1","Defend_R+1","Defend_R","Defend_R","Bash","Armaments","Metallicize","Clothesline","Armaments","Pummel","Warcry","Clash","Thunderclap","Disarm","Juggernaut","Headbutt"],"relics":["Burning Blood","NeowsBlessing","Golden Idol","War Paint","Strawberry","Oddly Smooth Stone","Sundial","Mark of Pain"],"potions_floor_usage":[16,16],"damage_taken":[{"damage":0,"enemies":"Cultist","floor":1,"turns":1},{"damage":0,"enemies":"2 Louse","floor":3,"turns":1},{"damage":0,"enemies":"3 Sentries","floor":7,"turns":2},{"damage":11,"enemies":"Small Slimes","floor":8,"turns":4},{"damage":57,"enemies":"Gremlin Nob","floor":11,"turns":7},{"damage":17,"enemies":"Exordium Wildlife","floor":12,"turns":7},{"damage":6,"enemies":"Large Slime","floor":13,"turns":4},{"damage":6,"enemies":"Blue Slaver","floor":14,"turns":3},{"damage":21,"enemies":"Hexaghost","floor":16,"turns":20},{"damage":30,"enemies":"3 Byrds","floor":18,"turns":6},{"damage":44,"enemies":"Colosseum Slavers","floor":19,"turns":5}],"seed_played":"5838749505551470990","potions_obtained":[{"floor":1,"key":"Dexterity Potion"},{"floor":11,"key":"EssenceOfSteel"}],"is_trial":false,"path_per_floor":["M","$","M","?","?","R","E","M","T","$","E","M","M","M","R","B",null,"M","?"],"character_chosen":"IRONCLAD","items_purchased":["Metallicize","Clothesline","Oddly Smooth Stone"],"campfire_rested":2,"item_purchase_floors":[2,2,10],"current_hp_per_floor":[74,74,75,49,49,71,75,70,77,77,26,15,15,15,39,24,68,44,0],"gold":236,"neow_bonus":"THREE_ENEMY_KILL","is_prod":false,"is_daily":false,"chose_seed":false,"campfire_upgraded":0,"win_rate":0,"timestamp":1550237411,"path_taken":["M","$","?","?","?","R","E","M","T","$","E","M","M","M","R","BOSS","M","?"],"build_version":"2019-01-23","purchased_purges":0,"victory":false,"max_hp_per_floor":[75,75,75,75,75,75,75,75,82,82,82,82,82,82,82,82,82,82,82],"card_choices":[{"not_picked":["Clash","Heavy Blade"],"picked":"Armaments","floor":1},{"not_picked":["Reckless Charge","Perfected Strike"],"picked":"Armaments","floor":3},{"not_picked":["Clothesline","Rupture"],"picked":"Pummel","floor":7},{"not_picked":["Perfected Strike","Blood for Blood"],"picked":"Warcry","floor":8},{"not_picked":["Second Wind","Perfected Strike","Havoc"],"picked":"SKIP","floor":11},{"not_picked":["Reckless Charge","Blood for Blood"],"picked":"Clash","floor":12},{"not_picked":["Sword Boomerang","Iron Wave"],"picked":"Thunderclap","floor":13},{"not_picked":["Pommel Strike","Havoc"],"picked":"Disarm","floor":14},{"not_picked":["Dark Embrace","Impervious"],"picked":"Juggernaut","floor":16},{"not_picked":["Perfected Strike","Iron Wave"],"picked":"Headbutt","floor":18}],"player_experience":2430642,"relics_obtained":[{"floor":7,"key":"War Paint"},{"floor":9,"key":"Strawberry"},{"floor":11,"key":"Sundial"}],"event_choices":[{"damage_healed":0,"gold_gain":0,"player_choice":"Take Damage","damage_taken":26,"relics_obtained":["Golden Idol"],"max_hp_gain":0,"max_hp_loss":0,"event_name":"Golden Idol","floor":4,"gold_loss":0},{"damage_healed":0,"gold_gain":55,"player_choice":"Gained Gold","damage_taken":0,"max_hp_gain":0,"max_hp_loss":0,"event_name":"Golden Wing","floor":5,"gold_loss":0},{"damage_healed":0,"gold_gain":0,"player_choice":"Fight","damage_taken":0,"max_hp_gain":0,"max_hp_loss":0,"event_name":"Colosseum","floor":19,"gold_loss":0}],"is_beta":false,"boss_relics":[{"not_picked":["Tiny House","White Beast Statue"],"picked":"Mark of Pain"}],"items_purged_floors":[],"is_endless":false,"potions_floor_spawned":[1,11,12,13],"killed_by":"Colosseum Slavers","ascension_level":17}