{"gold_per_floor":[118,2,15,31,45,45,45,45,45,45,45,71,71,103,103,176,176,190,208,208,208],"floor_reached":21,"playtime":1681,"items_purged":["Strike_R"],"score":346,"play_id":"50a21d05-b97a-482a-b9bc-4a7c4b19f11e","local_time":"20190211160132","is_ascension_mode":true,"campfire_choices":[{"floor":6,"key":"REST"},{"data":"True Grit","floor":8,"key":"SMITH"},{"floor":11,"key":"REST"},{"floor":13,"key":"REST"},{"data":"Barricade","floor":15,"key":"SMITH"}],"neow_cost":"NONE","seed_source_timestamp":696454006957508,"circlet_count":0,"master_deck":["AscendersBane","Strike_R","Defend_R","Defend_R+1","Defend_R","Defend_R","Bash","Berserk","Whirlwind","Metallicize","True Grit+1","Dropkick","Shrug It Off+1","Fiend Fire","Barricade+1","Limit Break","Rupture+1","Pummel+1","Iron Wave+1","Cleave","Decay"],"relics":["Burning Blood","Shuriken","Singing Bowl","Orichalcum","War Paint","Astrolabe"],"potions_floor_usage":[16,16],"damage_taken":[{"damage":20,"enemies":"Jaw Worm","floor":1,"turns":4},{"damage":6,"enemies":"2 Louse","floor":3,"turns":2},{"damage":17,"enemies":"Small Slimes","floor":4,"turns":4},{"damage":13,"enemies":"Blue Slaver","floor":5,"turns":4},{"damage":47,"enemies":"3 Sentries","floor":12,"turns":10},{"damage":9,"enemies":"Lagavulin","floor":14,"turns":8},{"damage":5,"enemies":"Hexaghost","floor":16,"turns":22},{"damage":0,"enemies":"3 Byrds","floor":18,"turns":7},{"damage":40,"enemies":"Spheric Guardian","floor":19,"turns":13},{"damage":53,"enemies":"Masked Bandits","floor":21,"turns":3}],"seed_played":"6967363089883615133","potions_obtained":[{"floor":1,"key":"FearPotion"},{"floor":4,"key":"Dexterity Potion"},{"floor":14,"key":"Weak Potion"}],"is_trial":false,"path_per_floor":["M","$","M","M","M","R","?","R","T","?","R","E","R","E","R","B",null,"M","M","?","?"],"character_chosen":"IRONCLAD","items_purchased":["Metallicize"],"campfire_rested":3,"item_purchase_floors":[2],"current_hp_per_floor":[54,54,54,43,36,58,58,58,58,58,75,34,56,53,53,54,70,75,43,43,0],"gold":208,"neow_bonus":"ONE_RANDOM_RARE_CARD","is_prod":false,"is_daily":false,"chose_seed":false,"campfire_upgraded":2,"win_rate":0,"timestamp":1549918892,"path_taken":["M","$","M","M","M","R","?","R","T","?","R","E","R","E","R","BOSS","M","M","?","?"],"build_version":"2019-01-23","purchased_purges":1,"victory":false,"max_hp_per_floor":[75,75,75,75,75,75,75,75,75,75,75,75,75,75,75,75,75,75,77,77,77],"card_choices":[{"not_picked":["Warcry","Sword Boomerang"],"picked":"Whirlwind","floor":1},{"not_picked":["Clash","Shockwave"],"picked":"True Grit","floor":3},{"not_picked":["Shrug It Off","Sword Boomerang"],"picked":"Dropkick","floor":4},{"not_picked":["Sword Boomerang","Heavy Blade"],"picked":"Shrug It Off","floor":5},{"not_picked":["Thunderclap","Fire Breathing"],"picked":"Fiend Fire","floor":12},{"not_picked":["Wild Strike","Inflame"],"picked":"Barricade","floor":14},{"not_picked":["Barricade","Dark Embrace"],"picked":"Limit Break","floor":16},{"not_picked":["Infernal Blade","Perfected Strike"],"picked":"Cleave","floor":18},{"not_picked":["Warcry","Seeing Red+1","Wild Strike"],"picked":"Singing Bowl","floor":19}],"player_experience":2401587,"relics_obtained":[{"floor":9,"key":"Shuriken"},{"floor":12,"key":"Orichalcum"},{"floor":14,"key":"War Paint"}],"event_choices":[{"damage_healed":0,"gold_gain":0,"player_choice":"Ignored","damage_taken":0,"max_hp_gain":0,"max_hp_loss":0,"event_name":"Liars Game","floor":7,"gold_loss":0},{"damage_healed":0,"gold_gain":0,"player_choice":"Searched \u00271\u0027 times","damage_taken":0,"relics_obtained":["Singing Bowl"],"max_hp_gain":0,"max_hp_loss":0,"event_name":"Dead Adventurer","floor":10,"gold_loss":0},{"damage_healed":0,"gold_gain":0,"player_choice":"Smashed Altar","damage_taken":0,"max_hp_gain":0,"max_hp_loss":0,"event_name":"Forgotten Altar","floor":20,"gold_loss":0,"cards_obtained":["Decay"]},{"damage_healed":0,"gold_gain":0,"player_choice":"Fought Bandits","damage_taken":0,"max_hp_gain":0,"max_hp_loss":0,"event_name":"Masked Bandits","floor":21,"gold_loss":0}],"is_beta":false,"boss_relics":[{"not_picked":["Orrery","Fusion Hammer"],"picked":"Astrolabe"}],"items_purged_floors":[2],"is_endless":false,"potions_floor_spawned":[1,4,14],"killed_by":"Masked Bandits","ascension_level":17}