{"gold_per_floor":[116,134,59,69,80,80,106,106,106,106,134,146,163,198,198,198],"floor_reached":16,"playtime":1436,"items_purged":["Pain"],"score":214,"play_id":"fc513dd5-0848-41cc-9a9b-8b9c3d660061","local_time":"20180703153508","is_ascension_mode":true,"campfire_choices":[{"data":"Neutralize","floor":6,"key":"SMITH"},{"floor":8,"key":"REST"},{"floor":10,"key":"REST"},{"floor":15,"key":"REST"}],"neow_cost":"CURSE","seed_source_timestamp":612231841292497,"circlet_count":0,"master_deck":["Defend_G","Defend_G","Defend_G","Defend_G","Defend_G","Strike_G","Strike_G","Strike_G","Strike_G","Strike_G","Survivor","Neutralize+1","AscendersBane","Dagger Throw","Flying Knee","Well Laid Plans","Backstab","PiercingWail","All Out Attack","Backflip"],"relics":["Ring of the Snake","Tingsha","Bag of Preparation","Frozen Egg 2","Shovel","Orichalcum"],"potions_floor_usage":[7,11,16],"damage_taken":[{"damage":12,"enemies":"Cultist","floor":1,"turns":7},{"damage":0,"enemies":"Small Slimes","floor":2,"turns":3},{"damage":1,"enemies":"Jaw Worm","floor":4,"turns":3},{"damage":7,"enemies":"2 Fungi Beasts","floor":5,"turns":3},{"damage":22,"enemies":"Lagavulin","floor":7,"turns":10},{"damage":8,"enemies":"3 Sentries","floor":11,"turns":10},{"damage":12,"enemies":"Exordium Wildlife","floor":12,"turns":7},{"damage":3,"enemies":"Lots of Slimes","floor":13,"turns":3},{"damage":28,"enemies":"Gremlin Nob","floor":14,"turns":4},{"damage":28,"enemies":"Hexaghost","floor":16,"turns":14}],"seed_played":"5452656649805271281","potions_obtained":[{"floor":1,"key":"Dexterity Potion"},{"floor":7,"key":"Energy Potion"},{"floor":14,"key":"GamblersBrew"}],"is_trial":false,"path_per_floor":["M","M","$","M","M","R","E","R","T","R","E","M","M","E","R"],"character_chosen":"THE_SILENT","items_purchased":[],"campfire_rested":3,"item_purchase_floors":[],"current_hp_per_floor":[47,47,47,46,39,39,17,36,36,55,47,35,32,4,23,0],"gold":198,"neow_bonus":"ONE_RARE_RELIC","is_prod":false,"is_daily":false,"chose_seed":false,"campfire_upgraded":1,"win_rate":0,"timestamp":1530624908,"path_taken":["M","M","$","M","M","R","E","R","T","R","E","M","M","E","R","BOSS"],"build_version":"2018-06-28","purchased_purges":1,"victory":false,"max_hp_per_floor":[66,66,66,66,66,66,66,66,66,66,66,66,66,66,66,66],"card_choices":[{"not_picked":["Expertise","Poisoned Stab"],"picked":"Dagger Throw","floor":1},{"not_picked":["Quick Slash","Blur"],"picked":"Flying Knee","floor":2},{"not_picked":["Deadly Poison","Poisoned Stab","Terror"],"picked":"SKIP","floor":4},{"not_picked":["Bullet Time","Flying Knee","Outmaneuver"],"picked":"SKIP","floor":5},{"not_picked":["Bane","Backflip"],"picked":"Well Laid Plans","floor":7},{"not_picked":["Outmaneuver","Escape Plan"],"picked":"Backstab","floor":11},{"not_picked":["Flying Knee","Sucker Punch"],"picked":"PiercingWail","floor":12},{"not_picked":["Envenom+1","Catalyst"],"picked":"All Out Attack","floor":13},{"not_picked":["Dagger Throw","Quick Slash"],"picked":"Backflip","floor":14}],"player_experience":975517,"relics_obtained":[{"floor":7,"key":"Bag of Preparation"},{"floor":9,"key":"Frozen Egg 2"},{"floor":11,"key":"Shovel"},{"floor":14,"key":"Orichalcum"}],"event_choices":[],"boss_relics":[],"items_purged_floors":[3],"is_endless":false,"potions_floor_spawned":[1,7,14],"killed_by":"Hexaghost","ascension_level":15}