{"gold_per_floor":[115,126,138,157,157,485,18,18,18,51,51,51,51,69,69,172,172,190,205,238,248,248],"floor_reached":22,"playtime":1891,"items_purged":["Strike_B"],"score":221,"play_id":"8cc54d2d-47ca-40b2-82b8-b2ceb51758bd","local_time":"20180713110735","is_ascension_mode":false,"campfire_choices":[{"floor":8,"key":"REST"},{"floor":11,"key":"REST"},{"data":"Zap","floor":13,"key":"SMITH"},{"floor":15,"key":"REST"}],"neow_cost":"","seed_source_timestamp":0,"circlet_count":0,"master_deck":["Strike_B","Strike_B","Defend_B","Defend_B","Defend_B","Defend_B","Zap+1","Dualcast","Go for the Eyes","Steam","Redo","Go for the Eyes","Swift Strike","Fusion","Beam Cell","Reboot","Hologram"],"relics":["Unceasing Top","Old Coin","Pantograph","The Courier","Singing Bowl","Busted Crown","Red Mask"],"potions_floor_usage":[16,16,16,19],"damage_taken":[{"damage":6,"enemies":"Jaw Worm","floor":1,"turns":3},{"damage":1,"enemies":"2 Louse","floor":2,"turns":4},{"damage":2,"enemies":"Small Slimes","floor":3,"turns":3},{"damage":18,"enemies":"Exordium Wildlife","floor":4,"turns":6},{"damage":31,"enemies":"Gremlin Nob","floor":6,"turns":5},{"damage":30,"enemies":"3 Sentries","floor":10,"turns":9},{"damage":12,"enemies":"Gremlin Gang","floor":14,"turns":6},{"damage":10,"enemies":"The Guardian","floor":16,"turns":8},{"damage":12,"enemies":"2 Thieves","floor":18,"turns":4},{"damage":6,"enemies":"Chosen","floor":19,"turns":3},{"damage":7,"floor":20,"turns":4},{"damage":43,"enemies":"Sentry and Sphere","floor":21,"turns":8},{"damage":14,"enemies":"Slaver and Parasite","floor":22,"turns":3}],"seed_played":"8655569963140002374","potions_obtained":[{"floor":2,"key":"Ancient Potion"},{"floor":6,"key":"LiquidBronze"},{"floor":14,"key":"Energy Potion"},{"floor":16,"key":"Swift Potion"},{"floor":19,"key":"Ancient Potion"},{"floor":21,"key":"Dexterity Potion"}],"is_trial":true,"path_per_floor":["M","M","M","M","?","E","$","R","T","E","R","?","R","M","R","B",null,"M","M","?","M"],"character_chosen":"DEFECT","items_purchased":["Go for the Eyes","Pantograph","Swift Strike"],"campfire_rested":3,"item_purchase_floors":[7,7,7],"current_hp_per_floor":[69,68,66,48,48,17,17,39,39,9,31,31,31,19,41,56,75,65,61,54,13,0],"gold":248,"neow_bonus":"","is_prod":false,"is_daily":false,"chose_seed":false,"campfire_upgraded":1,"win_rate":0,"timestamp":1531494455,"path_taken":["M","M","M","M","?","E","$","R","T","E","R","?","R","M","R","BOSS","M","M","?","M","M"],"build_version":"2018-07-12","purchased_purges":1,"victory":false,"max_hp_per_floor":[75,75,75,75,75,75,75,75,75,75,75,75,75,75,75,75,75,77,79,79,81,81],"card_choices":[{"not_picked":["Conserve Battery","Rebound"],"picked":"Go for the Eyes","floor":1},{"not_picked":["Turbo","Barrage"],"picked":"Steam","floor":2},{"not_picked":["Auto Shields","Turbo","Doom and Gloom"],"picked":"SKIP","floor":3},{"not_picked":["Meteor Strike","Cold Snap"],"picked":"Redo","floor":4},{"not_picked":["Darkness","Stack","Conserve Battery"],"picked":"SKIP","floor":6},{"not_picked":["Barrage","Rebound"],"picked":"Fusion","floor":10},{"not_picked":["Redo","Conserve Battery"],"picked":"Beam Cell","floor":14},{"not_picked":["Multi-Cast","Thunder Strike"],"picked":"Reboot","floor":16},{"not_picked":["Barrage"],"picked":"Singing Bowl","floor":18},{"not_picked":["Cold Snap+1"],"picked":"Singing Bowl","floor":19},{"not_picked":[],"picked":"Hologram","floor":20},{"not_picked":["Force Field"],"picked":"Singing Bowl","floor":21}],"player_experience":1067343,"relics_obtained":[{"floor":6,"key":"Old Coin"},{"floor":9,"key":"The Courier"},{"floor":10,"key":"Singing Bowl"},{"floor":20,"key":"Red Mask"}],"event_choices":[{"event_name":"Golden Idol","player_choice":"Ignored","floor":5,"damage_taken":0},{"event_name":"Living Wall","player_choice":"Forget","floor":12,"damage_taken":0},{"event_name":"Masked Bandits","player_choice":"Fought over 205 gold","floor":20,"damage_taken":0}],"boss_relics":[{"not_picked":["Astrolabe","White Beast Statue"],"picked":"Busted Crown"}],"items_purged_floors":[7],"is_endless":false,"potions_floor_spawned":[2,6,14,16,19,21],"killed_by":"Slaver and Parasite","ascension_level":0}