{"gold_per_floor":[114,114,124,184,203,203,230,241,241,241,32,60,60,75,75,172,172,187,187,201,221,61,86,86,86,86,86,86,113,127,154,154,257,257,270,44,61,72,89,89,103,103,103,122,174,174,208,0,0,0],"floor_reached":51,"playtime":4606,"items_purged":[],"score":1030,"play_id":"c850b8f8-7c49-4658-8bba-5a53946aa7a9","local_time":"20180801181535","is_ascension_mode":true,"campfire_choices":[{"data":"Neutralize","floor":6,"key":"SMITH"},{"floor":13,"key":"REST"},{"data":"Sucker Punch","floor":15,"key":"SMITH"},{"data":"After Image","floor":25,"key":"SMITH"},{"data":"1","floor":27,"key":"LIFT"},{"data":"2","floor":32,"key":"LIFT"},{"data":"3","floor":40,"key":"LIFT"},{"data":"After Image","floor":42,"key":"SMITH"},{"data":"Sucker Punch","floor":49,"key":"SMITH"}],"neow_cost":"","seed_source_timestamp":485724998814719,"circlet_count":0,"master_deck":["Defend_G+1","Defend_G+1","Defend_G+1","Defend_G+1","Defend_G+1","Survivor+1","Neutralize+1","Dash","Flying Knee","Dagger Spray","After Image+1","Blur","PiercingWail+1","Cloak And Dagger+1","Dodge and Roll+1","Well Laid Plans","Dagger Spray","Sucker Punch+1","Blur+1","After Image+1","Deflect+1","Bite","Bite","Bite","Bite","Bite","Noxious Fumes","Die Die Die","Blade Dance+1","Infinite Blades+1","Malaise+1","Noxious Fumes","Footwork","Crippling Poison+1","Backstab","Choke+1","Discovery+1","Sucker Punch+1"],"relics":["Ring of the Snake","Letter Opener","Toxic Egg 2","War Paint","Eternal Feather","Ornamental Fan","Girya","Oddly Smooth Stone","Anchor","Busted Crown","Vajra","Potion Belt","Nunchaku","Boot","Red Mask"],"potions_floor_usage":[7,14,16,20,23,23,23,23,35,50,50,50,50],"damage_taken":[{"damage":0,"enemies":"2 Louse","floor":1,"turns":4},{"damage":5,"enemies":"Jaw Worm","floor":3,"turns":7},{"damage":0,"enemies":"Small Slimes","floor":5,"turns":3},{"damage":18,"enemies":"Lagavulin","floor":7,"turns":6},{"damage":10,"enemies":"3 Louse","floor":8,"turns":4},{"damage":6,"enemies":"3 Sentries","floor":12,"turns":8},{"damage":0,"enemies":"Large Slime","floor":14,"turns":7},{"damage":24,"enemies":"Slime Boss","floor":16,"turns":13},{"damage":4,"enemies":"3 Byrds","floor":18,"turns":6},{"damage":22,"enemies":"Chosen","floor":20,"turns":9},{"damage":13,"enemies":"Snecko","floor":21,"turns":11},{"damage":54,"enemies":"Book of Stabbing","floor":23,"turns":9},{"damage":6,"enemies":"Snake Plant","floor":30,"turns":7},{"damage":22,"enemies":"Gremlin Leader","floor":31,"turns":12},{"damage":40,"enemies":"Champ","floor":33,"turns":15},{"damage":8,"enemies":"3 Shapes","floor":35,"turns":4},{"damage":0,"enemies":"Orb Walker","floor":37,"turns":4},{"damage":0,"enemies":"Flame Bruiser 2 Orb","floor":38,"turns":5},{"damage":18,"enemies":"3 Darklings","floor":39,"turns":6},{"damage":8,"enemies":"Spire Growth","floor":41,"turns":5},{"damage":1,"enemies":"4 Shapes","floor":44,"turns":6},{"damage":3,"floor":45,"turns":4},{"damage":0,"enemies":"Giant Head","floor":47,"turns":10},{"damage":7,"enemies":"Time Eater","floor":50,"turns":13}],"seed_played":"-5559481618243260694","potions_obtained":[{"floor":1,"key":"SteroidPotion"},{"floor":8,"key":"SkillPotion"},{"floor":12,"key":"Poison Potion"},{"floor":16,"key":"Ancient Potion"},{"floor":18,"key":"AttackPotion"},{"floor":20,"key":"EntropicBrew"},{"floor":30,"key":"Block Potion"},{"floor":35,"key":"Fire Potion"},{"floor":39,"key":"Strength Potion"},{"floor":45,"key":"EssenceOfSteel"}],"is_trial":false,"path_per_floor":["M","?","M","?","M","R","E","M","T","?","$","E","R","M","R","B",null,"M","?","M","M","$","E","?","R","T","R","?","T","M","E","R","B",null,"M","$","M","M","M","R","M","R","T","M","?","?","E","?","R","B"],"character_chosen":"THE_SILENT","items_purchased":["Cloak And Dagger+1","Dodge and Roll+1","Well Laid Plans","Dagger Spray","Noxious Fumes","Die Die Die","Vajra","Noxious Fumes"],"campfire_rested":1,"item_purchase_floors":[11,11,11,11,22,22,36,36],"current_hp_per_floor":[63,49,44,44,44,44,26,16,16,16,16,10,31,31,31,7,54,50,49,31,32,32,4,4,19,19,34,49,49,49,33,49,19,42,38,38,40,48,38,49,43,49,49,49,49,39,49,49,49,45],"gold":0,"neow_bonus":"","is_prod":false,"is_daily":false,"chose_seed":false,"campfire_upgraded":5,"win_rate":0,"timestamp":1533165335,"path_taken":["M","?","M","?","M","R","E","M","T","?","$","E","R","M","R","BOSS","M","?","M","M","$","E","?","R","T","R","?","?","M","E","R","BOSS","M","$","M","M","M","R","M","R","T","M","?","?","E","?","R","BOSS"],"build_version":"2018-07-31","purchased_purges":0,"victory":true,"max_hp_per_floor":[70,70,70,70,70,70,70,70,70,70,70,70,70,70,70,70,70,70,49,49,49,49,49,49,49,49,49,49,49,49,49,49,49,49,49,49,49,49,49,49,49,49,49,49,49,49,49,49,49,49],"card_choices":[{"not_picked":["Bouncing Flask","Dodge and Roll"],"picked":"Dash","floor":1},{"not_picked":["Well Laid Plans","Deflect"],"picked":"Flying Knee","floor":3},{"not_picked":["Sucker Punch","Dagger Throw"],"picked":"Dagger Spray","floor":5},{"not_picked":["Predator","Burst"],"picked":"After Image","floor":7},{"not_picked":["Dagger Spray","Bouncing Flask"],"picked":"Blur","floor":8},{"not_picked":["Deadly Poison+1","Setup+1"],"picked":"Sucker Punch","floor":12},{"not_picked":["Dash","Acrobatics+1"],"picked":"Blur+1","floor":14},{"not_picked":["Envenom","Adrenaline+1"],"picked":"After Image","floor":16},{"not_picked":["Blade Dance+1","Outmaneuver+1"],"picked":"Deflect+1","floor":18},{"not_picked":["Bane","Poisoned Stab","Prepared+1"],"picked":"SKIP","floor":20},{"not_picked":["Acrobatics+1","All Out Attack+1","PiercingWail+1"],"picked":"SKIP","floor":21},{"not_picked":["Dagger Throw","Glass Knife","Calculated Gamble+1"],"picked":"SKIP","floor":23},{"not_picked":["PiercingWail+1","Eviscerate"],"picked":"Blade Dance+1","floor":30},{"not_picked":["Footwork","Tactician+1"],"picked":"Infinite Blades+1","floor":31},{"not_picked":["Doppelganger+1","Tools of the Trade"],"picked":"Malaise+1","floor":33},{"not_picked":["Dagger Spray"],"picked":"SKIP","floor":35},{"not_picked":[],"picked":"Footwork","floor":37},{"not_picked":[],"picked":"Crippling Poison+1","floor":38},{"not_picked":[],"picked":"Backstab","floor":39},{"not_picked":["Calculated Gamble+1"],"picked":"SKIP","floor":41},{"not_picked":["Poisoned Stab"],"picked":"SKIP","floor":44},{"not_picked":[],"picked":"Choke+1","floor":45},{"not_picked":[],"picked":"Discovery+1","floor":46},{"not_picked":[],"picked":"Sucker Punch","floor":47}],"player_experience":319792,"relics_obtained":[{"floor":7,"key":"Letter Opener"},{"floor":9,"key":"Toxic Egg 2"},{"floor":12,"key":"War Paint"},{"floor":23,"key":"Ornamental Fan"},{"floor":26,"key":"Girya"},{"floor":29,"key":"Oddly Smooth Stone"},{"floor":31,"key":"Anchor"},{"floor":43,"key":"Potion Belt"},{"floor":45,"key":"Nunchaku"},{"floor":47,"key":"Boot"}],"event_choices":[{"event_name":"Shining Light","player_choice":"Entered Light","floor":2,"damage_taken":0},{"event_name":"Golden Wing","player_choice":"Gained Gold","floor":4,"damage_taken":0},{"event_name":"Transmorgrifier","player_choice":"Transform","floor":10,"damage_taken":0},{"event_name":"Vampires","player_choice":"Became a vampire","floor":19,"damage_taken":0},{"event_name":"Back to Basics","player_choice":"Simplicity","floor":24,"damage_taken":0},{"event_name":"The Library","player_choice":"Heal","floor":28,"damage_taken":0},{"event_name":"Mysterious Sphere","player_choice":"Fight","floor":45,"damage_taken":0},{"event_name":"SensoryStone","player_choice":"Memory 3","floor":46,"damage_taken":0},{"event_name":"Tomb of Lord Red Mask","player_choice":"Paid","floor":48,"damage_taken":0}],"is_beta":true,"boss_relics":[{"not_picked":["Orrery","Runic Dome"],"picked":"Eternal Feather"},{"not_picked":["Velvet Choker","HoveringKite"],"picked":"Busted Crown"}],"items_purged_floors":[],"is_endless":false,"potions_floor_spawned":[1,8,12,16,18,20,30,35,39,45],"ascension_level":8}