{"gold_per_floor":[114,129,129,144,43,43,73,73,73,103,63,78,93,108,108,208,208,223,2,17,32,32,62,62,392,392,407,407,422,452,467,467,567,567,582,597,147,162,177,207,207,222,297,297,312,342,357,372,372,372],"floor_reached":51,"playtime":2126,"items_purged":[],"score":985,"play_id":"31beaf43-bdf3-4155-825e-fbd79c3237f4","local_time":"20181116125512","daily_mods":["Insanity","Red Cards","Lethality"],"is_ascension_mode":false,"campfire_choices":[{"data":"Armaments","floor":6,"key":"SMITH"},{"data":"Dagger Spray","floor":8,"key":"SMITH"},{"data":"Feel No Pain","floor":15,"key":"SMITH"},{"floor":24,"key":"REST"},{"floor":32,"key":"REST"},{"floor":41,"key":"REST"},{"floor":44,"key":"REST"},{"floor":49,"key":"REST"}],"neow_cost":"","seed_source_timestamp":0,"circlet_count":0,"master_deck":["Masterful Stab","Flex","Poisoned Stab","Deflect","Dagger Spray+1","Battle Trance","Slice","Cleave","Clothesline","Anger","Combust","Anger","Dodge and Roll","Searing Blow","Perfected Strike","Flex","Warcry","Dodge and Roll","Wild Strike","Corruption+1","Perfected Strike","Acrobatics","Poisoned Stab","Dagger Throw","Quick Slash","Bane","Expertise","Sucker Punch","Sword Boomerang","Deadly Poison","Twin Strike","Clash","Tactician","Skewer","Sword Boomerang","Armaments+1","Disarm","Bane","Second Wind","Cloak And Dagger","Cleave","Body Slam","Havoc","Sucker Punch","Calculated Gamble","Iron Wave","Finisher","Escape Plan","Twin Strike","Backflip","Slice","Deadly Poison","Wild Strike","Headbutt","Footwork","Feel No Pain+1","Pommel Strike+1","Pummel+1","Feel No Pain","Exhume","All Out Attack+1","Crippling Poison","Heel Hook+1","Dagger Spray+1","Well Laid Plans","Dark Embrace","Dodge and Roll+1","Dagger Spray+1","Deflect","Armaments+1","Whirlwind+1","Bloodletting","Dodge and Roll+1","After Image","Spot Weakness","Bloodletting+1","Backflip+1","Entrench+1","Shockwave+1","Battle Trance+1","Shrug It Off","Distraction","Disarm","Reaper+1","Entrench+1","True Grit+1"],"special_seed":17851,"relics":["Ring of the Snake","Bag of Marbles","Potion Belt","Molten Egg 2","Sozu","Oddly Smooth Stone","Prayer Wheel","Old Coin","Mercury Hourglass","Ninja Scroll","Snecko Eye","Paper Crane","Medical Kit","Happy Flower","Question Card","Du-Vu Doll"],"potions_floor_usage":[7,17,25,30,50],"damage_taken":[{"damage":0,"enemies":"2 Louse","floor":1,"turns":1},{"damage":0,"enemies":"Cultist","floor":2,"turns":1},{"damage":0,"enemies":"Small Slimes","floor":4,"turns":2},{"damage":0,"enemies":"Lagavulin","floor":7,"turns":3},{"damage":0,"enemies":"Gremlin Nob","floor":10,"turns":2},{"damage":0,"enemies":"2 Fungi Beasts","floor":12,"turns":1},{"damage":0,"enemies":"Blue Slaver","floor":13,"turns":1},{"damage":1,"enemies":"Looter","floor":14,"turns":1},{"damage":24,"enemies":"The Guardian","floor":16,"turns":6},{"damage":15,"enemies":"Shell Parasite","floor":18,"turns":2},{"damage":9,"enemies":"2 Thieves","floor":20,"turns":2},{"damage":29,"enemies":"Centurion and Healer","floor":21,"turns":3},{"damage":18,"enemies":"Book of Stabbing","floor":23,"turns":2},{"damage":0,"enemies":"Slavers","floor":25,"turns":3},{"damage":0,"enemies":"Shelled Parasite and Fungi","floor":27,"turns":2},{"damage":0,"enemies":"Snecko","floor":29,"turns":3},{"damage":14,"enemies":"Gremlin Leader","floor":30,"turns":4},{"damage":0,"enemies":"Snake Plant","floor":31,"turns":1},{"damage":24,"enemies":"Collector","floor":33,"turns":5},{"damage":32,"enemies":"3 Darklings","floor":35,"turns":3},{"damage":0,"enemies":"Orb Walker","floor":36,"turns":2},{"damage":0,"enemies":"Jaw Worm Horde","floor":38,"turns":3},{"damage":3,"enemies":"Sphere and 2 Shapes","floor":39,"turns":3},{"damage":25,"enemies":"Giant Head","floor":40,"turns":5},{"damage":3,"enemies":"Transient","floor":42,"turns":5},{"damage":0,"enemies":"3 Darklings","floor":45,"turns":1},{"damage":5,"enemies":"Nemesis","floor":46,"turns":3},{"damage":9,"enemies":"4 Shapes","floor":47,"turns":5},{"damage":0,"enemies":"Jaw Worm Horde","floor":48,"turns":2},{"damage":50,"enemies":"Donu and Deca","floor":50,"turns":5}],"seed_played":"6904533978699419916","potions_obtained":[{"floor":1,"key":"GamblersBrew"},{"floor":4,"key":"LiquidBronze"},{"floor":10,"key":"Energy Potion"},{"floor":11,"key":"Ancient Potion"},{"floor":11,"key":"LiquidBronze"},{"floor":11,"key":"Dexterity Potion"},{"floor":13,"key":"GhostInAJar"},{"floor":16,"key":"Fruit Juice"}],"is_trial":false,"path_per_floor":["M","M","?","M","$","R","E","R","T","E","?","M","M","M","R","B",null,"M","$","M","M","$","E","R","E","T","M","?","M","E","M","R","B",null,"M","M","$","M","M","E","R","M","T","R","M","E","M","M","R","B",null],"character_chosen":"THE_SILENT","items_purchased":["Headbutt","SteroidPotion","Oddly Smooth Stone","Crippling Poison","Paper Crane","Medical Kit"],"campfire_rested":5,"item_purchase_floors":[5,5,19,19,37,37],"current_hp_per_floor":[70,70,70,70,70,70,70,70,70,70,70,70,70,69,69,45,75,60,60,51,22,22,4,26,26,26,26,26,26,12,12,34,10,75,43,43,43,43,40,15,37,34,34,56,56,59,50,50,72,22],"gold":372,"neow_bonus":"","is_prod":false,"is_daily":true,"chose_seed":false,"campfire_upgraded":3,"win_rate":0,"timestamp":1542369312,"path_taken":["M","M","?","M","$","R","E","R","T","E","?","M","M","M","R","BOSS","M","$","M","M","$","E","R","E","T","?","?","M","E","M","R","BOSS","M","M","$","M","M","E","R","M","T","R","M","E","M","M","R","BOSS"],"build_version":"2018-11-15","purchased_purges":0,"victory":true,"max_hp_per_floor":[70,70,70,70,70,70,70,70,70,70,70,70,70,70,70,70,75,75,75,75,75,75,75,75,75,75,75,75,75,75,75,75,75,75,75,75,75,75,75,75,75,75,75,75,75,75,75,75,75,75],"card_choices":[{"not_picked":["Heavy Blade","Warcry"],"picked":"Slice","floor":1},{"not_picked":["PiercingWail","Dagger Spray"],"picked":"Deadly Poison","floor":2},{"not_picked":["Corruption","Perfected Strike"],"picked":"Wild Strike","floor":4},{"not_picked":["Reaper","Perfected Strike"],"picked":"Footwork","floor":7},{"not_picked":["Accuracy","Sword Boomerang"],"picked":"Feel No Pain","floor":10},{"not_picked":["Flex","PiercingWail"],"picked":"Pommel Strike+1","floor":12},{"not_picked":["Skewer+1","Calculated Gamble"],"picked":"Pummel+1","floor":13},{"not_picked":["Anger+1","Dagger Spray+1"],"picked":"Feel No Pain","floor":14},{"not_picked":["Immolate+1","Tools of the Trade"],"picked":"Exhume","floor":16},{"not_picked":["Bane+1","Dagger Throw+1"],"picked":"All Out Attack+1","floor":18},{"not_picked":["Clash+1","Deadly Poison+1"],"picked":"Heel Hook+1","floor":20},{"not_picked":["Twin Strike+1","Dagger Throw+1"],"picked":"Dagger Spray+1","floor":21},{"not_picked":["Disarm","A Thousand Cuts"],"picked":"Well Laid Plans","floor":23},{"not_picked":["Sword Boomerang+1","Storm of Steel"],"picked":"Dark Embrace","floor":25},{"not_picked":["Choke+1","Clash+1"],"picked":"Dodge and Roll+1","floor":27},{"not_picked":["Cloak And Dagger","Caltrops"],"picked":"Dagger Spray+1","floor":27},{"not_picked":["Fire Breathing+1","Concentrate"],"picked":"Deflect","floor":29},{"not_picked":["Phantasmal Killer","Prepared+1"],"picked":"Armaments+1","floor":29},{"not_picked":["Headbutt+1","Twin Strike+1"],"picked":"Whirlwind+1","floor":30},{"not_picked":["Quick Slash+1","Sucker Punch+1"],"picked":"Bloodletting","floor":31},{"not_picked":["Backflip","Clash+1"],"picked":"Dodge and Roll+1","floor":31},{"not_picked":["Glass Knife+1","Impervious"],"picked":"After Image","floor":33},{"not_picked":["Wild Strike+1","Flechettes+1"],"picked":"Spot Weakness","floor":35},{"not_picked":["Headbutt+1","Combust"],"picked":"Bloodletting+1","floor":35},{"not_picked":["Bane+1","Sword Boomerang+1"],"picked":"Backflip+1","floor":36},{"not_picked":["Slice+1","Thunderclap+1"],"picked":"Entrench+1","floor":36},{"not_picked":["Slice+1","Footwork+1"],"picked":"Shockwave+1","floor":38},{"not_picked":["Iron Wave+1","Bane+1"],"picked":"Battle Trance+1","floor":38},{"not_picked":["Setup","Demon Form"],"picked":"Shrug It Off","floor":39},{"not_picked":["Sucker Punch+1","Headbutt+1"],"picked":"Distraction","floor":39},{"not_picked":["Perfected Strike+1","Finisher+1"],"picked":"Disarm","floor":40},{"not_picked":["Setup","Reckless Charge+1"],"picked":"Reaper+1","floor":42},{"not_picked":["Disarm","PiercingWail","Flying Knee+1"],"picked":"SKIP","floor":42},{"not_picked":["Deflect+1","Feel No Pain","Catalyst","Flying Knee+1"],"picked":"SKIP","floor":45},{"not_picked":["Clothesline+1","Sever Soul+1","Ghostly Armor","Prepared"],"picked":"SKIP","floor":45},{"not_picked":["Spot Weakness","Underhanded Strike+1","Bouncing Flask","Pommel Strike+1"],"picked":"SKIP","floor":46},{"not_picked":["Perfected Strike+1","Iron Wave+1","Sword Boomerang+1"],"picked":"Entrench+1","floor":47},{"not_picked":["Uppercut+1","Sever Soul+1","Dodge and Roll"],"picked":"True Grit+1","floor":47},{"not_picked":["Sever Soul+1","Sucker Punch+1","Calculated Gamble+1","Warcry+1"],"picked":"SKIP","floor":48},{"not_picked":["Quick Slash+1","Wild Strike+1","Underhanded Strike+1","Thunderclap+1"],"picked":"SKIP","floor":48}],"player_experience":1715190,"relics_obtained":[{"floor":7,"key":"Bag of Marbles"},{"floor":9,"key":"Potion Belt"},{"floor":10,"key":"Molten Egg 2"},{"floor":23,"key":"Prayer Wheel"},{"floor":25,"key":"Old Coin"},{"floor":26,"key":"Mercury Hourglass"},{"floor":30,"key":"Ninja Scroll"},{"floor":40,"key":"Happy Flower"},{"floor":43,"key":"Question Card"},{"floor":46,"key":"Du-Vu Doll"}],"event_choices":[{"damage_healed":0,"gold_gain":0,"player_choice":"Grow","damage_taken":0,"max_hp_gain":0,"max_hp_loss":0,"event_name":"Living Wall","floor":3,"gold_loss":0,"cards_upgraded":["Corruption"]},{"damage_healed":0,"gold_gain":0,"player_choice":"Bought 3 Potions","damage_taken":0,"max_hp_gain":0,"max_hp_loss":0,"event_name":"The Woman in Blue","floor":11,"gold_loss":0},{"damage_healed":0,"gold_gain":0,"player_choice":"Ignored","damage_taken":0,"max_hp_gain":0,"max_hp_loss":0,"event_name":"Vampires","floor":28,"gold_loss":0}],"is_beta":false,"boss_relics":[{"not_picked":["Runic Pyramid","Empty Cage"],"picked":"Sozu"},{"not_picked":["Calling Bell","White Beast Statue"],"picked":"Snecko Eye"}],"items_purged_floors":[],"is_endless":false,"potions_floor_spawned":[1,4,10,13,16,18,23,25,31,36,40,42,45,48],"ascension_level":0}