{"gold_per_floor":[113,263,279,279,30,64,79,79,151,181,181,194,49,61,61,136,186,198,214,231,231],"floor_reached":21,"playtime":897,"items_purged":["Doubt"],"score":410,"play_id":"591b04e7-cd56-4d6d-8847-cf45e9ca43b4","local_time":"20190129170943","is_ascension_mode":true,"campfire_choices":[{"data":"Zap","floor":8,"key":"SMITH"},{"data":"Coolheaded","floor":11,"key":"SMITH"},{"data":"White Noise","floor":15,"key":"SMITH"}],"neow_cost":"NONE","seed_source_timestamp":448753804213566,"circlet_count":0,"master_deck":["AscendersBane","Strike_B","Strike_B","Strike_B","Strike_B","Defend_B","Defend_B","Defend_B","Defend_B","Zap+1","Dualcast","Beam Cell+1","White Noise+1","Coolheaded","Melter","Coolheaded+1","Hologram","Heatsinks+1","Static Discharge+1","Static Discharge+1","Coolheaded","Steam","Storm+1","Core Surge","Capacitor+1","Chill+1","Loop+1","Amplify"],"relics":["Cracked Core","NeowsBlessing","PreservedInsect","Question Card","Kunai","Frozen Egg 2","Tiny House"],"potions_floor_usage":[10,14,16,16,19,21],"damage_taken":[{"damage":0,"enemies":"2 Louse","floor":1,"turns":1},{"damage":0,"enemies":"Small Slimes","floor":3,"turns":1},{"damage":0,"enemies":"Gremlin Nob","floor":6,"turns":1},{"damage":1,"enemies":"Jaw Worm","floor":7,"turns":3},{"damage":5,"enemies":"3 Sentries","floor":10,"turns":3},{"damage":7,"enemies":"Blue Slaver","floor":12,"turns":4},{"damage":7,"enemies":"Red Slaver","floor":14,"turns":4},{"damage":12,"enemies":"The Guardian","floor":16,"turns":4},{"damage":15,"enemies":"Shell Parasite","floor":18,"turns":4},{"damage":9,"enemies":"3 Byrds","floor":19,"turns":5},{"damage":36,"enemies":"Snecko","floor":20,"turns":4},{"damage":14,"enemies":"Colosseum Slavers","floor":21,"turns":4}],"seed_played":"-8949665335785989689","potions_obtained":[{"floor":6,"key":"SkillPotion"},{"floor":12,"key":"SpeedPotion"},{"floor":14,"key":"Explosive Potion"},{"floor":17,"key":"FocusPotion"},{"floor":18,"key":"Block Potion"}],"is_trial":false,"path_per_floor":["M","?","M","?","$","E","M","R","T","E","R","M","$","M","R","B",null,"M","M","M","?"],"character_chosen":"DEFECT","items_purchased":["Coolheaded","Melter","FocusPotion","Static Discharge+1","Coolheaded","Steam"],"campfire_rested":0,"item_purchase_floors":[5,5,5,13,13,13],"current_hp_per_floor":[64,64,64,53,53,53,52,52,52,47,47,40,40,33,33,21,64,49,40,4,0],"gold":231,"neow_bonus":"THREE_ENEMY_KILL","is_prod":false,"is_daily":false,"chose_seed":false,"campfire_upgraded":3,"win_rate":0,"timestamp":1548799783,"path_taken":["M","?","M","?","$","E","M","R","T","E","R","M","$","M","R","BOSS","M","M","M","?"],"build_version":"2019-01-23","purchased_purges":1,"victory":false,"max_hp_per_floor":[71,71,71,71,71,71,71,71,71,71,71,71,71,71,71,71,76,76,76,76,76],"card_choices":[{"not_picked":["Barrage","Stack"],"picked":"Beam Cell","floor":1},{"not_picked":["Redo","Compile Driver"],"picked":"White Noise","floor":3},{"not_picked":["Gash","Stack"],"picked":"Coolheaded","floor":6},{"not_picked":["Leap","Streamline","Compile Driver"],"picked":"Hologram","floor":7},{"not_picked":["Rainbow","Coolheaded","Leap"],"picked":"Heatsinks","floor":10},{"not_picked":["FTL","Conserve Battery","Genetic Algorithm"],"picked":"Static Discharge+1","floor":12},{"not_picked":["Redo","Reprogram","Hello World+1"],"picked":"Storm+1","floor":14},{"not_picked":["Multi-Cast","Seek","Meteor Strike"],"picked":"Core Surge","floor":16},{"not_picked":["Conserve Battery","Steam Power","Compile Driver"],"picked":"Capacitor+1","floor":17},{"not_picked":["Double Energy","Hologram","Rebound"],"picked":"Chill+1","floor":18},{"not_picked":["Hologram","Tempest","Turbo"],"picked":"Loop+1","floor":19},{"not_picked":["Steam Power","Darkness","Coolheaded"],"picked":"Amplify","floor":20}],"player_experience":2206370,"relics_obtained":[{"floor":6,"key":"Question Card"},{"floor":9,"key":"Kunai"},{"floor":10,"key":"Frozen Egg 2"}],"event_choices":[{"damage_healed":0,"gold_gain":150,"player_choice":"AGREE","damage_taken":0,"max_hp_gain":0,"max_hp_loss":0,"event_name":"Liars Game","floor":2,"gold_loss":0,"cards_obtained":["Doubt"]},{"damage_healed":0,"gold_gain":0,"player_choice":"Success","damage_taken":11,"relics_obtained":["PreservedInsect"],"max_hp_gain":0,"max_hp_loss":0,"event_name":"Scrap Ooze","floor":4,"gold_loss":0},{"damage_healed":0,"gold_gain":0,"player_choice":"Fight","damage_taken":0,"max_hp_gain":0,"max_hp_loss":0,"event_name":"Colosseum","floor":21,"gold_loss":0}],"is_beta":false,"boss_relics":[{"not_picked":["Orrery","Coffee Dripper"],"picked":"Tiny House"}],"items_purged_floors":[5],"is_endless":false,"potions_floor_spawned":[6,12,14,18],"killed_by":"Colosseum Slavers","ascension_level":18}