{"gold_per_floor":[117,117,117,2,15,15,40,40,40,40,56,56,66,86,86,184,184,202,202,217,217,237,237,237,256,256,281,28,28,28,46,46,141,141,155,170,182,197,197,208,60,60,60,79,95,95,95,115,115,115],"floor_reached":50,"playtime":1999,"items_purged":["Strike_B","Strike_B+1"],"score":493,"play_id":"c7361e63-be06-472d-92f2-ee3fce2ed908","local_time":"20190207210154","is_ascension_mode":false,"campfire_choices":[{"data":"Defragment","floor":6.0,"key":"SMITH"},{"data":"White Noise","floor":8.0,"key":"SMITH"},{"data":"Dualcast","floor":12.0,"key":"SMITH"},{"data":"Capacitor","floor":15.0,"key":"SMITH"},{"data":"Double Energy","floor":23.0,"key":"SMITH"},{"floor":29,"key":"REST"},{"floor":32,"key":"REST"},{"floor":42,"key":"REST"},{"floor":47,"key":"REST"},{"floor":49,"key":"REST"}],"neow_cost":"NONE","seed_source_timestamp":1335284221934148,"circlet_count":0,"master_deck":["Strike_B+1","Strike_B+1","Defend_B+1","Defend_B+1","Defend_B+1","Defend_B+1","Zap+1","Dualcast+1","Streamline+1","Defragment+1","White Noise+1","Conserve Battery","Ball Lightning","Hologram","Doom and Gloom","Capacitor+1","Barrage","Meteor Strike","Electrodynamics","Double Energy+1","Defragment","Capacitor","Fission+1","Glacier","Buffer","FTL","Defragment","Parasite"],"special_seed":0,"relics":["Cracked Core","Anchor","Question Card","Prayer Wheel","Velvet Choker","Mercury Hourglass","Boot","Lantern","White Beast Statue","Happy Flower","Blue Candle"],"potions_floor_usage":[27,27,39,40,45,50,50,50],"damage_taken":[{"damage":1.0,"enemies":"Cultist","floor":1.0,"turns":3.0},{"damage":0.0,"enemies":"Small Slimes","floor":5.0,"turns":2.0},{"damage":21.0,"enemies":"Lagavulin","floor":7.0,"turns":4.0},{"damage":1.0,"enemies":"Jaw Worm","floor":11.0,"turns":2.0},{"damage":0.0,"enemies":"Lots of Slimes","floor":13.0,"turns":3.0},{"damage":1.0,"enemies":"2 Fungi Beasts","floor":14.0,"turns":3.0},{"damage":1.0,"enemies":"Slime Boss","floor":16.0,"turns":5.0},{"damage":5.0,"enemies":"2 Thieves","floor":18.0,"turns":3.0},{"damage":9.0,"enemies":"3 Byrds","floor":20.0,"turns":4.0},{"damage":13.0,"enemies":"Shelled Parasite and Fungi","floor":22.0,"turns":3.0},{"damage":23,"enemies":"Sentry and Sphere","floor":25,"turns":5},{"damage":0,"enemies":"Gremlin Leader","floor":27,"turns":4},{"damage":15,"enemies":"Snake Plant","floor":31,"turns":3},{"damage":34,"enemies":"Automaton","floor":33,"turns":8},{"damage":8,"enemies":"Orb Walker","floor":35,"turns":5},{"damage":0,"enemies":"3 Shapes","floor":36,"turns":4},{"damage":3,"enemies":"3 Darklings","floor":37,"turns":3},{"damage":0,"enemies":"Sphere and 2 Shapes","floor":38,"turns":3},{"damage":0,"enemies":"Maw","floor":39,"turns":6},{"damage":30,"enemies":"Jaw Worm Horde","floor":40,"turns":4},{"damage":27,"enemies":"Sphere and 2 Shapes","floor":44,"turns":5},{"damage":18,"enemies":"Writhing Mass","floor":45,"turns":7},{"damage":0,"enemies":"4 Shapes","floor":48,"turns":4},{"damage":58,"enemies":"Donu and Deca","floor":50,"turns":4}],"seed_played":"380549382900136568","potions_obtained":[{"floor":5.0,"key":"FearPotion"},{"floor":13.0,"key":"Block Potion"},{"floor":14.0,"key":"Explosive Potion"},{"floor":16.0,"key":"Swift Potion"},{"floor":18.0,"key":"SkillPotion"},{"floor":27,"key":"SteroidPotion"},{"floor":33,"key":"SmokeBomb"},{"floor":35,"key":"FearPotion"},{"floor":36,"key":"FocusPotion"},{"floor":37,"key":"SteroidPotion"},{"floor":38,"key":"Energy Potion"},{"floor":40,"key":"Explosive Potion"},{"floor":44,"key":"Weak Potion"},{"floor":45,"key":"Poison Potion"}],"is_trial":false,"path_per_floor":["M","?","?","$","M","R","E","R","T","$","M","R","M","M","R","B",null,"M","?","M","?","M","R","?","M","T","E","$","R","$","M","R","B",null,"M","M","M","M","M","M","$","R","T","M","M","?","R","M","R","B"],"character_chosen":"DEFECT","items_purchased":["Defragment","Lantern","Happy Flower"],"campfire_rested":5,"item_purchase_floors":[4,28,41],"current_hp_per_floor":[74,71,71,71,71,71,50,50,50,50,49,49,49,48,48,47,75,70,70,61,61,48,48,48,25,25,25,25,47,47,32,54,20,75,67,67,64,64,64,34,34,56,56,29,11,11,33,33,55,0],"gold":115,"neow_bonus":"UPGRADE_CARD","is_prod":false,"is_daily":false,"chose_seed":false,"campfire_upgraded":5,"win_rate":0,"timestamp":1549540914,"path_taken":["M","?","?","$","M","R","E","R","T","?","M","R","M","?","R","BOSS","M","?","M","?","M","R","?","M","T","E","?","R","$","M","R","BOSS","M","M","M","M","M","M","$","R","T","M","M","?","R","M","R","BOSS"],"build_version":"2019-01-23","purchased_purges":2,"victory":false,"max_hp_per_floor":[75,75,75,75,75,75,75,75,75,75,75,75,75,75,75,75,75,75,75,75,75,75,75,75,75,75,75,75,75,75,75,75,75,75,75,75,75,75,75,75,75,75,75,75,75,75,75,75,75,75],"card_choices":[{"not_picked":["Go for the Eyes","Turbo"],"picked":"Streamline","floor":1.0},{"not_picked":["Steam Power","Compile Driver","Gash"],"picked":"SKIP","floor":5.0},{"not_picked":["Skim","Hello World"],"picked":"White Noise","floor":7.0},{"not_picked":["Rip and Tear","Steam","Cold Snap"],"picked":"Conserve Battery","floor":11.0},{"not_picked":["Conserve Battery","Redo","Hello World"],"picked":"Ball Lightning","floor":11.0},{"not_picked":["Beam Cell","Cold Snap","Coolheaded"],"picked":"Hologram","floor":13.0},{"not_picked":["Cold Snap","Ball Lightning","Storm"],"picked":"Doom and Gloom","floor":13.0},{"not_picked":["Steam","Beam Cell","Reboot"],"picked":"Capacitor","floor":14.0},{"not_picked":["Recycle","Go for the Eyes","Compile Driver"],"picked":"Barrage","floor":14.0},{"not_picked":["Electrodynamics","Amplify","All For One"],"picked":"Meteor Strike","floor":16.0},{"not_picked":["Static Discharge","Stack","Compile Driver"],"picked":"Electrodynamics","floor":18.0},{"not_picked":["Cold Snap","Hologram+1","Coolheaded","Conserve Battery"],"picked":"SKIP","floor":18.0},{"not_picked":["Barrage+1","Storm","Gash"],"picked":"Double Energy","floor":20.0},{"not_picked":["Blizzard","Leap","Auto Shields+1","Loop"],"picked":"SKIP","floor":20.0},{"not_picked":["Darkness+1","Compile Driver+1","Beam Cell"],"picked":"Defragment","floor":22.0},{"not_picked":["Hologram","Turbo","Gash","Coolheaded+1"],"picked":"SKIP","floor":22.0},{"not_picked":["Undo","Chill","Heatsinks+1"],"picked":"Fission","floor":25},{"not_picked":["Genetic Algorithm","Ball Lightning","Hologram","Compile Driver"],"picked":"SKIP","floor":25},{"not_picked":["Ball Lightning","Barrage","Creative AI","Fusion"],"picked":"SKIP","floor":27},{"not_picked":["Sweeping Beam","Blizzard","Aggregate"],"picked":"Glacier","floor":31},{"not_picked":["Skim","Streamline+1","Beam Cell","Hologram"],"picked":"SKIP","floor":31},{"not_picked":["Multi-Cast","Fission","Reboot"],"picked":"Buffer","floor":33},{"not_picked":["Beam Cell","Streamline+1","Leap+1","Turbo"],"picked":"SKIP","floor":35},{"not_picked":["Leap","Blizzard","Rip and Tear+1","Electrodynamics"],"picked":"SKIP","floor":35},{"not_picked":["Hologram+1","Leap+1","Barrage"],"picked":"FTL","floor":36},{"not_picked":["Go for the Eyes","Conserve Battery","Genetic Algorithm+1"],"picked":"Defragment","floor":36},{"not_picked":["Loop","Barrage","Rebound","Consume"],"picked":"SKIP","floor":37},{"not_picked":["Beam Cell","Compile Driver","Turbo","Hologram"],"picked":"SKIP","floor":37},{"not_picked":["Sweeping Beam+1","Rip and Tear","Loop","Sunder+1"],"picked":"SKIP","floor":38},{"not_picked":["Leap","Sweeping Beam","Beam Cell","Thunder Strike"],"picked":"SKIP","floor":38},{"not_picked":["Redo+1","Steam Power+1","Undo+1","FTL"],"picked":"SKIP","floor":40},{"not_picked":["Storm","Loop+1","Turbo","Gash+1"],"picked":"SKIP","floor":40},{"not_picked":["Hologram+1","Beam Cell","Streamline","Steam+1"],"picked":"SKIP","floor":44},{"not_picked":["Sweeping Beam","Doom and Gloom+1","White Noise","Leap"],"picked":"SKIP","floor":44},{"not_picked":["Streamline","Leap+1","Barrage","Compile Driver+1"],"picked":"SKIP","floor":45},{"not_picked":["Coolheaded","Skim","Chill+1","Doom and Gloom"],"picked":"SKIP","floor":45},{"not_picked":["Darkness","Leap","Steam Power","Hologram"],"picked":"SKIP","floor":48},{"not_picked":["Redo+1","Undo+1","Hologram","Rebound"],"picked":"SKIP","floor":48}],"player_experience":481683,"relics_obtained":[{"floor":7.0,"key":"Question Card"},{"floor":9.0,"key":"Prayer Wheel"},{"floor":26,"key":"Mercury Hourglass"},{"floor":27,"key":"Boot"},{"floor":43,"key":"Blue Candle"}],"event_choices":[{"damage_healed":0.0,"max_hp_gain":0.0,"max_hp_loss":0.0,"gold_gain":0.0,"event_name":"Scrap Ooze","player_choice":"Success","floor":2.0,"gold_loss":0.0,"damage_taken":3.0,"relics_obtained":["Anchor"]},{"damage_healed":0.0,"max_hp_gain":0.0,"max_hp_loss":0.0,"gold_gain":0.0,"event_name":"Living Wall","player_choice":"Grow","floor":3.0,"gold_loss":0.0,"damage_taken":0.0,"cards_upgraded":["Streamline"]},{"damage_healed":0.0,"max_hp_gain":0.0,"max_hp_loss":0.0,"gold_gain":0.0,"event_name":"Back to Basics","player_choice":"Simplicity","floor":19.0,"gold_loss":0.0,"damage_taken":0.0,"cards_upgraded":["Strike_B","Strike_B","Strike_B","Defend_B","Defend_B","Defend_B","Defend_B"]},{"damage_healed":0.0,"max_hp_gain":0.0,"max_hp_loss":0.0,"gold_gain":0.0,"event_name":"Ghosts","player_choice":"Ignored","floor":21.0,"gold_loss":0.0,"damage_taken":0.0},{"damage_healed":0,"gold_gain":0,"player_choice":"Read","damage_taken":0,"max_hp_gain":0,"max_hp_loss":0,"event_name":"The Library","floor":24,"gold_loss":0,"cards_obtained":["Capacitor"]},{"damage_healed":0,"gold_gain":0,"player_choice":"Upgraded","damage_taken":0,"max_hp_gain":0,"max_hp_loss":0,"event_name":"Upgrade Shrine","floor":46,"gold_loss":0,"cards_upgraded":["Fission"]}],"is_beta":false,"boss_relics":[{"not_picked":["FrozenCore","Lizard Tail"],"picked":"Velvet Choker"},{"not_picked":["Pandora\u0027s Box","Black Star"],"picked":"White Beast Statue"}],"items_purged_floors":[4,28],"is_endless":false,"potions_floor_spawned":[5,13,14,16,18,27,33,35,36,37,38,39,40,44,45,48],"killed_by":"Donu and Deca","ascension_level":0}