{"gold_per_floor":[109,122,136,136,151,151,209,209,236,270,285,285,309,325,325,453,453,471,484,484,59,59,59],"floor_reached":23,"playtime":1376,"items_purged":[],"score":203,"play_id":"98fb3e4c-ddb8-4eaa-bcf5-782014b81e02","local_time":"20180713183511","is_ascension_mode":false,"campfire_choices":[{"floor":6,"key":"REST"},{"data":"Zap","floor":12,"key":"SMITH"},{"floor":15,"key":"REST"}],"neow_cost":"","seed_source_timestamp":0,"circlet_count":0,"master_deck":["Strike_B","Strike_B","Defend_B","Defend_B","Defend_B","Defend_B","Zap+1","Dualcast","Hologram","Echo Form+1","Chill","Beam Cell","Scrape","Injury","Steam Power","Redo","Glacier","Hologram","Fission","Beam Cell","Glacier","Decay","Apotheosis+1"],"relics":["Cracked Core","Tiny Chest","Golden Idol","Strawberry","Oddly Smooth Stone","Empty Cage","Ornamental Fan"],"potions_floor_usage":[10,16,16,18],"damage_taken":[{"damage":5,"enemies":"Small Slimes","floor":1,"turns":3},{"damage":6,"enemies":"Cultist","floor":2,"turns":3},{"damage":7,"enemies":"2 Louse","floor":3,"turns":3},{"damage":14,"enemies":"Blue Slaver","floor":5,"turns":4},{"damage":12,"enemies":"3 Sentries","floor":7,"turns":7},{"damage":4,"enemies":"Gremlin Nob","floor":10,"turns":3},{"damage":11,"enemies":"2 Fungi Beasts","floor":11,"turns":3},{"damage":11,"enemies":"Red Slaver","floor":13,"turns":3},{"damage":21,"enemies":"Lots of Slimes","floor":14,"turns":4},{"damage":19,"enemies":"Slime Boss","floor":16,"turns":14},{"damage":10,"enemies":"Spheric Guardian","floor":18,"turns":6},{"damage":13,"enemies":"Shell Parasite","floor":19,"turns":8},{"damage":60,"enemies":"Gremlin Leader","floor":23,"turns":7}],"seed_played":"-380897120524787705","potions_obtained":[{"floor":2,"key":"GamblersBrew"},{"floor":5,"key":"SpeedPotion"},{"floor":13,"key":"FearPotion"},{"floor":14,"key":"Block Potion"},{"floor":16,"key":"Explosive Potion"}],"is_trial":true,"path_per_floor":["M","M","M","?","M","R","E","?","T","E","M","R","M","M","R","B",null,"M","M","?","$","?"],"character_chosen":"DEFECT","items_purchased":["Ornamental Fan","Apotheosis"],"campfire_rested":2,"item_purchase_floors":[21,21],"current_hp_per_floor":[70,64,57,57,43,65,53,53,60,56,45,45,34,13,37,18,82,72,59,59,59,59,0],"gold":59,"neow_bonus":"","is_prod":false,"is_daily":false,"chose_seed":false,"campfire_upgraded":1,"win_rate":0,"timestamp":1531521311,"path_taken":["M","M","M","?","M","R","E","?","T","E","?","R","M","M","R","BOSS","M","M","?","?","?","E"],"build_version":"2018-07-12","purchased_purges":0,"victory":false,"max_hp_per_floor":[75,75,75,75,75,75,75,75,82,82,82,82,82,82,82,82,82,82,82,82,82,82,82],"card_choices":[{"not_picked":["Rebound","Steam"],"picked":"Hologram","floor":1},{"not_picked":["Leap","Go for the Eyes"],"picked":"Echo Form","floor":2},{"not_picked":["BootSequence","Tempest"],"picked":"Chill","floor":3},{"not_picked":["Fusion","Streamline"],"picked":"Beam Cell","floor":5},{"not_picked":["Reinforced Body","Hello World"],"picked":"Scrape","floor":7},{"not_picked":["Consume","Auto Shields"],"picked":"Steam Power","floor":10},{"not_picked":["Chaos","Conserve Battery"],"picked":"Redo","floor":11},{"not_picked":["Conserve Battery","Storm"],"picked":"Glacier","floor":13},{"not_picked":["Turbo","Barrage"],"picked":"Hologram","floor":14},{"not_picked":["Hyperbeam","Biased Cognition"],"picked":"Fission","floor":16},{"not_picked":["Stack+1","Coolheaded"],"picked":"Beam Cell","floor":18},{"not_picked":["Turbo","Leap"],"picked":"Glacier","floor":19}],"player_experience":1089784,"relics_obtained":[{"floor":7,"key":"Tiny Chest"},{"floor":9,"key":"Strawberry"},{"floor":10,"key":"Oddly Smooth Stone"}],"event_choices":[{"event_name":"Upgrade Shrine","player_choice":"Upgraded","floor":4,"damage_taken":0},{"event_name":"Golden Idol","player_choice":"Take Wound","floor":8,"damage_taken":0},{"event_name":"Wheel of Change","player_choice":"Curse","floor":20,"damage_taken":0},{"event_name":"Accursed Blacksmith","player_choice":"Forge","floor":22,"damage_taken":0}],"boss_relics":[{"not_picked":["Fusion Hammer","Runic Pyramid"],"picked":"Empty Cage"}],"items_purged_floors":[],"is_endless":true,"potions_floor_spawned":[2,5,13,14,16],"killed_by":"Gremlin Leader","ascension_level":0}