{"path_per_floor":["M","M","M","$","M","R","?","R","T","M","M","R","M","E","R","B",null,"M","?","M","$","M"],"character_chosen":"IRONCLAD","items_purchased":["Apotheosis","Warcry","Sever Soul","Reckless Charge"],"gold_per_floor":[209,223,233,0,14,14,14,14,40,53,72,72,84,116,116,212,212,230,230,243,50,68,68],"floor_reached":23,"campfire_rested":1,"playtime":1879,"item_purchase_floors":[4,4,21,21],"current_hp_per_floor":[80,80,74,74,59,59,59,59,59,60,61,61,64,59,80,66,80,62,47,51,51,41,0],"items_purged":["Strike_R"],"gold":68,"score":195,"play_id":"c723fa42-76ee-4726-8fe1-c10d8e2bc6c2","local_time":"20180531183036","is_prod":false,"is_daily":false,"chose_seed":false,"is_ascension_mode":false,"campfire_upgraded":3,"win_rate":0,"timestamp":1527805836,"campfire_choices":[{"data":"Apotheosis","floor":6,"key":"SMITH"},{"data":"Infernal Blade","floor":8,"key":"SMITH"},{"data":"Warcry","floor":12,"key":"SMITH"},{"floor":15,"key":"REST"}],"path_taken":["M","M","M","$","?","R","?","R","T","M","M","R","M","E","R","BOSS","M","?","M","$","M","E"],"build_version":"2018-05-24","seed_source_timestamp":95558290153,"purchased_purges":1,"victory":false,"master_deck":["Strike_R+1","Strike_R","Strike_R","Strike_R+1","Defend_R","Defend_R","Defend_R","Defend_R","Bash","Thunderclap","Feel No Pain","Sever Soul","Apotheosis+1","Warcry+1","Metallicize","Infernal Blade+1","Thunderclap","Power Through","Dropkick","Blood for Blood","Intimidate","Dark Embrace","Warcry","Sever Soul","Reckless Charge","Second Wind"],"max_hp_per_floor":[80,80,80,80,80,80,80,80,80,80,80,80,80,80,80,80,80,80,85,85,85,90,90],"relics":["Burning Blood","Whetstone","Pen Nib","Mark of Pain"],"card_choices":[{"not_picked":["Flex","Flame Barrier"],"picked":"Thunderclap","floor":1},{"not_picked":["Cleave","Shockwave"],"picked":"Feel No Pain","floor":2},{"not_picked":["Spot Weakness","Wild Strike"],"picked":"Sever Soul","floor":3},{"not_picked":["Sever Soul","Twin Strike"],"picked":"Metallicize","floor":5},{"not_picked":["Sword Boomerang","Perfected Strike"],"picked":"Power Through","floor":10},{"not_picked":["Clash","Inflame"],"picked":"Dropkick","floor":11},{"not_picked":["Pommel Strike","Body Slam"],"picked":"Blood for Blood","floor":13},{"not_picked":["Dual Wield","Entrench"],"picked":"Intimidate","floor":14},{"not_picked":["Exhume","Offering"],"picked":"Dark Embrace","floor":16},{"not_picked":["Wild Strike","Cleave"],"picked":"Warcry","floor":18},{"not_picked":["Headbutt+1","Twin Strike+1","Heavy Blade"],"picked":"SKIP","floor":20},{"not_picked":["Evolve","Clothesline+1"],"picked":"Second Wind","floor":22}],"player_experience":220020,"potions_floor_usage":[14,16,16,20,22,23],"damage_taken":[{"damage":6,"enemies":"Cultist","floor":1,"turns":3},{"damage":0,"enemies":"Small Slimes","floor":2,"turns":3},{"damage":12,"enemies":"2 Louse","floor":3,"turns":2},{"damage":21,"enemies":"Exordium Wildlife","floor":5,"turns":4},{"damage":5,"enemies":"3 Louse","floor":10,"turns":2},{"damage":5,"enemies":"Large Slime","floor":11,"turns":5},{"damage":3,"enemies":"Exordium Wildlife","floor":13,"turns":3},{"damage":11,"enemies":"Lagavulin","floor":14,"turns":5},{"damage":20,"enemies":"Hexaghost","floor":16,"turns":8},{"damage":24,"enemies":"3 Byrds","floor":18,"turns":5},{"damage":2,"enemies":"Chosen","floor":20,"turns":3},{"damage":21,"enemies":"3 Cultists","floor":22,"turns":5},{"damage":49,"enemies":"Book of Stabbing","floor":23,"turns":6}],"relics_obtained":[{"floor":9,"key":"Whetstone"},{"floor":14,"key":"Pen Nib"}],"event_choices":[{"event_name":"Match and Keep!","player_choice":"2 cards matched","floor":7,"damage_taken":0},{"event_name":"Forgotten Altar","player_choice":"Shed Blood","floor":19,"damage_taken":0}],"boss_relics":[{"not_picked":["Velvet Choker","Tiny House"],"picked":"Mark of Pain"}],"items_purged_floors":[21],"potions_floor_spawned":[2,3,11,13,14,16,20],"seed_played":"-7770293201948961840","killed_by":"Book of Stabbing","ascension_level":0,"potions_obtained":[{"floor":2,"key":"Ancient Potion"},{"floor":3,"key":"GamblersBrew"},{"floor":11,"key":"Energy Potion"},{"floor":13,"key":"Block Potion"},{"floor":14,"key":"Energy Potion"},{"floor":16,"key":"GamblersBrew"},{"floor":20,"key":"Fruit Juice"}],"is_trial":false}