{"gold_per_floor":[114,129,14,29,29,29,44,59,84,114,129,144,144,174,174,274,274,289,289,122,137,152,182,134,149,149,164,179,179,209,254,254,354,354,369,384,459,474,82,112,112,62,62,12,27,42,57,72,72,72],"floor_reached":51,"playtime":2587,"items_purged":["Strike_G","Strike_G"],"score":1112,"play_id":"dc71d83e-6659-4682-8600-74bd4e6ff2f8","local_time":"20180814131736","daily_mods":["Specialized","Lethality","Vintage"],"is_ascension_mode":false,"campfire_choices":[{"data":"Neutralize","floor":6,"key":"SMITH"},{"data":"Footwork","floor":13,"key":"SMITH"},{"data":"Sucker Punch","floor":15,"key":"SMITH"},{"data":"Storm of Steel","floor":32,"key":"SMITH"},{"data":"Choke","floor":49,"key":"SMITH"}],"neow_cost":"","seed_source_timestamp":0,"circlet_count":0,"master_deck":["Defend_G","Defend_G+1","Defend_G","Defend_G","Defend_G","Strike_G","Strike_G+1","Strike_G+1","Survivor+1","Neutralize+1","Adrenaline","Adrenaline","Adrenaline","Adrenaline","Adrenaline","Footwork+1","Endless Agony","After Image","Sucker Punch+1","Storm of Steel+1","Slice","Choke+1","Leg Sweep","Cloak And Dagger+1","PiercingWail+1","Necronomicurse","Backflip+1","Adrenaline+1","Quick Slash","Dagger Throw","Dodge and Roll+1","Poisoned Stab","Endless Agony","Cloak And Dagger+1","Flying Knee","Dagger Spray+1","Infinite Blades+1"],"special_seed":17757,"relics":["Ring of the Snake","Oddly Smooth Stone","Bag of Preparation","Question Card","Blue Candle","Bottled Flame","Pen Nib","Darkstone Periapt","Juzu Bracelet","Strawberry","Smiling Mask","Bird Faced Urn","WristBlade","Centennial Puzzle","Toxic Egg 2","Pantograph","Happy Flower","Kunai","The Specimen","Paper Crane","Mercury Hourglass","Necronomicon","Bottled Tornado","Tiny Chest","Bag of Marbles","Orrery","Letter Opener","Meat on the Bone","Gremlin Horn","Whetstone","Du-Vu Doll","Ninja Scroll","Turnip","The Courier","War Paint","Frozen Egg 2","Omamori","Snake Skull"],"potions_floor_usage":[16,16,50,50,50],"damage_taken":[{"damage":0,"enemies":"2 Louse","floor":1,"turns":1},{"damage":0,"enemies":"Small Slimes","floor":2,"turns":3},{"damage":0,"enemies":"Jaw Worm","floor":4,"turns":1},{"damage":0,"enemies":"Lots of Slimes","floor":7,"turns":2},{"damage":0,"enemies":"Looter","floor":8,"turns":1},{"damage":0,"enemies":"Lagavulin","floor":10,"turns":4},{"damage":0,"enemies":"3 Louse","floor":11,"turns":2},{"damage":0,"enemies":"Red Slaver","floor":12,"turns":2},{"damage":0,"enemies":"Gremlin Nob","floor":14,"turns":2},{"damage":0,"enemies":"Slime Boss","floor":16,"turns":6},{"damage":0,"enemies":"Chosen","floor":18,"turns":1},{"damage":0,"enemies":"Spheric Guardian","floor":21,"turns":1},{"damage":0,"enemies":"3 Cultists","floor":22,"turns":3},{"damage":4,"enemies":"Book of Stabbing","floor":23,"turns":4},{"damage":0,"enemies":"Cultist and Chosen","floor":25,"turns":3},{"damage":0,"enemies":"Sentry and Sphere","floor":27,"turns":2},{"damage":0,"enemies":"3 Cultists","floor":28,"turns":3},{"damage":3,"enemies":"Slavers","floor":30,"turns":2},{"damage":0,"enemies":"Centurion and Healer","floor":31,"turns":2},{"damage":0,"enemies":"Champ","floor":33,"turns":4},{"damage":1,"enemies":"Orb Walker","floor":35,"turns":2},{"damage":0,"enemies":"3 Shapes","floor":36,"turns":1},{"damage":0,"enemies":"Flame Bruiser 2 Orb","floor":38,"turns":1},{"damage":0,"enemies":"Nemesis","floor":40,"turns":1},{"damage":0,"floor":41,"turns":1},{"damage":0,"enemies":"3 Darklings","floor":45,"turns":2},{"damage":0,"enemies":"4 Shapes","floor":46,"turns":1},{"damage":0,"enemies":"Flame Bruiser 2 Orb","floor":47,"turns":1},{"damage":0,"enemies":"Sphere and 2 Shapes","floor":48,"turns":1},{"damage":0,"enemies":"Awakened One","floor":50,"turns":6}],"seed_played":"7071705515201836070","potions_obtained":[{"floor":1,"key":"Explosive Potion"},{"floor":8,"key":"Explosive Potion"},{"floor":10,"key":"PowerPotion"},{"floor":21,"key":"PowerPotion"},{"floor":22,"key":"GamblersBrew"},{"floor":23,"key":"AttackPotion"}],"is_trial":false,"path_per_floor":["M","M","$","M","$","R","M","M","T","E","M","M","R","E","R","B",null,"M","?","$","M","M","E","$","M","T","M","M","?","E","M","R","B",null,"M","M","T","M","$","E","?","$","T","$","M","M","M","M","R","B"],"character_chosen":"THE_SILENT","items_purchased":["Footwork","Endless Agony","Slice","Choke","Leg Sweep","PiercingWail+1","Cloak And Dagger+1","Flying Knee","Du-Vu Doll"],"campfire_rested":0,"item_purchase_floors":[3,3,20,20,20,24,39,39,39],"current_hp_per_floor":[70,70,70,70,70,70,70,70,70,70,70,77,77,77,77,77,77,77,77,77,77,77,75,75,77,77,77,77,67,64,66,66,83,83,82,83,83,83,83,83,83,83,83,83,83,83,83,83,83,83],"gold":72,"neow_bonus":"","is_prod":false,"is_daily":true,"chose_seed":false,"campfire_upgraded":5,"win_rate":0,"timestamp":1534245456,"path_taken":["M","M","$","M","$","R","M","M","T","E","M","M","R","E","R","BOSS","M","?","$","M","M","E","$","M","T","M","M","?","E","M","R","BOSS","M","M","?","M","$","E","?","$","T","?","M","M","M","M","R","BOSS"],"build_version":"2018-08-09","purchased_purges":2,"victory":true,"max_hp_per_floor":[70,70,70,70,70,70,70,70,70,70,70,77,77,77,77,77,77,77,77,77,77,77,77,77,77,77,77,77,83,83,83,83,83,83,83,83,83,83,83,83,83,83,83,83,83,83,83,83,83,83],"card_choices":[{"not_picked":["Sucker Punch","Blur","Distraction"],"picked":"After Image","floor":10},{"not_picked":["Acrobatics","All Out Attack","Deflect"],"picked":"Sucker Punch","floor":14},{"not_picked":["Adrenaline","Glass Knife","Wraith Form v2"],"picked":"Storm of Steel","floor":16},{"not_picked":["Choke","Bane","Masterful Stab"],"picked":"Cloak And Dagger+1","floor":23},{"not_picked":["Flechettes+1","Outmaneuver+1","Concentrate+1"],"picked":"Backflip+1","floor":30},{"not_picked":["Wraith Form v2","Venomology+1","Storm of Steel+1"],"picked":"Adrenaline+1","floor":33},{"not_picked":["Escape Plan+1","Backflip+1","PiercingWail+1"],"picked":"Quick Slash","floor":34},{"not_picked":["Flechettes","Grand Finale","Backflip+1"],"picked":"Dagger Throw","floor":34},{"not_picked":["Poisoned Stab","Calculated Gamble+1","Deflect+1"],"picked":"Dodge and Roll+1","floor":34},{"not_picked":["Concentrate+1","Outmaneuver+1","Sucker Punch"],"picked":"Poisoned Stab","floor":34},{"not_picked":["Eviscerate","Tactician+1","Poisoned Stab"],"picked":"Endless Agony","floor":34},{"not_picked":["Backflip+1","Doppelganger+1","Underhanded Strike"],"picked":"Dagger Spray+1","floor":40},{"not_picked":["Poisoned Stab","PiercingWail+1","Dagger Throw"],"picked":"Infinite Blades+1","floor":41}],"player_experience":1318169,"relics_obtained":[{"floor":1,"key":"Oddly Smooth Stone"},{"floor":2,"key":"Bag of Preparation"},{"floor":4,"key":"Question Card"},{"floor":7,"key":"Blue Candle"},{"floor":8,"key":"Bottled Flame"},{"floor":9,"key":"Pen Nib"},{"floor":10,"key":"Darkstone Periapt"},{"floor":11,"key":"Juzu Bracelet"},{"floor":12,"key":"Strawberry"},{"floor":14,"key":"Smiling Mask"},{"floor":16,"key":"Bird Faced Urn"},{"floor":18,"key":"Centennial Puzzle"},{"floor":21,"key":"Toxic Egg 2"},{"floor":22,"key":"Pantograph"},{"floor":23,"key":"Happy Flower"},{"floor":25,"key":"Kunai"},{"floor":26,"key":"The Specimen"},{"floor":27,"key":"Paper Crane"},{"floor":28,"key":"Mercury Hourglass"},{"floor":29,"key":"Necronomicon"},{"floor":30,"key":"Bottled Tornado"},{"floor":31,"key":"Tiny Chest"},{"floor":33,"key":"Bag of Marbles"},{"floor":35,"key":"Letter Opener"},{"floor":36,"key":"Meat on the Bone"},{"floor":37,"key":"Gremlin Horn"},{"floor":38,"key":"Whetstone"},{"floor":40,"key":"Ninja Scroll"},{"floor":41,"key":"Turnip"},{"floor":43,"key":"The Courier"},{"floor":45,"key":"War Paint"},{"floor":46,"key":"Frozen Egg 2"},{"floor":47,"key":"Omamori"},{"floor":48,"key":"Snake Skull"}],"event_choices":[{"event_name":"Addict","player_choice":"Ignored","floor":19,"damage_taken":0},{"event_name":"Cursed Tome","player_choice":"Obtained Book","floor":29,"damage_taken":0},{"event_name":"MindBloom","player_choice":"Fight","floor":41,"damage_taken":0}],"is_beta":false,"boss_relics":[{"not_picked":["Ectoplasm","Pandora\u0027s Box"],"picked":"WristBlade"},{"not_picked":["Ring of the Serpent","HoveringKite"],"picked":"Orrery"}],"items_purged_floors":[42,44],"is_endless":false,"potions_floor_spawned":[1,8,10,11,14,21,22,23,27,33,35,38,48],"ascension_level":0}