{"gold_per_floor":[12,12,12,30,49,49,49,68,68,81,81,81,104,93,93,213,213,232,1,1,24,48,48,48],"floor_reached":24,"playtime":2535,"items_purged":[],"score":190,"play_id":"7e3bb40c-7b7f-476e-80dc-458f2240b386","local_time":"20190127003958","is_ascension_mode":false,"campfire_choices":[{"floor":6,"key":"REST"},{"floor":12,"key":"REST"},{"floor":15,"key":"REST"},{"floor":23,"key":"REST"}],"neow_cost":"NO_GOLD","seed_source_timestamp":0,"circlet_count":0,"master_deck":["Strike_B","Strike_B","Strike_B","Strike_B","Defend_B","Defend_B","Defend_B","Defend_B","Zap","Dualcast","Echo Form","Cold Snap","Steam Power","Loop","Stack","Undo","Chaos","Capacitor","Reboot","Capacitor","Machine Learning","Conserve Battery","Coolheaded","Decay","Static Discharge","Skim"],"special_seed":0,"relics":["Cracked Core","Letter Opener","Meat on the Bone","Golden Idol","Nuclear Battery"],"potions_floor_usage":[],"damage_taken":[{"damage":10.0,"enemies":"Cultist","floor":1.0,"turns":4.0},{"damage":12.0,"enemies":"2 Louse","floor":4.0,"turns":2.0},{"damage":1,"enemies":"Jaw Worm","floor":5,"turns":4},{"damage":11,"enemies":"Looter","floor":8,"turns":4},{"damage":26,"enemies":"Gremlin Gang","floor":10,"turns":6},{"damage":15,"enemies":"Blue Slaver","floor":13,"turns":4},{"damage":21,"enemies":"Exordium Thugs","floor":14,"turns":4},{"damage":39,"enemies":"Hexaghost","floor":16,"turns":12},{"damage":25,"enemies":"Chosen","floor":18,"turns":6},{"damage":21,"enemies":"2 Thieves","floor":21,"turns":4},{"damage":31,"enemies":"Centurion and Healer","floor":22,"turns":11},{"damage":62,"enemies":"Gremlin Leader","floor":24,"turns":5}],"seed_played":"-608536600405601966","potions_obtained":[{"floor":2.0,"key":"Fire Potion"},{"floor":2.0,"key":"FairyPotion"},{"floor":2.0,"key":"EssenceOfSteel"}],"is_trial":false,"path_per_floor":["M","?","$","M","M","R","?","M","T","M","?","R","M","M","R","B",null,"M","$","?","M","M","R","E"],"character_chosen":"DEFECT","items_purchased":["Machine Learning","Conserve Battery","Coolheaded"],"campfire_rested":4,"item_purchase_floors":[19,19,19],"current_hp_per_floor":[65,65,65,53,52,74,74,63,63,49,31,53,38,29,51,24,75,50,50,50,41,22,44,0],"gold":48,"neow_bonus":"THREE_RARE_CARDS","is_prod":false,"is_daily":false,"chose_seed":false,"campfire_upgraded":0,"win_rate":0.0,"timestamp":1548520798,"path_taken":["M","?","$","?","M","R","?","M","T","M","?","R","M","M","R","BOSS","M","$","?","M","?","R","E"],"build_version":"2019-01-23","purchased_purges":0,"victory":false,"max_hp_per_floor":[75,75,75,75,75,75,75,75,75,75,75,75,75,75,75,75,75,75,75,75,75,75,75,75],"card_choices":[{"not_picked":["Thunder Strike","Fission"],"picked":"Echo Form","floor":0.0},{"not_picked":["Barrage","Chill"],"picked":"Cold Snap","floor":1.0},{"not_picked":["Rebound","Steam"],"picked":"Steam Power","floor":4},{"not_picked":["Auto Shields","Steam Power"],"picked":"Loop","floor":5},{"not_picked":["Steam","Go for the Eyes"],"picked":"Stack","floor":8},{"not_picked":["Scrape","Steam"],"picked":"Undo","floor":10},{"not_picked":["Sweeping Beam","Steam"],"picked":"Chaos","floor":13},{"not_picked":["Steam","BootSequence"],"picked":"Capacitor","floor":14},{"not_picked":["Buffer","Meteor Strike"],"picked":"Reboot","floor":16},{"not_picked":["Turbo","Redo"],"picked":"Capacitor","floor":18},{"not_picked":["Steam Power","Rebound"],"picked":"Static Discharge","floor":21},{"not_picked":["Genetic Algorithm","Sweeping Beam+1"],"picked":"Skim","floor":22}],"player_experience":24096,"relics_obtained":[{"floor":9,"key":"Meat on the Bone"}],"event_choices":[{"damage_healed":0.0,"max_hp_gain":0.0,"max_hp_loss":0.0,"gold_gain":0.0,"event_name":"Lab","player_choice":"Got Potions","floor":2.0,"gold_loss":0.0,"damage_taken":0.0},{"damage_healed":0,"gold_gain":0,"player_choice":"Searched \u00271\u0027 times","damage_taken":0,"relics_obtained":["Letter Opener"],"max_hp_gain":0,"max_hp_loss":0,"event_name":"Dead Adventurer","floor":7,"gold_loss":0},{"damage_healed":0,"gold_gain":0,"player_choice":"Take Damage","damage_taken":18,"relics_obtained":["Golden Idol"],"max_hp_gain":0,"max_hp_loss":0,"event_name":"Golden Idol","floor":11,"gold_loss":0},{"damage_healed":0,"gold_gain":0,"player_choice":"Cursed","damage_taken":0,"max_hp_gain":0,"max_hp_loss":0,"event_name":"Wheel of Change","floor":20,"gold_loss":0,"cards_obtained":["Decay"]}],"is_beta":false,"boss_relics":[{"not_picked":["Velvet Choker","Cursed Key"],"picked":"Nuclear Battery"}],"items_purged_floors":[],"is_endless":false,"potions_floor_spawned":[4,5,10,13,22],"killed_by":"Gremlin Leader","ascension_level":0}