{"gold_per_floor":[112,124,124,25,42,42,72,101,101,101,111,141,141,152,152,228,228,240,240,228,278,296,296,326,343,343,45,45,63,63,63,63,142,142,156,18,37,37,53,53,68,80,107,122,122],"floor_reached":45,"playtime":3078,"items_purged":["Strike_G"],"score":870,"play_id":"f202f0f3-9f90-461d-9739-27d90f87747d","local_time":"20180731150114","is_ascension_mode":true,"campfire_choices":[{"floor":6.0,"key":"REST"},{"data":"Footwork","floor":10.0,"key":"SMITH"},{"data":"Cloak And Dagger","floor":13.0,"key":"SMITH"},{"floor":15.0,"key":"REST"},{"floor":23.0,"key":"REST"},{"floor":28.0,"key":"REST"},{"data":"Malaise","floor":30.0,"key":"SMITH"},{"floor":32.0,"key":"REST"},{"floor":40,"key":"REST"}],"neow_cost":"NONE","seed_source_timestamp":0,"circlet_count":0,"master_deck":["Defend_G+1","Defend_G+1","Defend_G+1","Defend_G+1","Defend_G+1","Strike_G+1","Strike_G+1","Strike_G+1","Strike_G+1","Survivor","Neutralize+1","AscendersBane","Poisoned Stab","Crippling Poison","Poisoned Stab","Footwork+1","Distraction","Cloak And Dagger+1","Terror","Deflect","Malaise+1","Cloak And Dagger","Infinite Blades","PiercingWail","Cloak And Dagger+1","Footwork","Dash","Wraith Form v2","Acrobatics+1","Storm of Steel+1","Burst+1","Dash+1","Terror+1","PiercingWail+1"],"special_seed":0,"relics":["Ring of the Snake","Calipers","Dead Branch","Pantograph","Bottled Flame","Orrery","Ninja Scroll","Toxic Egg 2","Regal Pillow","Bag of Marbles","Runic Pyramid","Omamori"],"potions_floor_usage":[45,45],"damage_taken":[{"damage":0.0,"enemies":"Jaw Worm","floor":1.0,"turns":4.0},{"damage":0.0,"enemies":"Cultist","floor":2.0,"turns":3.0},{"damage":5.0,"enemies":"2 Louse","floor":5.0,"turns":3.0},{"damage":10.0,"enemies":"Gremlin Nob","floor":8.0,"turns":4.0},{"damage":11.0,"enemies":"Looter","floor":11.0,"turns":3.0},{"damage":2.0,"enemies":"3 Sentries","floor":12.0,"turns":9.0},{"damage":6.0,"enemies":"3 Louse","floor":14.0,"turns":2.0},{"damage":37.0,"enemies":"Slime Boss","floor":16.0,"turns":10.0},{"damage":21.0,"enemies":"3 Byrds","floor":18.0,"turns":4.0},{"damage":6.0,"enemies":"2 Thieves","floor":20.0,"turns":4.0},{"damage":14.0,"enemies":"Cultist and Chosen","floor":22.0,"turns":6.0},{"damage":0.0,"enemies":"Gremlin Leader","floor":24.0,"turns":5.0},{"damage":30.0,"enemies":"Sentry and Sphere","floor":25.0,"turns":7.0},{"damage":0.0,"enemies":"Chosen and Byrds","floor":29.0,"turns":3.0},{"damage":64.0,"enemies":"Champ","floor":33.0,"turns":16.0},{"damage":0.0,"enemies":"Orb Walker","floor":35.0,"turns":4.0},{"damage":5.0,"enemies":"Flame Bruiser 1 Orb","floor":37.0,"turns":5.0},{"damage":28.0,"enemies":"Maw","floor":39.0,"turns":9.0},{"damage":4,"enemies":"Sphere and 2 Shapes","floor":41,"turns":9},{"damage":1,"enemies":"Flame Bruiser 2 Orb","floor":42,"turns":7},{"damage":45,"enemies":"Transient","floor":44,"turns":5},{"damage":21,"enemies":"Maw","floor":45,"turns":8}],"seed_played":"-5368637135539679690","potions_obtained":[{"floor":11.0,"key":"EssenceOfSteel"},{"floor":12.0,"key":"Fire Potion"},{"floor":14.0,"key":"Energy Potion"},{"floor":20.0,"key":"Fire Potion"},{"floor":24.0,"key":"LiquidBronze"},{"floor":35.0,"key":"EntropicBrew"}],"is_trial":false,"path_per_floor":["M","M","?","$","M","R","?","E","T","R","M","E","R","M","R","B",null,"M","?","M","?","M","R","E","M","T","$","R","M","R","?","R","B",null,"M","$","M","?","M","R","M","M","T","M"],"character_chosen":"THE_SILENT","items_purchased":["Poisoned Stab","Regal Pillow","Bag of Marbles","Storm of Steel+1"],"campfire_rested":6,"item_purchase_floors":[4,27,27,36],"current_hp_per_floor":[65,65,43,43,38,59,59,49,49,49,38,36,36,30,51,35,63,42,42,36,36,22,43,43,13,13,13,49,49,49,49,72,8,56,56,56,51,51,23,59,55,54,54,9,0],"gold":122,"neow_bonus":"TEN_PERCENT_HP_BONUS","is_prod":false,"is_daily":false,"chose_seed":false,"campfire_upgraded":3,"win_rate":0,"timestamp":1533042074,"path_taken":["M","M","?","$","M","R","?","E","T","R","M","E","R","M","R","BOSS","M","?","M","?","?","R","E","M","T","$","R","M","R","?","R","BOSS","M","$","M","?","M","R","M","M","T","M","M"],"build_version":"2018-07-26","purchased_purges":1,"victory":false,"max_hp_per_floor":[72,72,72,72,72,72,72,72,72,72,72,72,72,72,72,72,72,72,72,72,72,72,72,72,72,72,72,72,72,72,72,72,72,72,72,72,72,72,72,72,72,72,72,72,72],"card_choices":[{"not_picked":["Catalyst","Endless Agony"],"picked":"Poisoned Stab","floor":1.0},{"not_picked":["All Out Attack","Dodge and Roll"],"picked":"Crippling Poison","floor":2.0},{"not_picked":["Poisoned Stab","Prepared"],"picked":"Footwork","floor":5.0},{"not_picked":["Bane","Flechettes"],"picked":"Distraction","floor":8.0},{"not_picked":["Prepared","Slice"],"picked":"Cloak And Dagger","floor":11.0},{"not_picked":["Underhanded Strike","Grand Finale"],"picked":"Terror","floor":12.0},{"not_picked":["Concentrate","Poisoned Stab"],"picked":"Deflect","floor":14.0},{"not_picked":["After Image","Envenom"],"picked":"Malaise","floor":16.0},{"not_picked":["Sucker Punch","Concentrate"],"picked":"Cloak And Dagger","floor":17.0},{"not_picked":["Cloak And Dagger","Dagger Throw"],"picked":"Infinite Blades","floor":17.0},{"not_picked":["Accuracy","Envenom"],"picked":"PiercingWail","floor":17.0},{"not_picked":["Quick Slash","Poisoned Stab","Heel Hook"],"picked":"SKIP","floor":18.0},{"not_picked":["Terror","Footwork"],"picked":"Cloak And Dagger+1","floor":20.0},{"not_picked":["Catalyst","Cloak And Dagger"],"picked":"Footwork","floor":22.0},{"not_picked":["Tactician","Flying Knee"],"picked":"Dash","floor":24.0},{"not_picked":["Dagger Spray","Corpse Explosion","Bane"],"picked":"SKIP","floor":25.0},{"not_picked":["Dagger Spray","Concentrate+1","Catalyst+1"],"picked":"SKIP","floor":29.0},{"not_picked":["Envenom","Burst+1"],"picked":"Wraith Form v2","floor":33.0},{"not_picked":["Masterful Stab","Deflect+1"],"picked":"Acrobatics+1","floor":35.0},{"not_picked":["Dagger Spray","Prepared+1"],"picked":"Sucker Punch+1","floor":37.0},{"not_picked":["Outmaneuver+1","Sucker Punch"],"picked":"Burst+1","floor":39},{"not_picked":["Noxious Fumes","Slice"],"picked":"Dash+1","floor":41},{"not_picked":["Dash","Backflip+1"],"picked":"Terror+1","floor":42},{"not_picked":["Dagger Spray","Eviscerate"],"picked":"PiercingWail+1","floor":44}],"player_experience":1208646,"relics_obtained":[{"floor":8.0,"key":"Dead Branch"},{"floor":9.0,"key":"Pantograph"},{"floor":12.0,"key":"Bottled Flame"},{"floor":24.0,"key":"Ninja Scroll"},{"floor":26.0,"key":"Toxic Egg 2"},{"floor":43,"key":"Omamori"}],"event_choices":[{"event_name":"Shining Light","player_choice":"Entered Light","floor":3.0,"damage_taken":0.0},{"event_name":"Dead Adventurer","player_choice":"Searched \u00272\u0027 times","floor":7.0,"damage_taken":0.0},{"event_name":"Back to Basics","player_choice":"Simplicity","floor":19.0,"damage_taken":0.0},{"event_name":"Nest","player_choice":"Stole From Cult","floor":21.0,"damage_taken":0.0},{"event_name":"Addict","player_choice":"Ignored","floor":31.0,"damage_taken":0.0},{"event_name":"Falling","player_choice":"Removed Attack","floor":38.0,"damage_taken":0.0}],"is_beta":false,"boss_relics":[{"not_picked":["Tiny House","Black Star"],"picked":"Orrery"},{"not_picked":["Lizard Tail","Astrolabe"],"picked":"Runic Pyramid"}],"items_purged_floors":[4],"is_endless":false,"potions_floor_spawned":[11,12,14,20,24,35,37,39],"killed_by":"Maw","ascension_level":15}