{"gold_per_floor":[114,34,48,48,65,96,107,107,107,121,177,177],"floor_reached":12,"playtime":424,"items_purged":[],"score":80,"play_id":"4c36929f-87c4-4c68-9d2d-4440fa4080eb","local_time":"20180727183358","is_ascension_mode":false,"campfire_choices":[{"floor":8,"key":"REST"}],"neow_cost":"","seed_source_timestamp":21950867829515,"circlet_count":0,"master_deck":["Defend_G","Defend_G","Defend_G","Defend_G","Defend_G","Strike_G+1","Strike_G","Strike_G+1","Strike_G","Strike_G","Survivor","Neutralize","All Out Attack","Terror","Quick Slash","Leg Sweep","Backflip","Blade Dance","Riddle With Holes","Bouncing Flask"],"relics":["Ring of the Snake","Pantograph","Matryoshka","Ornamental Fan"],"potions_floor_usage":[11,11,12],"damage_taken":[{"damage":0,"enemies":"2 Louse","floor":1,"turns":3},{"damage":1,"enemies":"Jaw Worm","floor":3,"turns":4},{"damage":7,"enemies":"Small Slimes","floor":5,"turns":2},{"damage":34,"enemies":"Gremlin Nob","floor":6,"turns":5},{"damage":0,"enemies":"2 Fungi Beasts","floor":7,"turns":3},{"damage":2,"enemies":"Exordium Wildlife","floor":10,"turns":4},{"damage":28,"enemies":"Lagavulin Event","floor":11,"turns":4},{"damage":10,"enemies":"Lagavulin","floor":12,"turns":5}],"seed_played":"-4515730043147226413","potions_obtained":[{"floor":1,"key":"Fire Potion"},{"floor":3,"key":"GamblersBrew"},{"floor":7,"key":"EssenceOfSteel"}],"is_trial":false,"path_per_floor":["M","$","M","?","M","E","M","R","T","M","?"],"character_chosen":"THE_SILENT","items_purchased":["Terror"],"campfire_rested":1,"item_purchase_floors":[2],"current_hp_per_floor":[70,70,69,55,48,14,14,35,35,33,5,0],"gold":177,"neow_bonus":"","is_prod":false,"is_daily":false,"chose_seed":false,"campfire_upgraded":0,"win_rate":0,"timestamp":1532682238,"path_taken":["M","$","M","?","M","E","M","R","T","M","?","E"],"build_version":"2018-07-26","purchased_purges":0,"victory":false,"max_hp_per_floor":[70,70,70,70,70,70,70,70,70,70,70,70],"card_choices":[{"not_picked":["Quick Slash","Outmaneuver"],"picked":"All Out Attack","floor":1},{"not_picked":["Well Laid Plans","Prepared"],"picked":"Quick Slash","floor":3},{"not_picked":["Bane","Masterful Stab"],"picked":"Leg Sweep","floor":5},{"not_picked":["Acrobatics","Setup"],"picked":"Backflip","floor":6},{"not_picked":["Sucker Punch","Bane"],"picked":"Blade Dance","floor":7},{"not_picked":["Grand Finale","Tactician"],"picked":"Riddle With Holes","floor":10},{"not_picked":["Outmaneuver","Caltrops"],"picked":"Bouncing Flask","floor":11}],"player_experience":265743,"relics_obtained":[{"floor":6,"key":"Pantograph"},{"floor":9,"key":"Matryoshka"},{"floor":11,"key":"Ornamental Fan"}],"event_choices":[{"event_name":"Shining Light","player_choice":"Entered Light","floor":4,"damage_taken":0},{"event_name":"Dead Adventurer","player_choice":"Searched \u00273\u0027 times","floor":11,"damage_taken":0}],"is_beta":false,"boss_relics":[],"items_purged_floors":[],"is_endless":false,"potions_floor_spawned":[1,3,7],"killed_by":"Lagavulin","ascension_level":0}