{"gold_per_floor":[119,119,119,119,133,169,169,210,236,236,255,275,293,312,312,438,438,462,483,114,114],"floor_reached":21,"playtime":1018,"items_purged":["Strike_G"],"score":277,"play_id":"713f0d75-6fa8-4d38-9313-2073da99e659","local_time":"20181201162912","is_ascension_mode":true,"campfire_choices":[{"floor":7,"key":"REST"},{"floor":10,"key":"REST"},{"data":"Footwork","floor":15,"key":"SMITH"}],"neow_cost":"TEN_PERCENT_HP_LOSS","seed_source_timestamp":174125563744522,"circlet_count":0,"master_deck":["Defend_G","Defend_G","Defend_G","Defend_G","Defend_G","Strike_G","Strike_G","Strike_G","Strike_G","Survivor","Neutralize","Dagger Spray","Concentrate","Concentrate","Dodge and Roll","Masterful Stab","Skewer","Caltrops","Footwork+1","Endless Agony","A Thousand Cuts","Slice"],"relics":["Ring of the Snake","Unceasing Top","GremlinMask","Golden Idol","Dream Catcher","Art of War","Vajra","Philosopher\u0027s Stone","Bottled Tornado"],"potions_floor_usage":[6,16,19],"damage_taken":[{"damage":1,"enemies":"Jaw Worm","floor":1,"turns":5},{"damage":5,"enemies":"Cultist","floor":5,"turns":5},{"damage":24,"enemies":"3 Sentries","floor":6,"turns":10},{"damage":35,"enemies":"Lagavulin","floor":8,"turns":11},{"damage":1,"enemies":"Small Slimes","floor":11,"turns":3},{"damage":1,"enemies":"3 Louse","floor":12,"turns":2},{"damage":2,"enemies":"2 Fungi Beasts","floor":13,"turns":3},{"damage":4,"enemies":"Large Slime","floor":14,"turns":4},{"damage":1,"enemies":"Hexaghost","floor":16,"turns":7},{"damage":0,"enemies":"3 Byrds","floor":18,"turns":3},{"damage":41,"enemies":"2 Thieves","floor":19,"turns":3},{"damage":14,"enemies":"3 Cultists","floor":21,"turns":2}],"seed_played":"-7160607119966110446","potions_obtained":[{"floor":1,"key":"AttackPotion"},{"floor":8,"key":"Strength Potion"},{"floor":12,"key":"Dexterity Potion"},{"floor":18,"key":"AttackPotion"}],"is_trial":false,"path_per_floor":["M","?","$","?","M","E","R","E","T","R","M","M","M","M","R","B",null,"M","M","$","M"],"character_chosen":"THE_SILENT","items_purchased":["Slice","Bottled Tornado"],"campfire_rested":2,"item_purchase_floors":[20,20],"current_hp_per_floor":[62,62,62,47,42,18,36,1,1,19,18,17,15,11,11,10,50,50,9,9,0],"gold":114,"neow_bonus":"ONE_RARE_RELIC","is_prod":false,"is_daily":false,"chose_seed":false,"campfire_upgraded":1,"win_rate":0,"timestamp":1543678152,"path_taken":["M","?","?","?","M","E","R","E","T","R","M","M","M","M","R","BOSS","M","M","$","M"],"build_version":"2018-11-15","purchased_purges":1,"victory":false,"max_hp_per_floor":[63,63,63,63,63,63,63,63,63,63,63,63,63,63,63,63,63,63,63,63,63],"card_choices":[{"not_picked":["Leg Sweep","Backflip"],"picked":"Dagger Spray","floor":1},{"not_picked":["Dodge and Roll","Deadly Poison"],"picked":"Concentrate","floor":5},{"not_picked":["Outmaneuver","Expertise"],"picked":"Concentrate","floor":6},{"not_picked":["Quick Slash","Flying Knee"],"picked":"Dodge and Roll","floor":7},{"not_picked":["Prepared","Sucker Punch"],"picked":"Masterful Stab","floor":8},{"not_picked":["Finisher","Distraction"],"picked":"Skewer","floor":11},{"not_picked":["Backflip","Tactician"],"picked":"Caltrops","floor":12},{"not_picked":["Dodge and Roll","Cloak And Dagger"],"picked":"Footwork","floor":13},{"not_picked":["Expertise","Flying Knee"],"picked":"Endless Agony","floor":14},{"not_picked":["Unload","Grand Finale"],"picked":"A Thousand Cuts","floor":16},{"not_picked":["Dodge and Roll","Predator","Backflip"],"picked":"SKIP","floor":18},{"not_picked":["Flying Knee","Quick Slash","Choke"],"picked":"SKIP","floor":19}],"player_experience":1049541,"relics_obtained":[{"floor":6,"key":"Dream Catcher"},{"floor":8,"key":"Art of War"},{"floor":9,"key":"Vajra"}],"event_choices":[{"damage_healed":0,"gold_gain":0,"player_choice":"Trade","damage_taken":0,"relics_obtained":["GremlinMask"],"max_hp_gain":0,"max_hp_loss":0,"event_name":"FaceTrader","floor":2,"gold_loss":0},{"damage_healed":0,"gold_gain":0,"player_choice":"Take Damage","damage_taken":15,"relics_obtained":["Golden Idol"],"max_hp_gain":0,"max_hp_loss":0,"event_name":"Golden Idol","floor":4,"gold_loss":0}],"is_beta":false,"boss_relics":[{"not_picked":["Sozu","Calling Bell"],"picked":"Philosopher\u0027s Stone"}],"items_purged_floors":[20],"is_endless":false,"potions_floor_spawned":[1,8,12,18],"killed_by":"3 Cultists","ascension_level":9}