{"gold_per_floor":[114,114,39,49,61,61,87,97,97,112,112,139,157,168,168,271,271,288,308,59,59,75,75,91,106,106,70,95,95,107,107,107,209,209,220,320,320,330,330,342,342],"floor_reached":41,"playtime":2353,"items_purged":["Strike_G"],"score":502,"play_id":"d593e291-47ae-4ef1-a8fb-c710d6fb593a","local_time":"20181210143450","is_ascension_mode":false,"campfire_choices":[{"data":"Noxious Fumes","floor":6,"key":"SMITH"},{"floor":15,"key":"REST"},{"floor":23,"key":"RECALL"},{"data":"Noxious Fumes","floor":29,"key":"SMITH"},{"floor":32,"key":"REST"}],"neow_cost":"NONE","seed_source_timestamp":163425711634494,"circlet_count":0,"master_deck":["Defend_G","Defend_G","Defend_G","Defend_G","Defend_G","Strike_G","Strike_G","Survivor","Neutralize","Blade Dance","PiercingWail","Noxious Fumes+1","Noxious Fumes+1","Dodge and Roll","Deadly Poison+1","Finesse+1","Dagger Spray","All Out Attack","Dodge and Roll+1","Venomology+1","Leg Sweep+1","Crippling Poison+1","Panache","Noxious Fumes","Bouncing Flask+1","Dagger Throw+1","Footwork","Adrenaline+1","PiercingWail+1","Bouncing Flask+1","Caltrops","Poisoned Stab+1","Escape Plan+1","Caltrops+1","Dark Shackles+1"],"relics":["Velvet Choker","Lantern","Toxic Egg 2","Dead Branch","Eternal Feather","Ornamental Fan","Blood Vial","Orrery","Ginger"],"potions_floor_usage":[12,13,16,16,18,24,25,28,28,28,33,38,38],"damage_taken":[{"damage":0,"enemies":"Small Slimes","floor":1,"turns":4},{"damage":0,"enemies":"Cultist","floor":4,"turns":4},{"damage":0,"enemies":"2 Louse","floor":5,"turns":3},{"damage":10,"enemies":"Lagavulin","floor":7,"turns":11},{"damage":3,"enemies":"Lots of Slimes","floor":8,"turns":4},{"damage":4,"enemies":"Large Slime","floor":10,"turns":7},{"damage":35,"enemies":"Gremlin Nob","floor":12,"turns":5},{"damage":11,"enemies":"Gremlin Gang","floor":13,"turns":3},{"damage":1,"enemies":"2 Fungi Beasts","floor":14,"turns":3},{"damage":22,"enemies":"Slime Boss","floor":16,"turns":6},{"damage":7,"enemies":"2 Thieves","floor":18,"turns":5},{"damage":0,"enemies":"3 Byrds","floor":19,"turns":5},{"damage":5,"enemies":"3 Cultists","floor":22,"turns":4},{"damage":12,"enemies":"Snecko","floor":24,"turns":4},{"damage":17,"enemies":"Sentry and Sphere","floor":25,"turns":4},{"damage":4,"enemies":"Book of Stabbing","floor":28,"turns":6},{"damage":14,"enemies":"Snake Plant","floor":30,"turns":4},{"damage":0,"enemies":"Champ","floor":33,"turns":11},{"damage":3,"enemies":"Orb Walker","floor":35,"turns":4},{"damage":0,"enemies":"Mind Bloom Boss Battle","floor":36,"turns":7},{"damage":23,"enemies":"3 Darklings","floor":38,"turns":4},{"damage":52,"enemies":"4 Shapes","floor":40,"turns":6},{"damage":14,"enemies":"Spire Growth","floor":41,"turns":2}],"seed_played":"-2495042173376076908","potions_obtained":[{"floor":8,"key":"Explosive Potion"},{"floor":10,"key":"Dexterity Potion"},{"floor":12,"key":"Poison Potion"},{"floor":14,"key":"Strength Potion"},{"floor":16,"key":"Weak Potion"},{"floor":24,"key":"GamblersBrew"},{"floor":25,"key":"PowerPotion"},{"floor":30,"key":"Regen Potion"},{"floor":40,"key":"SteroidPotion"}],"is_trial":false,"path_per_floor":["M","?","$","M","M","R","E","M","T","M","?","E","M","M","R","B",null,"M","M","$","?","M","R","M","M","T","$","E","R","M","?","R","B",null,"M","?","?","M","?","M","M"],"character_chosen":"THE_SILENT","items_purchased":["Panache","Noxious Fumes","Footwork"],"campfire_rested":2,"item_purchase_floors":[20,20,27],"current_hp_per_floor":[70,70,70,70,70,70,60,57,57,53,53,18,7,6,27,5,70,63,63,63,63,58,70,58,41,41,41,37,52,40,40,70,70,70,67,69,69,56,56,6,0],"gold":342,"neow_bonus":"BOSS_RELIC","is_prod":false,"is_daily":false,"chose_seed":false,"campfire_upgraded":2,"win_rate":0,"timestamp":1544470490,"path_taken":["M","?","$","?","M","R","E","M","T","M","?","E","M","M","R","BOSS","M","M","?","?","M","R","M","M","T","$","E","R","?","?","R","BOSS","M","?","?","M","?","M","M"],"build_version":"2018-12-06","purchased_purges":1,"victory":false,"max_hp_per_floor":[70,70,70,70,70,70,70,70,70,70,70,70,70,70,70,70,70,70,70,70,70,70,70,70,70,70,70,70,70,70,70,70,70,70,70,70,70,70,70,70,70],"card_choices":[{"not_picked":["Sucker Punch","Prepared"],"picked":"Blade Dance","floor":1},{"not_picked":["Slice","Quick Slash"],"picked":"PiercingWail","floor":4},{"not_picked":["Acrobatics","PiercingWail"],"picked":"Noxious Fumes","floor":5},{"not_picked":["Predator","Heel Hook"],"picked":"Noxious Fumes","floor":7},{"not_picked":["Underhanded Strike","Flying Knee"],"picked":"Dodge and Roll","floor":8},{"not_picked":["Expertise+1","Underhanded Strike"],"picked":"Deadly Poison+1","floor":10},{"not_picked":["Phantasmal Killer+1","Storm of Steel+1"],"picked":"Dagger Spray","floor":12},{"not_picked":["Acrobatics+1","Sucker Punch"],"picked":"All Out Attack","floor":13},{"not_picked":["Underhanded Strike","Poisoned Stab"],"picked":"Dodge and Roll+1","floor":14},{"not_picked":["Grand Finale","Wraith Form v2"],"picked":"Venomology+1","floor":16},{"not_picked":["Deadly Poison+1","Calculated Gamble+1"],"picked":"Leg Sweep+1","floor":18},{"not_picked":["Blade Dance+1","PiercingWail+1"],"picked":"Crippling Poison+1","floor":19},{"not_picked":["Blade Dance+1","Quick Slash","Skewer"],"picked":"SKIP","floor":22},{"not_picked":["Setup+1","Blade Dance+1"],"picked":"Dagger Throw+1","floor":24},{"not_picked":["Concentrate+1","Deflect+1","Flying Knee"],"picked":"SKIP","floor":25},{"not_picked":["Acrobatics+1","Prepared+1","Blade Dance+1"],"picked":"SKIP","floor":28},{"not_picked":["Infinite Blades","Bane","Sucker Punch"],"picked":"SKIP","floor":30},{"not_picked":["Die Die Die","Grand Finale"],"picked":"Adrenaline+1","floor":33},{"not_picked":["Blade Dance+1","Slice+1"],"picked":"PiercingWail+1","floor":34},{"not_picked":["Flechettes+1","Blade Dance+1"],"picked":"Well Laid Plans","floor":34},{"not_picked":["Deadly Poison+1","Flying Knee"],"picked":"Bouncing Flask+1","floor":34},{"not_picked":["Bane","Cloak And Dagger+1"],"picked":"Caltrops","floor":34},{"not_picked":["Underhanded Strike","Calculated Gamble+1"],"picked":"Poisoned Stab+1","floor":34},{"not_picked":["Acrobatics+1","Cloak And Dagger+1"],"picked":"Escape Plan+1","floor":35},{"not_picked":["Tools of the Trade","Reflex+1"],"picked":"Caltrops+1","floor":36},{"not_picked":["Eviscerate","Slice+1","Flying Knee"],"picked":"SKIP","floor":38},{"not_picked":["Flash of Steel","Madness+1"],"picked":"Dark Shackles+1","floor":39},{"not_picked":["Underhanded Strike+1","Choke","Finisher"],"picked":"SKIP","floor":40}],"player_experience":1840420,"relics_obtained":[{"floor":7,"key":"Lantern"},{"floor":9,"key":"Toxic Egg 2"},{"floor":12,"key":"Dead Branch"},{"floor":26,"key":"Ornamental Fan"},{"floor":28,"key":"Blood Vial"},{"floor":36,"key":"Ginger"}],"event_choices":[{"cards_removed":["Strike_G"],"damage_healed":0,"gold_gain":0,"player_choice":"Offered Basic","damage_taken":0,"max_hp_gain":0,"max_hp_loss":0,"event_name":"Bonfire Elementals","floor":2,"gold_loss":0},{"damage_healed":0,"gold_gain":0,"player_choice":"1 cards matched","damage_taken":0,"max_hp_gain":0,"max_hp_loss":0,"event_name":"Match and Keep!","floor":11,"gold_loss":0,"cards_obtained":["Finesse"]},{"damage_healed":0,"gold_gain":0,"cards_transformed":["Strike_G"],"player_choice":"Transformed","damage_taken":0,"max_hp_gain":0,"max_hp_loss":0,"event_name":"Transmorgrifier","floor":21,"gold_loss":0,"cards_obtained":["Bouncing Flask"]},{"damage_healed":0,"gold_gain":0,"player_choice":"Ignored","damage_taken":0,"max_hp_gain":0,"max_hp_loss":0,"event_name":"Ghosts","floor":31,"gold_loss":0},{"damage_healed":0,"gold_gain":0,"player_choice":"Fight","damage_taken":0,"max_hp_gain":0,"max_hp_loss":0,"event_name":"MindBloom","floor":36,"gold_loss":0},{"cards_removed":["Well Laid Plans"],"damage_healed":0,"gold_gain":0,"player_choice":"Removed Power","damage_taken":0,"max_hp_gain":0,"max_hp_loss":0,"event_name":"Falling","floor":37,"gold_loss":0},{"damage_healed":0,"gold_gain":0,"player_choice":"Memory 1","damage_taken":0,"max_hp_gain":0,"max_hp_loss":0,"event_name":"SensoryStone","floor":39,"gold_loss":0}],"is_beta":false,"boss_relics":[{"not_picked":["Fusion Hammer","White Beast Statue"],"picked":"Eternal Feather"},{"not_picked":["Pandora\u0027s Box","HoveringKite"],"picked":"Orrery"}],"items_purged_floors":[3],"is_endless":false,"potions_floor_spawned":[8,10,12,14,16,24,25,30,35,40],"killed_by":"Spire Growth","ascension_level":0}