{"gold_per_floor":[15,15,31,47,66,95,95,95,95,95],"floor_reached":10,"playtime":523,"items_purged":[],"score":68,"play_id":"8ccd7853-620b-43f5-8439-344f4690fc29","local_time":"20190112211510","is_ascension_mode":false,"campfire_choices":[],"neow_cost":"NO_GOLD","seed_source_timestamp":4423088877142,"circlet_count":0,"master_deck":["Strike_B","Strike_B+1","Defend_B","Defend_B","Defend_B","Defend_B","Zap","Dualcast","Consume","Chaos","Static Discharge+1","Steam","Sweeping Beam","Seek"],"relics":["Cracked Core","Bronze Scales","Dodecahedron","Omamori"],"potions_floor_usage":[6,10],"damage_taken":[{"damage":0,"enemies":"Small Slimes","floor":1,"turns":4},{"damage":5,"enemies":"2 Louse","floor":3,"turns":3},{"damage":7,"enemies":"Cultist","floor":4,"turns":4},{"damage":20,"enemies":"Lots of Slimes","floor":5,"turns":4},{"damage":28,"enemies":"Gremlin Nob","floor":6,"turns":4},{"damage":10,"enemies":"Lagavulin","floor":10,"turns":4}],"seed_played":"426685071473238332","potions_obtained":[{"floor":3,"key":"FearPotion"},{"floor":4,"key":"Block Potion"},{"floor":5,"key":"Dexterity Potion"}],"is_trial":false,"path_per_floor":["M","?","M","M","M","E","?","?","T","E"],"character_chosen":"DEFECT","items_purchased":[],"campfire_rested":0,"item_purchase_floors":[],"current_hp_per_floor":[75,80,75,68,48,20,17,1,1,0],"gold":95,"neow_bonus":"TRANSFORM_TWO_CARDS","is_prod":false,"is_daily":false,"chose_seed":false,"campfire_upgraded":0,"win_rate":0,"timestamp":1547289910,"path_taken":["M","?","M","M","M","E","?","?","T","E"],"build_version":"2019-01-10","purchased_purges":0,"victory":false,"max_hp_per_floor":[75,80,80,80,80,80,80,80,80,80],"card_choices":[{"not_picked":["Rebound","Sunder","Compile Driver"],"picked":"SKIP","floor":1},{"not_picked":["Aggregate","Beam Cell"],"picked":"Static Discharge","floor":3},{"not_picked":["Redo","Conserve Battery"],"picked":"Steam","floor":4},{"not_picked":["FTL","Streamline"],"picked":"Sweeping Beam","floor":5},{"not_picked":["Beam Cell","Redo"],"picked":"Seek","floor":6}],"player_experience":414671,"relics_obtained":[{"floor":6,"key":"Bronze Scales"},{"floor":9,"key":"Omamori"}],"event_choices":[{"damage_healed":0,"gold_gain":0,"player_choice":"Donut","damage_taken":0,"max_hp_gain":5,"max_hp_loss":0,"event_name":"Big Fish","floor":2,"gold_loss":0},{"damage_healed":0,"gold_gain":0,"player_choice":"Success","damage_taken":3,"relics_obtained":["Dodecahedron"],"max_hp_gain":0,"max_hp_loss":0,"event_name":"Scrap Ooze","floor":7,"gold_loss":0},{"damage_healed":0,"gold_gain":0,"player_choice":"Entered Light","damage_taken":16,"max_hp_gain":0,"max_hp_loss":0,"event_name":"Shining Light","floor":8,"gold_loss":0,"cards_upgraded":["Static Discharge","Strike_B"]}],"is_beta":false,"boss_relics":[],"items_purged_floors":[],"is_endless":false,"potions_floor_spawned":[3,4,5],"killed_by":"Lagavulin","ascension_level":0}