{"gold_per_floor":[110,121,71,71,82,82,102,116,116,38,56,56,73,88,88,161,161,178,178,107,107,123,123,138,138,138,151,168,168,168,180,180,180],"floor_reached":33,"playtime":1089,"items_purged":[],"score":425,"play_id":"fbc10498-4a44-48d4-9e9a-4792dfeb17de","local_time":"20190209102256","is_ascension_mode":true,"campfire_choices":[{"data":"Bash","floor":6,"key":"SMITH"},{"data":"Flex","floor":12,"key":"SMITH"},{"data":"Carnage","floor":15,"key":"SMITH"},{"data":"Bludgeon","floor":23,"key":"SMITH"},{"floor":25,"key":"REST"},{"floor":32,"key":"REST"}],"neow_cost":"NONE","seed_source_timestamp":1470668859187754,"circlet_count":0,"master_deck":["AscendersBane","Strike_R","Strike_R","Strike_R","Strike_R","Defend_R","Defend_R","Defend_R","Defend_R","Bash+1","Cleave","Carnage+1","Shrug It Off","Impervious","Seeing Red","Flex+1","Feed","Bludgeon+1","Metallicize+1","Feel No Pain","Clothesline"],"relics":["Burning Blood","Vajra","Potion Belt","Cursed Key","Nilry\u0027s Codex"],"potions_floor_usage":[16,16,18,28,31],"damage_taken":[{"damage":4,"enemies":"Small Slimes","floor":1,"turns":4},{"damage":1,"enemies":"Cultist","floor":2,"turns":3},{"damage":2,"enemies":"2 Louse","floor":5,"turns":3},{"damage":9,"enemies":"2 Fungi Beasts","floor":7,"turns":2},{"damage":9,"enemies":"Looter","floor":8,"turns":3},{"damage":8,"enemies":"Blue Slaver","floor":11,"turns":4},{"damage":40,"enemies":"Gremlin Gang","floor":13,"turns":5},{"damage":1,"enemies":"2 Fungi Beasts","floor":14,"turns":2},{"damage":15,"enemies":"Hexaghost","floor":16,"turns":8},{"damage":0,"enemies":"Spheric Guardian","floor":18,"turns":2},{"damage":27,"enemies":"Colosseum Slavers","floor":21,"turns":6},{"damage":14,"enemies":"Shell Parasite","floor":22,"turns":5},{"damage":11,"enemies":"Snake Plant","floor":24,"turns":4},{"damage":17,"enemies":"3 Cultists","floor":27,"turns":6},{"damage":22,"enemies":"Sentry and Sphere","floor":28,"turns":5},{"damage":18,"enemies":"Snake Plant","floor":31,"turns":2},{"damage":40,"enemies":"Collector","floor":33,"turns":3}],"seed_played":"-5111834293882659382","potions_obtained":[{"floor":2,"key":"PowerPotion"},{"floor":5,"key":"PowerPotion"},{"floor":11,"key":"FearPotion"},{"floor":16,"key":"Strength Potion"},{"floor":18,"key":"Swift Potion"},{"floor":22,"key":"Energy Potion"}],"is_trial":false,"path_per_floor":["M","M","$","?","M","R","M","M","T","$","M","R","M","M","R","B",null,"M","$","$","?","M","R","M","R","T","M","M","?","T","M","R","B"],"character_chosen":"IRONCLAD","items_purchased":["Shrug It Off","Seeing Red","Feel No Pain"],"campfire_rested":2,"item_purchase_floors":[3,10,20],"current_hp_per_floor":[70,75,75,75,75,75,72,69,69,69,67,67,33,41,41,35,70,76,76,76,55,47,47,42,66,66,58,42,21,21,12,38,0],"gold":180,"neow_bonus":"RANDOM_COMMON_RELIC","is_prod":false,"is_daily":false,"chose_seed":false,"campfire_upgraded":4,"win_rate":0,"timestamp":1549675376,"path_taken":["M","M","$","?","M","R","M","M","T","$","?","R","M","M","R","BOSS","M","?","$","?","M","R","M","R","T","M","M","?","?","?","R","BOSS"],"build_version":"2019-01-23","purchased_purges":0,"victory":false,"max_hp_per_floor":[75,75,75,75,75,75,75,75,75,75,75,75,75,78,78,81,81,81,81,81,81,81,81,81,81,81,84,84,84,84,87,87,87],"card_choices":[{"not_picked":["Anger","Thunderclap"],"picked":"Cleave","floor":1},{"not_picked":["Bloodletting","Armaments"],"picked":"Carnage","floor":2},{"not_picked":["Anger","Perfected Strike","Havoc"],"picked":"SKIP","floor":5},{"not_picked":["Rampage","Shrug It Off"],"picked":"Impervious","floor":7},{"not_picked":["Sword Boomerang","Heavy Blade","Clash"],"picked":"SKIP","floor":8},{"not_picked":["Sever Soul","Sword Boomerang"],"picked":"Flex","floor":11},{"not_picked":["Wild Strike","Cleave"],"picked":"Feed","floor":13},{"not_picked":["Anger","Heavy Blade","Pommel Strike"],"picked":"SKIP","floor":14},{"not_picked":["Berserk","Limit Break"],"picked":"Bludgeon","floor":16},{"not_picked":["Heavy Blade","Sword Boomerang"],"picked":"Metallicize+1","floor":18},{"not_picked":["Hemokinesis","Clothesline","Perfected Strike"],"picked":"SKIP","floor":22},{"not_picked":["Anger","Body Slam","Armaments"],"picked":"SKIP","floor":24},{"not_picked":["Cleave","Headbutt","Iron Wave"],"picked":"SKIP","floor":27},{"not_picked":["Carnage","Armaments"],"picked":"Clothesline","floor":28},{"not_picked":["Combust","Wild Strike","Power Through"],"picked":"SKIP","floor":31}],"player_experience":502039,"relics_obtained":[{"floor":9,"key":"Potion Belt"},{"floor":29,"key":"Nilry\u0027s Codex"}],"event_choices":[{"cards_removed":["Strike_R"],"damage_healed":0,"gold_gain":0,"player_choice":"Card Removal","damage_taken":0,"max_hp_gain":0,"max_hp_loss":0,"event_name":"Wheel of Change","floor":4,"gold_loss":0},{"damage_healed":0,"gold_gain":0,"player_choice":"Fight","damage_taken":0,"max_hp_gain":0,"max_hp_loss":0,"event_name":"Colosseum","floor":21,"gold_loss":0},{"damage_healed":0,"gold_gain":0,"player_choice":"Fled From Nobs","damage_taken":0,"max_hp_gain":0,"max_hp_loss":0,"event_name":"Colosseum","floor":21,"gold_loss":0},{"damage_healed":0,"gold_gain":0,"player_choice":"Obtained Book","damage_taken":21,"max_hp_gain":0,"max_hp_loss":0,"event_name":"Cursed Tome","floor":29,"gold_loss":0}],"is_beta":false,"boss_relics":[{"not_picked":["Mark of Pain","Black Blood"],"picked":"Cursed Key"}],"items_purged_floors":[],"is_endless":false,"potions_floor_spawned":[2,5,11,16,18,22],"killed_by":"Collector","ascension_level":15}