{"gold_per_floor":[117,14,33,44,64,64,64,84,84,140,151,177,28,53,53,155,155,168,83,4,22,35,68,81,81,138,138],"floor_reached":27,"playtime":1643,"items_purged":[],"score":235,"play_id":"c8648125-f570-4f03-bc5d-c709b980f1d0","local_time":"20180808112518","is_ascension_mode":false,"campfire_choices":[{"data":"Blade Dance","floor":6,"key":"SMITH"},{"floor":15,"key":"REST"},{"floor":25,"key":"REST"}],"neow_cost":"NONE","seed_source_timestamp":49997932239465,"circlet_count":0,"master_deck":["Defend_G","Defend_G","Defend_G","Defend_G","Defend_G","Strike_G","Strike_G","Strike_G+1","Strike_G","Strike_G+1","Survivor+1","Neutralize+1","Deadly Poison","Cloak And Dagger","Poisoned Stab","Bane","Backflip","Blade Dance+1","Slice","Flying Knee","Slice","Cloak And Dagger","Quick Slash","Slice","Backflip","Flying Knee+1","Flying Knee","Outmaneuver","Backflip"],"relics":["Ring of the Snake","Kunai","Matryoshka","Meat on the Bone","Omamori","Dream Catcher","Orichalcum","White Beast Statue","Smiling Mask","Whetstone","Art of War","Tiny Chest"],"potions_floor_usage":[5,10,16,18,22,22,22,24,27],"damage_taken":[{"damage":1,"enemies":"Cultist","floor":1,"turns":5},{"damage":0,"enemies":"Small Slimes","floor":3,"turns":3},{"damage":1,"enemies":"2 Louse","floor":4,"turns":2},{"damage":12,"enemies":"Large Slime","floor":5,"turns":6},{"damage":6,"enemies":"3 Louse","floor":8,"turns":3},{"damage":14,"enemies":"3 Sentries","floor":10,"turns":10},{"damage":1,"enemies":"Looter","floor":11,"turns":3},{"damage":14,"enemies":"Gremlin Nob","floor":12,"turns":4},{"damage":22,"enemies":"Slime Boss","floor":16,"turns":15},{"damage":0,"enemies":"3 Byrds","floor":18,"turns":4},{"damage":6,"enemies":"Chosen","floor":21,"turns":5},{"damage":20,"enemies":"Snake Plant","floor":22,"turns":4},{"damage":48,"enemies":"Book of Stabbing","floor":23,"turns":6},{"damage":6,"enemies":"3 Cultists","floor":24,"turns":8},{"damage":53,"enemies":"Gremlin Leader","floor":27,"turns":9}],"seed_played":"-476789149031337789","potions_obtained":[{"floor":1,"key":"AttackPotion"},{"floor":3,"key":"SneckoOil"},{"floor":10,"key":"LiquidBronze"},{"floor":12,"key":"SkillPotion"},{"floor":16,"key":"FearPotion"},{"floor":18,"key":"SkillPotion"},{"floor":21,"key":"LiquidBronze"},{"floor":22,"key":"Ancient Potion"},{"floor":23,"key":"Block Potion"},{"floor":24,"key":"Weak Potion"}],"is_trial":false,"path_per_floor":["M","$","M","M","M","R","?","M","T","?","M","E","$","T","R","B",null,"M","?","$","M","M","E","M","R","T"],"character_chosen":"THE_SILENT","items_purchased":["Cloak And Dagger","Poisoned Stab","Omamori","Slice","Backflip"],"campfire_rested":2,"item_purchase_floors":[2,2,13,20,20],"current_hp_per_floor":[76,76,76,75,63,63,48,42,42,28,27,13,13,13,36,26,77,77,77,77,71,51,15,21,44,44,0],"gold":138,"neow_bonus":"TEN_PERCENT_HP_BONUS","is_prod":false,"is_daily":false,"chose_seed":false,"campfire_upgraded":1,"win_rate":0,"timestamp":1533693318,"path_taken":["M","?","M","M","M","R","?","M","T","?","M","E","?","?","R","BOSS","M","?","$","M","?","E","M","R","T","E"],"build_version":"2018-08-02","purchased_purges":0,"victory":false,"max_hp_per_floor":[77,77,77,77,77,77,77,77,77,77,77,77,77,77,77,77,77,77,77,77,77,77,77,77,77,77,77],"card_choices":[{"not_picked":["All Out Attack","Eviscerate"],"picked":"Deadly Poison","floor":1},{"not_picked":["Catalyst","Eviscerate"],"picked":"Bane","floor":3},{"not_picked":["Bane","Dagger Throw"],"picked":"Backflip","floor":4},{"not_picked":["Infinite Blades","Dagger Throw"],"picked":"Blade Dance","floor":5},{"not_picked":["Blur","Footwork","Flechettes"],"picked":"SKIP","floor":8},{"not_picked":["Deflect","Riddle With Holes"],"picked":"Slice","floor":10},{"not_picked":["Acrobatics","Expertise"],"picked":"Flying Knee","floor":11},{"not_picked":["Flying Knee","Grand Finale"],"picked":"Slice","floor":12},{"not_picked":["Leg Sweep","Deadly Poison"],"picked":"Cloak And Dagger","floor":15},{"not_picked":["Infinite Blades+1","Underhanded Strike"],"picked":"Quick Slash","floor":18},{"not_picked":["Sucker Punch+1","Adrenaline"],"picked":"Flying Knee+1","floor":21},{"not_picked":["Sucker Punch+1","Deflect"],"picked":"Flying Knee","floor":22},{"not_picked":["Crippling Poison+1","Footwork+1"],"picked":"Outmaneuver","floor":23},{"not_picked":["Poisoned Stab","Terror+1"],"picked":"Backflip","floor":24}],"player_experience":292865,"relics_obtained":[{"floor":9,"key":"Kunai"},{"floor":12,"key":"Meat on the Bone"},{"floor":14,"key":"Dream Catcher"},{"floor":14,"key":"Orichalcum"},{"floor":23,"key":"Whetstone"},{"floor":26,"key":"Art of War"},{"floor":26,"key":"Tiny Chest"}],"event_choices":[{"event_name":"Shining Light","player_choice":"Entered Light","floor":7,"damage_taken":0},{"event_name":"Dead Adventurer","player_choice":"Searched \u00272\u0027 times","floor":10,"damage_taken":0},{"event_name":"Addict","player_choice":"Obtained Relic","floor":19,"damage_taken":0}],"is_beta":false,"boss_relics":[{"not_picked":["Velvet Choker","HoveringKite"],"picked":"White Beast Statue"}],"items_purged_floors":[],"is_endless":false,"potions_floor_spawned":[1,3,10,12,16,18,21,22,23,24],"killed_by":"Gremlin Leader","ascension_level":0}