{"gold_per_floor":[115,128,303,303,313,340,340,370,370,397,416,416],"floor_reached":12,"playtime":663,"items_purged":[],"score":108,"play_id":"f19bf4ea-732d-4ad0-86a9-067b9b1a2ca6","local_time":"20190209092725","is_ascension_mode":true,"campfire_choices":[{"data":"Noxious Fumes","floor":7,"key":"SMITH"}],"neow_cost":"NONE","seed_source_timestamp":2709794974032135,"circlet_count":0,"master_deck":["Defend_G","Defend_G","Defend_G","Defend_G","Defend_G","Strike_G","Strike_G","Strike_G","Strike_G","Survivor","Neutralize","Noxious Fumes+1","Underhanded Strike","Doubt","Flechettes","Sucker Punch","Burst","Leg Sweep","Blade Dance","Cloak And Dagger"],"relics":["White Beast Statue","Matryoshka","Pear","Vajra","Mercury Hourglass"],"potions_floor_usage":[6,8,8,8,10,11],"damage_taken":[{"damage":10,"enemies":"Jaw Worm","floor":1,"turns":8},{"damage":0,"enemies":"2 Louse","floor":2,"turns":5},{"damage":11,"enemies":"Cultist","floor":5,"turns":5},{"damage":13,"enemies":"Gremlin Nob","floor":6,"turns":5},{"damage":18,"enemies":"3 Sentries","floor":8,"turns":8},{"damage":23,"enemies":"Gremlin Nob","floor":10,"turns":5},{"damage":1,"enemies":"Exordium Thugs","floor":11,"turns":3},{"damage":7,"enemies":"Lots of Slimes","floor":12,"turns":1}],"seed_played":"-1310294263829852938","potions_obtained":[{"floor":1,"key":"FearPotion"},{"floor":2,"key":"AttackPotion"},{"floor":5,"key":"Energy Potion"},{"floor":6,"key":"Energy Potion"},{"floor":8,"key":"SteroidPotion"},{"floor":10,"key":"GhostInAJar"},{"floor":11,"key":"Ancient Potion"}],"is_trial":false,"path_per_floor":["M","M","?","?","M","E","R","E","T","E","M","M"],"character_chosen":"THE_SILENT","items_purchased":[],"campfire_rested":0,"item_purchase_floors":[],"current_hp_per_floor":[60,60,60,60,49,36,36,28,28,5,4,0],"gold":416,"neow_bonus":"BOSS_RELIC","is_prod":false,"is_daily":false,"chose_seed":false,"campfire_upgraded":1,"win_rate":0,"timestamp":1549726045,"path_taken":["M","M","?","?","M","E","R","E","T","E","?","M"],"build_version":"2019-02-06","purchased_purges":0,"victory":false,"max_hp_per_floor":[70,70,70,70,70,70,70,80,80,80,80,80],"card_choices":[{"not_picked":["Deadly Poison","Expertise"],"picked":"Noxious Fumes","floor":1},{"not_picked":["Blur","Prepared"],"picked":"Underhanded Strike","floor":2},{"not_picked":["Accuracy","Flying Knee"],"picked":"Sucker Punch","floor":5},{"not_picked":["Prepared","Cloak And Dagger"],"picked":"Burst","floor":6},{"not_picked":["Reflex","Dodge and Roll"],"picked":"Leg Sweep","floor":8},{"not_picked":["Leg Sweep","Dagger Spray"],"picked":"Blade Dance","floor":10},{"not_picked":["Quick Slash","Underhanded Strike"],"picked":"Cloak And Dagger","floor":11}],"player_experience":57131,"relics_obtained":[{"floor":6,"key":"Matryoshka"},{"floor":8,"key":"Pear"},{"floor":9,"key":"Vajra"},{"floor":10,"key":"Mercury Hourglass"}],"event_choices":[{"damage_healed":0,"gold_gain":175,"player_choice":"AGREE","damage_taken":0,"max_hp_gain":0,"max_hp_loss":0,"event_name":"Liars Game","floor":3,"gold_loss":0,"cards_obtained":["Doubt"]},{"damage_healed":0,"gold_gain":0,"cards_transformed":["Strike_G"],"player_choice":"Transformed","damage_taken":0,"max_hp_gain":0,"max_hp_loss":0,"event_name":"Transmorgrifier","floor":4,"gold_loss":0,"cards_obtained":["Flechettes"]}],"is_beta":true,"boss_relics":[],"items_purged_floors":[],"is_endless":false,"potions_floor_spawned":[1,2,5,6,8,10,11],"killed_by":"Lots of Slimes","ascension_level":2}