{"path_per_floor":["M","?","?","$","?","R","?","T","T","M","M","R","$","M","R","B",null,"M","M","$","M","?","R","M","R","T","M","R","?","R","M","R","B",null,"M","$","M","?","M","R"],"character_chosen":"DEFECT","items_purchased":["Consume","Fission","Doom and Gloom"],"gold_per_floor":[117,117,117,39,39,39,39,39,39,58,78,78,3,21,21,121,121,139,151,4,23,23,23,43,43,43,59,59,59,59,79,79,174,174,189,56,70,0,20,20,20],"floor_reached":41,"campfire_rested":7,"playtime":2794,"item_purchase_floors":[4,20,36],"current_hp_per_floor":[37,37,30,30,30,30,55,55,55,47,47,47,47,47,69,44,75,59,24,24,15,15,37,7,29,43,40,67,67,91,74,93,17,93,50,50,34,34,26,54,0],"items_purged":["Defend_B","Parasite"],"gold":20,"score":406,"play_id":"94cdddca-85c2-4b22-95e2-de7fe0c3694c","local_time":"20180621180612","is_prod":false,"is_daily":false,"chose_seed":false,"is_ascension_mode":false,"campfire_upgraded":2,"win_rate":0,"timestamp":1529618772,"campfire_choices":[{"data":"Consume","floor":6,"key":"SMITH"},{"data":"Zap","floor":12,"key":"SMITH"},{"floor":15,"key":"REST"},{"floor":23,"key":"REST"},{"floor":25,"key":"REST"},{"floor":28,"key":"REST"},{"floor":30,"key":"REST"},{"floor":32,"key":"REST"},{"floor":40,"key":"REST"}],"path_taken":["M","?","?","?","?","R","?","?","T","M","?","R","$","M","R","BOSS","M","M","$","M","?","R","M","R","T","M","R","?","R","M","R","BOSS","M","$","?","?","M","R","M"],"build_version":"2018-06-14v2","seed_source_timestamp":655263224594720,"purchased_purges":2,"victory":false,"master_deck":["Strike_B","Strike_B","Defend_B","Defend_B","Defend_B","Zap+1","Dualcast","Coolheaded","Auto Shields","Consume+1","Cold Snap","Hologram","Genetic Algorithm","Multi-Cast","Cold Snap","Fission","Cold Snap+1","Redo","Meteor Strike","Capacitor","Doom and Gloom"],"max_hp_per_floor":[75,75,75,75,75,75,75,75,75,75,75,75,75,75,75,75,75,75,75,75,75,75,75,75,75,89,91,91,91,91,93,93,93,93,93,90,92,92,94,94,94],"relics":["Cracked Core","Sundial","Gremlin Horn","Girya","Cursed Key","Singing Bowl","Mango","Runic Dome","Red Mask"],"card_choices":[{"not_picked":["Hello World","Rebound"],"picked":"Coolheaded","floor":1},{"not_picked":["Static Discharge","Turbo"],"picked":"Cold Snap","floor":10},{"not_picked":["Gash","Steam"],"picked":"Hologram","floor":11},{"not_picked":["Conserve Battery","Gash"],"picked":"Genetic Algorithm","floor":14},{"not_picked":["All For One","Seek"],"picked":"Multi-Cast","floor":16},{"not_picked":["Barrage","Conserve Battery","Sunder"],"picked":"SKIP","floor":18},{"not_picked":["Compile Driver","Undo+1"],"picked":"Cold Snap","floor":19},{"not_picked":["Static Discharge","Sweeping Beam+1"],"picked":"Cold Snap+1","floor":21},{"not_picked":["Darkness","Lockon+1"],"picked":"Redo","floor":24},{"not_picked":["Go for the Eyes","Lockon","All For One"],"picked":"Singing Bowl","floor":27},{"not_picked":["Streamline","Conserve Battery+1","Auto Shields"],"picked":"Singing Bowl","floor":31},{"not_picked":["Amplify","Hyperbeam"],"picked":"Meteor Strike","floor":33},{"not_picked":["Hologram","Undo+1"],"picked":"Capacitor","floor":35},{"not_picked":["Conserve Battery+1","Sweeping Beam+1","Double Energy+1"],"picked":"Singing Bowl","floor":37},{"not_picked":["Stack","Rebound","Gash"],"picked":"Singing Bowl","floor":39}],"player_experience":679173,"potions_floor_usage":[33,33,33,37,41],"damage_taken":[{"damage":1,"enemies":"Cultist","floor":1,"turns":3},{"damage":8,"enemies":"Small Slimes","floor":10,"turns":3},{"damage":0,"enemies":"2 Louse","floor":11,"turns":3},{"damage":0,"enemies":"Exordium Wildlife","floor":14,"turns":3},{"damage":25,"enemies":"The Guardian","floor":16,"turns":17},{"damage":16,"enemies":"Shell Parasite","floor":18,"turns":8},{"damage":35,"enemies":"2 Thieves","floor":19,"turns":4},{"damage":9,"enemies":"Snake Plant","floor":21,"turns":7},{"damage":49,"enemies":"3 Cultists","floor":24,"turns":8},{"damage":5,"enemies":"Snecko","floor":27,"turns":9},{"damage":19,"enemies":"Snake Plant","floor":31,"turns":9},{"damage":76,"enemies":"Automaton","floor":33,"turns":21},{"damage":43,"enemies":"3 Darklings","floor":35,"turns":11},{"damage":18,"enemies":"3 Shapes","floor":37,"turns":6},{"damage":10,"enemies":"Sphere and 2 Shapes","floor":39,"turns":4},{"damage":56,"enemies":"3 Darklings","floor":41,"turns":7}],"relics_obtained":[{"floor":8,"key":"Gremlin Horn"},{"floor":9,"key":"Girya"},{"floor":26,"key":"Mango"}],"event_choices":[{"event_name":"Living Wall","player_choice":"Change","floor":2,"damage_taken":0},{"event_name":"Golden Wing","player_choice":"Card Removal","floor":3,"damage_taken":0},{"event_name":"Liars Game","player_choice":"disagreed","floor":5,"damage_taken":0},{"event_name":"Big Fish","player_choice":"Banana","floor":7,"damage_taken":0},{"event_name":"The Mausoleum","player_choice":"Yes","floor":22,"damage_taken":0},{"event_name":"Wheel of Change","player_choice":"Card Removal","floor":29,"damage_taken":0},{"event_name":"Tomb of Lord Red Mask","player_choice":"Paid","floor":38,"damage_taken":0}],"boss_relics":[{"not_picked":["Calling Bell","Tiny House"],"picked":"Cursed Key"},{"not_picked":["Velvet Choker","Pandora\u0027s Box"],"picked":"Runic Dome"}],"items_purged_floors":[13,36],"is_endless":false,"potions_floor_spawned":[1,14,18,27,33,39],"seed_played":"-5391338843465749148","killed_by":"3 Darklings","ascension_level":0,"potions_obtained":[{"floor":1,"key":"FairyPotion"},{"floor":14,"key":"Energy Potion"},{"floor":18,"key":"GamblersBrew"},{"floor":27,"key":"PowerPotion"},{"floor":33,"key":"Poison Potion"},{"floor":39,"key":"AttackPotion"}],"is_trial":false}