{"gold_per_floor":[110,60,60,60,78,111,35,70,70,113,113,133,133,18,18,117,117,131,56,56,0,20,58,58,58,85,5,18,18,18,36,36,36],"floor_reached":33,"playtime":1336,"items_purged":["Strike_R","Strike_R"],"score":517,"play_id":"b2135fa0-63d0-414f-b968-d6012e3a6364","local_time":"20190119031546","is_ascension_mode":true,"campfire_choices":[{"floor":13,"key":"REST"},{"floor":15,"key":"REST"},{"floor":24,"key":"REST"},{"floor":32,"key":"REST"}],"neow_cost":"NONE","seed_source_timestamp":38420043221787,"circlet_count":0,"master_deck":["AscendersBane","Defend_R","Defend_R","Defend_R","Defend_R","Bash","Thunderclap","Headbutt+1","Reaper+1","Rampage+1","Shockwave","Ghostly Armor","Demon Form","Heavy Blade+1","True Grit","Shrug It Off","Disarm+1","Sword Boomerang+1"],"special_seed":0,"relics":["Burning Blood","NeowsBlessing","Golden Idol","Molten Egg 2","Vajra","Blue Candle","Bottled Lightning","The Courier","Lizard Tail","Paper Frog","Toxic Egg 2","Blood Vial","FaceOfCleric"],"potions_floor_usage":[10,12,16,22,28,33],"damage_taken":[{"damage":0.0,"enemies":"2 Louse","floor":1.0,"turns":1.0},{"damage":0,"enemies":"Jaw Worm","floor":5,"turns":1},{"damage":0,"enemies":"Lagavulin","floor":6,"turns":1},{"damage":50,"enemies":"3 Sentries","floor":8,"turns":10},{"damage":28,"enemies":"Gremlin Nob","floor":10,"turns":5},{"damage":1,"enemies":"Cultist","floor":12,"turns":3},{"damage":24,"enemies":"Slime Boss","floor":16,"turns":9},{"damage":69,"enemies":"Spheric Guardian","floor":18,"turns":9},{"damage":37,"enemies":"3 Byrds","floor":22,"turns":5},{"damage":42,"enemies":"Gremlin Leader","floor":23,"turns":8},{"damage":21,"enemies":"Snake Plant","floor":28,"turns":5},{"damage":26,"enemies":"Shelled Parasite and Fungi","floor":31,"turns":12},{"damage":91,"enemies":"Automaton","floor":33,"turns":6}],"seed_played":"-1325917482195499259","potions_obtained":[{"floor":1.0,"key":"Block Potion"},{"floor":10,"key":"SkillPotion"},{"floor":12,"key":"EssenceOfSteel"},{"floor":18,"key":"AttackPotion"},{"floor":23,"key":"BloodPotion"},{"floor":31,"key":"Regen Potion"}],"is_trial":false,"path_per_floor":["M","?","?","?","M","E","$","E","T","E","?","M","R","$","R","B",null,"M","?","?","?","M","E","R","T","T","$","M","$","?","M","R","B"],"character_chosen":"IRONCLAD","items_purchased":["Reaper+1","Ghostly Armor"],"campfire_rested":4,"item_purchase_floors":[7,14],"current_hp_per_floor":[74,74,56,56,62,68,68,29,29,16,16,27,49,49,71,59,71,17,17,17,17,31,22,44,44,44,44,40,40,40,23,45,0],"gold":36,"neow_bonus":"THREE_ENEMY_KILL","is_prod":false,"is_daily":false,"chose_seed":false,"campfire_upgraded":0,"win_rate":0,"timestamp":1547885746,"path_taken":["M","?","?","?","?","E","$","E","T","E","?","M","R","$","R","BOSS","M","?","?","?","M","E","R","?","T","$","M","?","?","?","R","BOSS"],"build_version":"2019-01-17v2","purchased_purges":2,"victory":false,"max_hp_per_floor":[75,75,75,75,75,75,75,75,75,75,75,75,75,75,75,75,75,75,75,75,75,75,75,75,75,75,75,75,75,75,76,76,76],"card_choices":[{"not_picked":["Cleave","Clothesline"],"picked":"Rampage","floor":1.0},{"not_picked":["Clothesline","Dark Embrace"],"picked":"Thunderclap","floor":5},{"not_picked":["Clothesline","Wild Strike"],"picked":"Headbutt","floor":6},{"not_picked":["Seeing Red","Rampage+1","Body Slam+1"],"picked":"SKIP","floor":8},{"not_picked":["Havoc","Pummel+1"],"picked":"Rampage+1","floor":10},{"not_picked":["Havoc","Iron Wave+1"],"picked":"Shockwave","floor":12},{"not_picked":["Fiend Fire+1","Berserk"],"picked":"Demon Form","floor":16},{"not_picked":["Anger+1","Corruption"],"picked":"Heavy Blade+1","floor":18},{"not_picked":["Bloodletting","Flex"],"picked":"True Grit","floor":22},{"not_picked":["Headbutt+1","Armaments"],"picked":"Shrug It Off","floor":23},{"not_picked":["Bloodletting+1","Clothesline+1"],"picked":"Disarm+1","floor":28},{"not_picked":["Iron Wave+1","Fire Breathing"],"picked":"Sword Boomerang+1","floor":31}],"player_experience":2163902,"relics_obtained":[{"floor":6,"key":"Molten Egg 2"},{"floor":8,"key":"Vajra"},{"floor":9,"key":"Blue Candle"},{"floor":10,"key":"Bottled Lightning"},{"floor":23,"key":"Paper Frog"},{"floor":25,"key":"Toxic Egg 2"},{"floor":26,"key":"Blood Vial"}],"event_choices":[{"cards_removed":["Strike_R"],"damage_healed":0,"gold_gain":0,"player_choice":"Card Removal","damage_taken":0,"max_hp_gain":0,"max_hp_loss":0,"event_name":"The Cleric","floor":2,"gold_loss":50},{"damage_healed":0,"gold_gain":0,"player_choice":"Take Damage","damage_taken":18,"relics_obtained":["Golden Idol"],"max_hp_gain":0,"max_hp_loss":0,"event_name":"Golden Idol","floor":3,"gold_loss":0},{"damage_healed":0,"gold_gain":0,"player_choice":"Ignored","damage_taken":0,"max_hp_gain":0,"max_hp_loss":0,"event_name":"Liars Game","floor":4,"gold_loss":0},{"cards_removed":["Rampage"],"damage_healed":0,"gold_gain":0,"player_choice":"Gave Card","damage_taken":0,"relics_obtained":["The Courier"],"max_hp_gain":0,"max_hp_loss":0,"event_name":"WeMeetAgain","floor":11,"gold_loss":0},{"cards_removed":["Strike_R"],"damage_healed":0,"gold_gain":0,"player_choice":"Gave Gold","damage_taken":0,"max_hp_gain":0,"max_hp_loss":0,"event_name":"Beggar","floor":19,"gold_loss":75},{"cards_removed":["Strike_R"],"damage_healed":0,"gold_gain":0,"player_choice":"Elegance","damage_taken":0,"max_hp_gain":0,"max_hp_loss":0,"event_name":"Back to Basics","floor":20,"gold_loss":0},{"damage_healed":0,"gold_gain":0,"player_choice":"Paid Fearfully","damage_taken":0,"max_hp_gain":0,"max_hp_loss":0,"event_name":"Masked Bandits","floor":21,"gold_loss":56},{"damage_healed":0,"gold_gain":0,"player_choice":"Trade","damage_taken":0,"relics_obtained":["FaceOfCleric"],"max_hp_gain":0,"max_hp_loss":0,"event_name":"FaceTrader","floor":30,"gold_loss":0}],"is_beta":false,"boss_relics":[{"not_picked":["Coffee Dripper","Runic Pyramid"],"picked":"Lizard Tail"}],"items_purged_floors":[14,27],"is_endless":false,"potions_floor_spawned":[1,10,12,18,23,31],"killed_by":"Automaton","ascension_level":14}