{"path_per_floor":["M","?","$","M","M","R","M","R","T","M","R","M","?","$","R","B",null,"M","?","$"],"character_chosen":"IRONCLAD","items_purchased":["Orichalcum","Whetstone"],"gold_per_floor":[11,11,11,26,40,40,50,50,50,68,68,80,180,37,37,136,166,184,184,33,3],"floor_reached":21,"campfire_rested":1,"playtime":886,"current_hp_per_floor":[80,80,80,80,80,80,76,76,76,64,80,80,80,80,80,41,85,65,65,65,50],"items_purged":[],"gold":3,"score":177,"play_id":"e2a333f1-a564-447c-b9c7-7e451a124767","local_time":"20180416224456","is_prod":false,"is_daily":false,"chose_seed":false,"is_ascension_mode":true,"campfire_upgraded":3,"timestamp":1523907896,"path_taken":["M","?","?","M","M","R","M","R","T","M","R","M","?","?","R","BOSS","M","?","$","M"],"build_version":"2018-04-12","seed_source_timestamp":76901639498096,"purchased_purges":1,"victory":false,"master_deck":["Strike_R","Strike_R+1","Strike_R","Strike_R","Strike_R","Defend_R","Defend_R","Defend_R","Bash+1","Rage+1","Dual Wield+1","Thunderclap","Limit Break+1","Reaper+1","Limit Break+1"],"max_hp_per_floor":[80,80,80,80,80,80,80,80,80,80,80,80,80,80,80,80,85,85,85,85,85],"relics":["Burning Blood","Calipers","Centennial Puzzle","Orichalcum","Tiny House","Whetstone"],"card_choices":[{"not_picked":["Flex","Sword Boomerang"],"picked":"Rage","floor":1},{"not_picked":["Reckless Charge","Warcry"],"picked":"Thunderclap","floor":5},{"not_picked":["Metallicize","Blood for Blood"],"picked":"Limit Break","floor":7},{"not_picked":["Offering","Double Tap"],"picked":"Reaper","floor":16}],"player_experience":229426,"potions_floor_usage":[7,10,16,18],"damage_taken":[{"damage":2,"enemies":"Small Slimes","floor":1,"turns":4},{"damage":0,"enemies":"Cultist","floor":4,"turns":4},{"damage":0,"enemies":"Jaw Worm","floor":5,"turns":3},{"damage":10,"enemies":"Large Slime","floor":7,"turns":7},{"damage":18,"enemies":"Lots of Slimes","floor":10,"turns":3},{"damage":6,"enemies":"Red Slaver","floor":12,"turns":5},{"damage":45,"enemies":"The Guardian","floor":16,"turns":9},{"damage":26,"enemies":"Spheric Guardian","floor":18,"turns":6},{"damage":15,"enemies":"2 Thieves","floor":21,"turns":2}],"event_choices":[{"event_name":"Transmorgrifier","player_choice":"Transform","floor":2,"damage_taken":0},{"event_name":"Wheel of Change","player_choice":"Gold","floor":13,"damage_taken":0},{"event_name":"Duplicator","player_choice":"One dupe","floor":19,"damage_taken":0}],"boss_relics":[{"not_picked":["Eternal Feather","Runic Pyramid"],"picked":"Tiny House"}],"potions_floor_spawned":[4,5,7,16],"seed_played":"-2251849702745544504","killed_by":"2 Thieves","ascension_level":1,"is_trial":false}