{"gold_per_floor":[119,18,37,2,2,28,28,40,40,53,53,82,82,82,82,184,184,200,200,140],"floor_reached":20,"playtime":753,"items_purged":[],"score":180,"play_id":"e5a78882-b47d-4bc3-a10f-e970457fd751","local_time":"20181207123714","is_ascension_mode":false,"campfire_choices":[{"data":"Streamline","floor":7,"key":"SMITH"},{"data":"White Noise","floor":11,"key":"SMITH"},{"floor":13,"key":"RECALL"},{"data":"Creative AI","floor":15,"key":"SMITH"}],"neow_cost":"NONE","seed_source_timestamp":406562637614025,"circlet_count":0,"master_deck":["Strike_B","Strike_B","Strike_B","Defend_B","Defend_B","Defend_B","Defend_B","Zap","Dualcast","Compile Driver","Defragment","Streamline+1","Beam Cell","Self Repair","Ball Lightning","Creative AI+1","Electrodynamics","Storm+1"],"relics":["Coffee Dripper","Du-Vu Doll","Pantograph","Gambling Chip","Inserter"],"potions_floor_usage":[6,10,10,16],"damage_taken":[{"damage":0,"enemies":"2 Louse","floor":1,"turns":4},{"damage":0,"enemies":"Small Slimes","floor":3,"turns":3},{"damage":38,"enemies":"Gremlin Nob","floor":6,"turns":5},{"damage":0,"enemies":"Cultist","floor":8,"turns":3},{"damage":0,"enemies":"Blue Slaver","floor":10,"turns":4},{"damage":8,"enemies":"Lagavulin","floor":12,"turns":6},{"damage":33,"enemies":"Hexaghost","floor":16,"turns":5},{"damage":24,"enemies":"Shell Parasite","floor":18,"turns":7},{"damage":40,"enemies":"Colosseum Slavers","floor":19,"turns":3},{"damage":30,"enemies":"2 Thieves","floor":20,"turns":2}],"seed_played":"-3759438910755001707","potions_obtained":[{"floor":3,"key":"PowerPotion"},{"floor":6,"key":"SkillPotion"},{"floor":8,"key":"EssenceOfSteel"},{"floor":12,"key":"PowerPotion"},{"floor":18,"key":"Swift Potion"}],"is_trial":false,"path_per_floor":["M","$","M","?","?","E","R","M","T","M","R","E","R","?","R","B",null,"M","?","M"],"character_chosen":"DEFECT","items_purchased":["Defragment","Streamline"],"campfire_rested":0,"item_purchase_floors":[2,2],"current_hp_per_floor":[75,75,75,75,68,30,30,30,30,37,37,36,36,75,75,49,75,58,25,0],"gold":140,"neow_bonus":"BOSS_RELIC","is_prod":false,"is_daily":false,"chose_seed":false,"campfire_upgraded":3,"win_rate":0,"timestamp":1544204234,"path_taken":["M","$","M","?","?","E","R","M","T","M","R","E","R","?","R","BOSS","M","?","M"],"build_version":"2018-12-06","purchased_purges":0,"victory":false,"max_hp_per_floor":[75,75,75,75,75,75,75,75,75,75,75,75,75,75,75,75,75,75,75,75],"card_choices":[{"not_picked":["Turbo","Hologram"],"picked":"Compile Driver","floor":1},{"not_picked":["Skim","Compile Driver"],"picked":"White Noise","floor":3},{"not_picked":["Fission","Streamline"],"picked":"Beam Cell","floor":6},{"not_picked":["Scrape","Go for the Eyes"],"picked":"Self Repair","floor":8},{"not_picked":["Conserve Battery","Sweeping Beam"],"picked":"Ball Lightning","floor":10},{"not_picked":["Barrage","Go for the Eyes"],"picked":"Creative AI","floor":12},{"not_picked":["Buffer","Reboot"],"picked":"Electrodynamics","floor":16},{"not_picked":["Skim+1","Go for the Eyes"],"picked":"Storm+1","floor":18}],"player_experience":1795555,"relics_obtained":[{"floor":6,"key":"Du-Vu Doll"},{"floor":9,"key":"Pantograph"},{"floor":12,"key":"Gambling Chip"}],"event_choices":[{"damage_healed":18,"gold_gain":0,"player_choice":"Healed","damage_taken":0,"max_hp_gain":0,"max_hp_loss":0,"event_name":"The Cleric","floor":4,"gold_loss":35},{"cards_removed":["Strike_B"],"damage_healed":0,"gold_gain":0,"player_choice":"Card Removal","damage_taken":7,"max_hp_gain":0,"max_hp_loss":0,"event_name":"Golden Wing","floor":5,"gold_loss":0},{"cards_removed":["White Noise"],"damage_healed":39,"gold_gain":0,"player_choice":"Offered Uncommon","damage_taken":0,"max_hp_gain":0,"max_hp_loss":0,"event_name":"Bonfire Elementals","floor":14,"gold_loss":0},{"damage_healed":0,"gold_gain":0,"player_choice":"Fight","damage_taken":0,"max_hp_gain":0,"max_hp_loss":0,"event_name":"Colosseum","floor":19,"gold_loss":0},{"damage_healed":0,"gold_gain":0,"player_choice":"Fled From Nobs","damage_taken":0,"max_hp_gain":0,"max_hp_loss":0,"event_name":"Colosseum","floor":19,"gold_loss":0}],"is_beta":false,"boss_relics":[{"not_picked":["Sozu","Nuclear Battery"],"picked":"Inserter"}],"items_purged_floors":[],"is_endless":false,"potions_floor_spawned":[3,6,8,12,18,19],"killed_by":"2 Thieves","ascension_level":0}