{"gold_per_floor":[115,133,133,148,148,173,173,201,201,219,219,234,244,260,260,364,364,383,383,399,426,406,431,446,1,1,1,19,19,32,50,50,148,148,159,175,175,224,76,111,111,111,111,140,152,152,72,92,92,92,92,92,14,46,46],"floor_reached":56,"playtime":3008,"items_purged":["Strike_G"],"score":1344,"play_id":"6951d4d4-2b82-4269-a3cf-384a847550f8","local_time":"20181213094411","is_ascension_mode":false,"campfire_choices":[{"floor":7,"key":"REST"},{"floor":11,"key":"REST"},{"floor":15,"key":"REST"},{"floor":27,"key":"REST"},{"floor":32,"key":"REST"},{"floor":42,"key":"RECALL"},{"data":"After Image","floor":46,"key":"SMITH"},{"data":"Tools of the Trade","floor":49,"key":"SMITH"},{"data":"Caltrops","floor":52,"key":"SMITH"}],"neow_cost":"PERCENT_DAMAGE","seed_source_timestamp":47627237347725,"circlet_count":0,"master_deck":["Defend_G","Defend_G","Defend_G","Defend_G","Survivor","Neutralize","Crippling Poison","Caltrops+1","Cloak And Dagger","Endless Agony","Escape Plan","Corpse Explosion","Backflip","Noxious Fumes","Dagger Throw+1","PiercingWail","After Image+1","Endless Agony+1","Dash+1","Riddle With Holes+1","Infinite Blades+1","All Out Attack+1","Dodge and Roll","Riddle With Holes+1","Dodge and Roll+1","Endless Agony+1","Glass Knife+1","Backstab+1","Slice+1","Crippling Poison","Tools of the Trade+1","Slice+1","Endless Agony+1","Crippling Poison","Noxious Fumes+1"],"relics":["Ring of the Snake","Pocketwatch","Kunai","Bronze Scales","Sundial","Molten Egg 2","Black Star","Red Mask","Shuriken","Mummified Hand","Ornamental Fan","Empty Cage","Ice Cream","PreservedInsect","Pen Nib","Bird Faced Urn","Unceasing Top","Centennial Puzzle","Ninja Scroll","Art of War","Letter Opener"],"potions_floor_usage":[12,13,13,20,23,23,23,33,33,38,38,50,50,50,50,55,55],"damage_taken":[{"damage":1,"enemies":"Cultist","floor":1,"turns":4},{"damage":7,"enemies":"2 Louse","floor":2,"turns":3},{"damage":7,"enemies":"Small Slimes","floor":4,"turns":3},{"damage":28,"enemies":"Gremlin Nob","floor":6,"turns":5},{"damage":12,"enemies":"3 Sentries","floor":8,"turns":11},{"damage":0,"enemies":"Looter","floor":10,"turns":3},{"damage":0,"enemies":"Large Slime","floor":12,"turns":3},{"damage":0,"enemies":"Gremlin Gang","floor":13,"turns":3},{"damage":2,"enemies":"Blue Slaver","floor":14,"turns":3},{"damage":38,"enemies":"Slime Boss","floor":16,"turns":11},{"damage":0,"enemies":"3 Byrds","floor":18,"turns":2},{"damage":12,"enemies":"2 Thieves","floor":20,"turns":3},{"damage":23,"enemies":"Masked Bandits","floor":21,"turns":2},{"damage":17,"enemies":"Slavers","floor":23,"turns":2},{"damage":10,"enemies":"Centurion and Healer","floor":24,"turns":4},{"damage":1,"enemies":"Shelled Parasite and Fungi","floor":28,"turns":5},{"damage":0,"enemies":"Snake Plant","floor":30,"turns":4},{"damage":3,"enemies":"Snecko","floor":31,"turns":4},{"damage":16,"enemies":"Collector","floor":33,"turns":8},{"damage":2,"enemies":"Orb Walker","floor":35,"turns":3},{"damage":0,"enemies":"3 Shapes","floor":36,"turns":4},{"damage":4,"enemies":"2 Orb Walkers","floor":38,"turns":4},{"damage":0,"enemies":"Giant Head","floor":40,"turns":6},{"damage":0,"enemies":"Nemesis","floor":44,"turns":5},{"damage":6,"enemies":"Sphere and 2 Shapes","floor":45,"turns":3},{"damage":0,"enemies":"4 Shapes","floor":48,"turns":3},{"damage":60,"enemies":"Time Eater","floor":50,"turns":10},{"damage":0,"enemies":"Shield and Spear","floor":54,"turns":3},{"damage":56,"enemies":"The Heart","floor":55,"turns":9}],"seed_played":"5056262249921822834","potions_obtained":[{"floor":6,"key":"Energy Potion"},{"floor":10,"key":"Fire Potion"},{"floor":12,"key":"Regen Potion"},{"floor":16,"key":"FearPotion"},{"floor":20,"key":"Energy Potion"},{"floor":21,"key":"LiquidBronze"},{"floor":22,"key":"Poison Potion"},{"floor":23,"key":"LiquidBronze"},{"floor":30,"key":"FearPotion"},{"floor":35,"key":"Fire Potion"},{"floor":38,"key":"EntropicBrew"},{"floor":40,"key":"Ancient Potion"},{"floor":45,"key":"Block Potion"}],"is_trial":false,"path_per_floor":["M","M","T","M","?","E","R","E","T","M","R","M","M","M","R","B",null,"M","?","M","?","?","E","M","$","T","R","M","?","M","M","R","B",null,"M","M","?","?","$","E","?","R","T","E","M","R","$","M","R","B",null,"R","$","E","B",null],"character_chosen":"THE_SILENT","items_purchased":["Ornamental Fan","Catalyst","Energy Potion","PreservedInsect","Endless Agony+1","Crippling Poison"],"campfire_rested":5,"item_purchase_floors":[25,25,25,39,47,53],"current_hp_per_floor":[48,41,41,34,34,6,27,15,15,15,36,36,48,46,67,29,70,70,70,58,35,35,18,8,8,8,29,28,28,28,25,46,30,70,68,68,68,64,64,64,64,64,64,70,64,64,64,70,70,12,70,70,70,70,21],"gold":46,"neow_bonus":"ONE_RARE_RELIC","is_prod":false,"is_daily":false,"chose_seed":false,"campfire_upgraded":3,"win_rate":0,"timestamp":1544712251,"path_taken":["M","M","?","M","?","E","R","E","T","M","R","?","M","M","R","BOSS","M","?","M","?","?","E","?","$","T","R","?","?","?","M","R","BOSS","M","M","?","?","?","E","?","R","T","E","M","R","$","M","R","BOSS","R","$","E","BOSS"],"build_version":"2018-12-06","purchased_purges":1,"victory":true,"max_hp_per_floor":[70,70,70,70,70,70,70,70,70,70,70,70,70,70,70,70,70,70,70,70,70,70,70,70,70,70,70,70,70,70,70,70,70,70,70,70,70,70,70,70,70,70,70,70,70,70,70,70,70,70,70,70,70,70,70],"card_choices":[{"not_picked":["Deflect","Poisoned Stab"],"picked":"Crippling Poison","floor":1},{"not_picked":["Masterful Stab","Slice"],"picked":"Caltrops","floor":2},{"not_picked":["Dagger Spray","Heel Hook"],"picked":"Cloak And Dagger","floor":4},{"not_picked":["Acrobatics","Sucker Punch"],"picked":"Escape Plan","floor":6},{"not_picked":["Dagger Spray","Dodge and Roll"],"picked":"Corpse Explosion","floor":8},{"not_picked":["Predator+1","PiercingWail"],"picked":"Backflip","floor":10},{"not_picked":["Dodge and Roll","Poisoned Stab+1"],"picked":"Noxious Fumes","floor":12},{"not_picked":["Expertise","Distraction"],"picked":"Dagger Throw+1","floor":13},{"not_picked":["Acrobatics","Prepared"],"picked":"PiercingWail","floor":14},{"not_picked":["Malaise","Tools of the Trade"],"picked":"After Image","floor":16},{"not_picked":["Sucker Punch+1","Reflex"],"picked":"Endless Agony+1","floor":18},{"not_picked":["Skewer+1","Dagger Spray+1"],"picked":"Infinite Blades+1","floor":20},{"not_picked":["Eviscerate+1","Bane+1"],"picked":"All Out Attack+1","floor":21},{"not_picked":["Outmaneuver+1","Flying Knee+1"],"picked":"Dodge and Roll","floor":23},{"not_picked":["Flying Knee+1","Concentrate+1"],"picked":"Riddle With Holes+1","floor":24},{"not_picked":["Underhanded Strike+1","Quick Slash+1","Deadly Poison"],"picked":"SKIP","floor":28},{"not_picked":["All Out Attack+1","Well Laid Plans"],"picked":"Dodge and Roll+1","floor":30},{"not_picked":["Bane+1","Underhanded Strike+1"],"picked":"Endless Agony+1","floor":31},{"not_picked":["Wraith Form v2","Venomology"],"picked":"Glass Knife+1","floor":33},{"not_picked":["Expertise+1","Noxious Fumes"],"picked":"Backstab+1","floor":35},{"not_picked":["Sucker Punch+1","Finisher+1"],"picked":"Slice+1","floor":36},{"not_picked":["Skewer+1","Backflip"],"picked":"Crippling Poison","floor":38},{"not_picked":["Concentrate","Dodge and Roll+1"],"picked":"Tools of the Trade","floor":40},{"not_picked":["Skewer+1","Dagger Spray+1","Acrobatics+1"],"picked":"SKIP","floor":44},{"not_picked":["Poisoned Stab+1","Flying Knee+1"],"picked":"Slice+1","floor":45},{"not_picked":["Leg Sweep","Predator+1","Acrobatics"],"picked":"SKIP","floor":48},{"not_picked":["Masterful Stab+1","Dodge and Roll+1"],"picked":"Noxious Fumes+1","floor":54}],"player_experience":1876899,"relics_obtained":[{"floor":3,"key":"Kunai"},{"floor":6,"key":"Bronze Scales"},{"floor":8,"key":"Sundial"},{"floor":9,"key":"Molten Egg 2"},{"floor":21,"key":"Red Mask"},{"floor":23,"key":"Shuriken"},{"floor":23,"key":"Mummified Hand"},{"floor":38,"key":"Ice Cream"},{"floor":40,"key":"Pen Nib"},{"floor":40,"key":"Bird Faced Urn"},{"floor":43,"key":"Unceasing Top"},{"floor":44,"key":"Centennial Puzzle"},{"floor":44,"key":"Ninja Scroll"},{"floor":54,"key":"Art of War"},{"floor":54,"key":"Letter Opener"}],"event_choices":[{"damage_healed":0,"gold_gain":0,"cards_transformed":["Strike_G"],"player_choice":"Transformed","damage_taken":0,"max_hp_gain":0,"max_hp_loss":0,"event_name":"Transmorgrifier","floor":5,"gold_loss":0,"cards_obtained":["Endless Agony"]},{"damage_healed":0,"gold_gain":0,"cards_transformed":["Strike_G","Strike_G"],"player_choice":"Became Test Subject","damage_taken":0,"max_hp_gain":0,"max_hp_loss":0,"event_name":"Drug Dealer","floor":19,"gold_loss":0,"cards_obtained":["Dash","Riddle With Holes"]},{"damage_healed":0,"gold_gain":0,"player_choice":"Fought Bandits","damage_taken":0,"max_hp_gain":0,"max_hp_loss":0,"event_name":"Masked Bandits","floor":21,"gold_loss":0},{"damage_healed":0,"gold_gain":0,"player_choice":"Bought 1 Potion","damage_taken":0,"max_hp_gain":0,"max_hp_loss":0,"event_name":"The Woman in Blue","floor":22,"gold_loss":0},{"damage_healed":0,"gold_gain":0,"player_choice":"Ignored","damage_taken":0,"max_hp_gain":0,"max_hp_loss":0,"event_name":"N\u0027loth","floor":29,"gold_loss":0},{"cards_removed":["Catalyst"],"damage_healed":0,"gold_gain":0,"player_choice":"Removed Skill","damage_taken":0,"max_hp_gain":0,"max_hp_loss":0,"event_name":"Falling","floor":37,"gold_loss":0},{"damage_healed":0,"gold_gain":0,"player_choice":"Fight","damage_taken":0,"max_hp_gain":0,"max_hp_loss":0,"event_name":"Mysterious Sphere","floor":38,"gold_loss":0},{"damage_healed":0,"gold_gain":0,"player_choice":"0 cards matched","damage_taken":0,"max_hp_gain":0,"max_hp_loss":0,"event_name":"Match and Keep!","floor":41,"gold_loss":0,"cards_obtained":[]}],"is_beta":false,"boss_relics":[{"not_picked":["Coffee Dripper","HoveringKite"],"picked":"Black Star"},{"not_picked":["Velvet Choker","Runic Pyramid"],"picked":"Empty Cage"}],"items_purged_floors":[25],"is_endless":false,"potions_floor_spawned":[6,10,12,16,20,21,23,30,35,38,40,45],"ascension_level":0}