{"path_per_floor":["M","M","?","M","M","R","?","T","T","M","E","R","$","M","R","B",null,"M"],"character_chosen":"DEFECT","items_purchased":["Gremlin Horn","Genetic Algorithm"],"gold_per_floor":[215,228,228,239,255,255,255,255,280,290,320,320,25,40,40,140,140,160,160],"floor_reached":19,"campfire_rested":1,"playtime":1091,"item_purchase_floors":[],"current_hp_per_floor":[68,61,61,55,48,48,48,48,48,44,44,44,44,44,66,43,75,35,0],"items_purged":[],"gold":160,"score":223,"play_id":"9752fea5-5050-4c9f-b4a5-4ae78f9268db","local_time":"20180615065424","is_prod":false,"is_daily":false,"chose_seed":false,"is_ascension_mode":true,"campfire_upgraded":2,"win_rate":0,"timestamp":1529060064,"campfire_choices":[{"data":"Buffer","floor":6.0,"key":"SMITH"},{"data":"Chill","floor":12.0,"key":"SMITH"},{"floor":15.0,"key":"REST"}],"path_taken":["M","M","?","M","M","R","?","?","T","?","E","R","$","M","R","BOSS","M","M"],"build_version":"2018-06-14v2","seed_source_timestamp":0,"purchased_purges":0,"victory":false,"master_deck":["Strike_B","Strike_B","Strike_B","Defend_B","Defend_B","Defend_B","Defend_B","Zap","Dualcast","Redo","Consume","Buffer+1","Doom and Gloom","Chill+1","Genetic Algorithm","Fission"],"max_hp_per_floor":[75,75,75,75,75,75,75,75,75,75,75,75,75,75,75,75,75,75,75],"special_seed":0,"relics":["Cracked Core","Question Card","Bag of Preparation","Ancient Tea Set","Gremlin Horn","Velvet Choker"],"card_choices":[{"not_picked":["Conserve Battery","Ball Lightning"],"picked":"Redo","floor":1.0},{"not_picked":["Chaos","Conserve Battery"],"picked":"Consume","floor":2.0},{"not_picked":["Rebound","Heatsinks"],"picked":"Buffer","floor":4.0},{"not_picked":["Ball Lightning","Turbo","Rebound"],"picked":"SKIP","floor":5.0},{"not_picked":["Streamline","FTL","Compile Driver"],"picked":"Doom and Gloom","floor":10.0},{"not_picked":["Rainbow","Heatsinks","Self Repair"],"picked":"Chill","floor":11.0},{"not_picked":["Force Field","Barrage","Steam","Beam Cell"],"picked":"SKIP","floor":14.0},{"not_picked":["Reboot","Seek","Thunder Strike"],"picked":"Fission","floor":16.0},{"not_picked":["Hologram","Meteor Strike","Steam","Barrage"],"picked":"SKIP","floor":18}],"player_experience":558839,"potions_floor_usage":[],"damage_taken":[{"damage":7.0,"enemies":"2 Louse","floor":1.0,"turns":2.0},{"damage":7.0,"enemies":"Jaw Worm","floor":2.0,"turns":2.0},{"damage":6.0,"enemies":"Cultist","floor":4.0,"turns":3.0},{"damage":7.0,"enemies":"2 Fungi Beasts","floor":5.0,"turns":4.0},{"damage":4.0,"enemies":"Red Slaver","floor":10.0,"turns":4.0},{"damage":0.0,"enemies":"Gremlin Nob","floor":11.0,"turns":4.0},{"damage":0.0,"enemies":"Lots of Slimes","floor":14.0,"turns":3.0},{"damage":23.0,"enemies":"The Guardian","floor":16.0,"turns":11.0},{"damage":40.0,"enemies":"Spheric Guardian","floor":18.0,"turns":7.0},{"damage":38,"enemies":"Shell Parasite","floor":19,"turns":7}],"relics_obtained":[{"floor":8.0,"key":"Question Card"},{"floor":9.0,"key":"Bag of Preparation"},{"floor":11.0,"key":"Ancient Tea Set"}],"event_choices":[{"event_name":"Liars Game","player_choice":"disagreed","floor":3.0,"damage_taken":0.0},{"event_name":"Purifier","player_choice":"One Purge","floor":7.0,"damage_taken":0.0}],"boss_relics":[{"not_picked":["Astrolabe","Calling Bell"],"picked":"Velvet Choker"}],"items_purged_floors":[],"is_endless":false,"potions_floor_spawned":[4,5,10,16,18],"seed_played":"-4281800840018117531","killed_by":"Shell Parasite","ascension_level":3,"potions_obtained":[{"floor":4.0,"key":"Explosive Potion"},{"floor":5.0,"key":"Block Potion"},{"floor":10.0,"key":"Dexterity Potion"},{"floor":16.0,"key":"Weak Potion"},{"floor":18,"key":"FocusPotion"}],"is_trial":false}