{"gold_per_floor":[118,138,15,15,34,68,68,68,68,81,81,104,123,159,159,278,278,292,311,347,347],"floor_reached":21,"playtime":1472,"items_purged":[],"score":191,"play_id":"e661604b-b614-40c7-bd09-247e6c3d6cc2","local_time":"20181212210746","is_ascension_mode":false,"campfire_choices":[{"data":"Neutralize","floor":7.0,"key":"SMITH"},{"floor":11.0,"key":"REST"},{"floor":15.0,"key":"REST"}],"neow_cost":"NONE","seed_source_timestamp":0,"circlet_count":0,"master_deck":["Defend_G","Defend_G","Defend_G","Defend_G","Defend_G+1","Strike_G","Strike_G","Strike_G","Strike_G","Strike_G","Survivor","Neutralize+1","Riddle With Holes+1","Backflip","Noxious Fumes","PiercingWail","Infinite Blades","Slice","Deadly Poison","Cloak And Dagger","Flying Knee","A Thousand Cuts","Backflip","Predator","Cloak And Dagger"],"special_seed":0,"relics":["Runic Pyramid","Golden Idol","Nunchaku","Bottled Tornado","Dream Catcher","Philosopher\u0027s Stone","Red Mask"],"potions_floor_usage":[20,20],"damage_taken":[{"damage":2.0,"enemies":"Cultist","floor":1.0,"turns":4.0},{"damage":0.0,"enemies":"Jaw Worm","floor":2.0,"turns":3.0},{"damage":0.0,"enemies":"Small Slimes","floor":5.0,"turns":3.0},{"damage":4.0,"enemies":"Gremlin Nob","floor":6.0,"turns":3.0},{"damage":1.0,"enemies":"Exordium Wildlife","floor":10.0,"turns":4.0},{"damage":0.0,"enemies":"Looter","floor":12.0,"turns":3.0},{"damage":17.0,"enemies":"Gremlin Gang","floor":13.0,"turns":4.0},{"damage":19.0,"enemies":"3 Sentries","floor":14.0,"turns":8.0},{"damage":6.0,"enemies":"The Guardian","floor":16.0,"turns":10.0},{"damage":14.0,"enemies":"Chosen","floor":18.0,"turns":5.0},{"damage":22.0,"enemies":"2 Thieves","floor":19.0,"turns":4.0},{"damage":21,"enemies":"Masked Bandits","floor":20,"turns":6},{"damage":16,"enemies":"Sentry and Sphere","floor":21,"turns":5}],"seed_played":"-1199335912996576272","potions_obtained":[{"floor":1.0,"key":"FearPotion"},{"floor":5.0,"key":"Fire Potion"},{"floor":6.0,"key":"Weak Potion"},{"floor":13.0,"key":"Dexterity Potion"},{"floor":16.0,"key":"EssenceOfSteel"},{"floor":18.0,"key":"Fire Potion"},{"floor":19.0,"key":"Weak Potion"}],"is_trial":false,"path_per_floor":["M","M","$","?","M","E","R","?","T","M","R","M","M","E","R","B",null,"M","M","?","M"],"character_chosen":"THE_SILENT","items_purchased":["Noxious Fumes","PiercingWail"],"campfire_rested":2,"item_purchase_floors":[3,3],"current_hp_per_floor":[68,68,68,51,51,47,47,33,33,32,53,53,36,17,38,32,70,56,34,13,0],"gold":347,"neow_bonus":"BOSS_RELIC","is_prod":false,"is_daily":false,"chose_seed":false,"campfire_upgraded":1,"win_rate":0,"timestamp":1544666866,"path_taken":["M","?","$","?","M","E","R","?","T","M","R","M","M","E","R","BOSS","M","M","?","M"],"build_version":"2018-12-06","purchased_purges":0,"victory":false,"max_hp_per_floor":[70,70,70,70,70,70,70,70,70,70,70,70,70,70,70,70,70,70,70,70,70],"card_choices":[{"not_picked":["Sucker Punch","Poisoned Stab"],"picked":"Riddle With Holes","floor":1.0},{"not_picked":["Prepared","Outmaneuver"],"picked":"Backflip","floor":2.0},{"not_picked":["Outmaneuver","Concentrate","Skewer"],"picked":"SKIP","floor":5.0},{"not_picked":["PiercingWail","Calculated Gamble"],"picked":"Infinite Blades","floor":6.0},{"not_picked":["Reflex","Bouncing Flask"],"picked":"Slice","floor":10.0},{"not_picked":["Tactician","Terror"],"picked":"Deadly Poison","floor":12.0},{"not_picked":["Blade Dance","Sucker Punch"],"picked":"Cloak And Dagger","floor":13.0},{"not_picked":["Acrobatics","Expertise"],"picked":"Flying Knee","floor":14.0},{"not_picked":["Malaise","Bullet Time"],"picked":"A Thousand Cuts","floor":16.0},{"not_picked":["Quick Slash","Dodge and Roll"],"picked":"Backflip","floor":18.0},{"not_picked":["Outmaneuver","Escape Plan"],"picked":"Predator","floor":19.0},{"not_picked":["Heel Hook+1","Concentrate"],"picked":"Cloak And Dagger","floor":20}],"player_experience":1867054,"relics_obtained":[{"floor":6.0,"key":"Nunchaku"},{"floor":9.0,"key":"Bottled Tornado"},{"floor":14.0,"key":"Dream Catcher"},{"floor":20,"key":"Red Mask"}],"event_choices":[{"damage_healed":0.0,"max_hp_gain":0.0,"max_hp_loss":0.0,"gold_gain":0.0,"event_name":"Golden Idol","player_choice":"Take Damage","floor":4.0,"gold_loss":0.0,"damage_taken":17.0,"relics_obtained":["Golden Idol"]},{"damage_healed":0.0,"max_hp_gain":0.0,"max_hp_loss":0.0,"gold_gain":0.0,"event_name":"Shining Light","player_choice":"Entered Light","floor":8.0,"gold_loss":0.0,"damage_taken":14.0,"cards_upgraded":["Defend_G","Riddle With Holes"]},{"damage_healed":0,"gold_gain":0,"player_choice":"Fought Bandits","damage_taken":0,"max_hp_gain":0,"max_hp_loss":0,"event_name":"Masked Bandits","floor":20,"gold_loss":0}],"is_beta":false,"boss_relics":[{"not_picked":["Runic Dome","Eternal Feather"],"picked":"Philosopher\u0027s Stone"}],"items_purged_floors":[],"is_endless":false,"potions_floor_spawned":[1,5,6,13,16,18,19],"killed_by":"Sentry and Sphere","ascension_level":0}