{"gold_per_floor":[10,22,22,36,36,36,48,48,72,107,118,118,118,118,118,193,193,205,205,205,69,80,80,80,7,34,65,78,128,26,45,45,121,121,133,150,150,150,150,150,170,170,170,170,27,45,45,59,59,59],"floor_reached":50,"playtime":2511,"items_purged":[],"score":827,"play_id":"57341bb4-56d0-4a3b-a179-8793578ceea5","local_time":"20180828133656","is_ascension_mode":true,"campfire_choices":[{"data":"Neutralize","floor":6.0,"key":"SMITH"},{"data":"Skewer","floor":13.0,"key":"SMITH"},{"floor":15.0,"key":"REST"},{"data":"Sucker Punch","floor":23.0,"key":"SMITH"},{"floor":32,"key":"REST"},{"data":"Footwork","floor":40,"key":"SMITH"},{"floor":42,"key":"REST"},{"floor":44,"key":"REST"},{"data":"Noxious Fumes","floor":49,"key":"SMITH"}],"neow_cost":"NO_GOLD","seed_source_timestamp":0,"circlet_count":0,"master_deck":["Defend_G","Defend_G","Defend_G","Defend_G","Defend_G","Strike_G","Strike_G","Strike_G+1","Survivor","Neutralize+1","AscendersBane","Riddle With Holes+1","Footwork+1","Deflect","Infinite Blades","Sucker Punch+1","Skewer+1","Dodge and Roll","Footwork","All Out Attack","Heel Hook","Escape Plan","Well Laid Plans","Infinite Blades+1","Slice+1","PiercingWail","Blade Dance","Glass Knife","Leg Sweep","Blade Dance+1","Writhe","Flechettes","Dash","Noxious Fumes+1","Sadistic Nature","Backflip"],"special_seed":0,"relics":["Ring of the Snake","Juzu Bracelet","Happy Flower","Potion Belt","Singing Bowl","Empty Cage","Whetstone","Kunai","Sozu","Ninja Scroll"],"potions_floor_usage":[27,27,27,27,31,33,35],"damage_taken":[{"damage":3.0,"enemies":"2 Louse","floor":1.0,"turns":5.0},{"damage":1.0,"enemies":"Jaw Worm","floor":2.0,"turns":6.0},{"damage":0.0,"enemies":"Small Slimes","floor":4.0,"turns":4.0},{"damage":11.0,"enemies":"Exordium Wildlife","floor":7.0,"turns":9.0},{"damage":14.0,"enemies":"3 Sentries","floor":10.0,"turns":8.0},{"damage":8.0,"enemies":"Large Slime","floor":11.0,"turns":7.0},{"damage":34.0,"enemies":"Slime Boss","floor":16.0,"turns":9.0},{"damage":1.0,"enemies":"Chosen","floor":18.0,"turns":6.0},{"damage":5.0,"enemies":"3 Byrds","floor":22.0,"turns":6.0},{"damage":24,"enemies":"Slavers","floor":27,"turns":8},{"damage":24,"enemies":"3 Cultists","floor":28,"turns":6},{"damage":3,"enemies":"Snake Plant","floor":31,"turns":7},{"damage":24,"enemies":"Champ","floor":33,"turns":27},{"damage":23,"enemies":"3 Darklings","floor":35,"turns":7},{"damage":19,"enemies":"3 Shapes","floor":36,"turns":7},{"damage":44,"enemies":"Sphere and 2 Shapes","floor":41,"turns":8},{"damage":0,"enemies":"4 Shapes","floor":46,"turns":8},{"damage":13,"enemies":"Flame Bruiser 2 Orb","floor":48,"turns":9},{"damage":49,"enemies":"Awakened One","floor":50,"turns":3}],"seed_played":"4027692858522881813","potions_obtained":[{"floor":1.0,"key":"Weak Potion"},{"floor":4.0,"key":"Poison Potion"},{"floor":7.0,"key":"EntropicBrew"},{"floor":11.0,"key":"SteroidPotion"},{"floor":27,"key":"Fire Potion"},{"floor":31,"key":"Dexterity Potion"}],"is_trial":false,"path_per_floor":["M","M","?","M","$","R","M","?","T","E","M","?","R","T","R","B",null,"M","?","?","$","M","R","?","$","T","E","M","?","$","M","R","B",null,"M","M","?","?","?","R","M","R","T","R","$","M","?","M","R"],"character_chosen":"THE_SILENT","items_purchased":["Footwork","All Out Attack","Well Laid Plans","PiercingWail","PowerPotion","Dash","Noxious Fumes"],"campfire_rested":4,"item_purchase_floors":[21,21,25,30,30,45,45],"current_hp_per_floor":[68,67,49,49,49,49,38,38,38,24,16,35,35,35,58,26,64,63,63,63,63,58,58,58,58,58,34,10,10,10,7,30,6,59,36,17,17,32,63,63,19,37,37,55,55,57,57,44,44,0],"gold":59,"neow_bonus":"TWENTY_PERCENT_HP_BONUS","is_prod":false,"is_daily":false,"chose_seed":false,"campfire_upgraded":5,"win_rate":0,"timestamp":1535456216,"path_taken":["M","M","?","M","$","R","M","?","T","E","M","?","R","?","R","BOSS","M","?","?","$","M","R","?","?","T","E","M","?","$","M","R","BOSS","M","M","?","?","?","R","M","R","T","R","$","M","?","M","R","BOSS"],"build_version":"2018-08-23v2","purchased_purges":0,"victory":false,"max_hp_per_floor":[78,78,78,78,78,78,78,78,78,78,78,78,78,78,78,80,77,77,77,77,77,77,77,77,77,77,77,77,77,77,77,77,77,77,77,77,77,77,63,63,63,63,63,63,63,65,65,65,65,65],"card_choices":[{"not_picked":["Catalyst","Calculated Gamble"],"picked":"Riddle With Holes","floor":1.0},{"not_picked":["Quick Slash","Acrobatics"],"picked":"Footwork","floor":2.0},{"not_picked":["Flying Knee","Flechettes"],"picked":"Deflect","floor":4.0},{"not_picked":["Accuracy","Quick Slash"],"picked":"Infinite Blades","floor":7.0},{"not_picked":["Deflect","Reflex"],"picked":"Sucker Punch","floor":10.0},{"not_picked":["Terror","Skewer","Flying Knee"],"picked":"SKIP","floor":11.0},{"not_picked":["Terror","Flying Knee"],"picked":"Skewer","floor":11.0},{"not_picked":["Venomology","Unload","Doppelganger"],"picked":"Singing Bowl","floor":16.0},{"not_picked":["Crippling Poison","Dagger Throw"],"picked":"Dodge and Roll","floor":18.0},{"not_picked":["Quick Slash","Concentrate"],"picked":"Heel Hook","floor":22.0},{"not_picked":["Distraction","Corpse Explosion"],"picked":"Infinite Blades+1","floor":27},{"not_picked":["Quick Slash","Poisoned Stab"],"picked":"Slice+1","floor":28},{"not_picked":["Flechettes","Tactician+1"],"picked":"Blade Dance","floor":31},{"not_picked":["Unload","Doppelganger"],"picked":"Glass Knife","floor":33},{"not_picked":["Setup+1","Prepared"],"picked":"Leg Sweep","floor":35},{"not_picked":["Distraction","Quick Slash"],"picked":"Blade Dance+1","floor":36},{"not_picked":["Prepared+1","Dagger Spray"],"picked":"Flechettes","floor":41},{"not_picked":["Underhanded Strike","Outmaneuver","Night Terror"],"picked":"Singing Bowl","floor":46},{"not_picked":["Dramatic Entrance","Chrysalis"],"picked":"Sadistic Nature","floor":47},{"not_picked":["Footwork+1","Acrobatics"],"picked":"Backflip","floor":48}],"player_experience":1347422,"relics_obtained":[{"floor":9.0,"key":"Happy Flower"},{"floor":10.0,"key":"Potion Belt"},{"floor":14.0,"key":"Singing Bowl"},{"floor":26.0,"key":"Whetstone"},{"floor":27,"key":"Kunai"},{"floor":43,"key":"Ninja Scroll"}],"event_choices":[{"event_name":"Scrap Ooze","player_choice":"success","floor":3.0,"damage_taken":18.0},{"event_name":"Golden Idol","player_choice":"Ignored","floor":8.0,"damage_taken":0.0},{"event_name":"Mushrooms","player_choice":"Healed and dodged fight","floor":12.0,"damage_taken":0.0},{"event_name":"Vampires","player_choice":"Ignored","floor":19.0,"damage_taken":0.0},{"event_name":"Bonfire Elementals","player_choice":"BASIC","floor":20.0,"damage_taken":0.0},{"event_name":"The Library","player_choice":"Read","floor":24.0,"damage_taken":0.0},{"event_name":"Nest","player_choice":"Stole From Cult","floor":29,"damage_taken":0},{"event_name":"Mysterious Sphere","player_choice":"Ignore","floor":37,"damage_taken":0},{"event_name":"Winding Halls","player_choice":"Writhe","floor":38,"damage_taken":0},{"event_name":"The Moai Head","player_choice":"Heal","floor":39,"damage_taken":0},{"event_name":"SensoryStone","player_choice":"Memory 1","floor":47,"damage_taken":0}],"is_beta":false,"boss_relics":[{"not_picked":["Fusion Hammer","Philosopher\u0027s Stone"],"picked":"Empty Cage"},{"not_picked":["Runic Pyramid","Ring of the Serpent"],"picked":"Sozu"}],"items_purged_floors":[],"is_endless":false,"potions_floor_spawned":[1,4,7,11,27,31,35,41,46,48],"killed_by":"Awakened One","ascension_level":15}