{"gold_per_floor":[112,112,112,112,12,31,31,31,111,130,171,121,121,145,145,236,236,219,233,233,233,233,271,322,322,347,383,407,13,56,77,77,77],"floor_reached":33,"playtime":2174,"items_purged":["Strike_R"],"score":562,"play_id":"3b8b5f95-df6b-4296-8be7-5f889c1053f3","local_time":"20180705132126","is_ascension_mode":true,"campfire_choices":[{"data":"Armaments","floor":8.0,"key":"SMITH"},{"data":"Uppercut","floor":13.0,"key":"SMITH"},{"data":"Disarm","floor":15.0,"key":"SMITH"},{"floor":25.0,"key":"REST"},{"floor":32,"key":"REST"}],"neow_cost":"","seed_source_timestamp":0,"circlet_count":0,"master_deck":["Defend_R","Defend_R","Defend_R+1","Defend_R","Bash","AscendersBane","Reaper","Shrug It Off","Armaments+1","Pommel Strike+1","Uppercut+1","Iron Wave+1","Disarm+1","Bludgeon","Pummel+1","Bite","Bite","Bite","Bite","Bite","Writhe","Armaments+1","Ghostly Armor","Shockwave+1"],"special_seed":0,"relics":["Burning Blood","Golden Idol","Toolbox","Self Forming Clay","Fusion Hammer","Mango","Sundial","Bag of Marbles","War Paint","Centennial Puzzle","Whetstone","Pear","Art of War"],"potions_floor_usage":[33],"damage_taken":[{"damage":6.0,"enemies":"Cultist","floor":1.0,"turns":4.0},{"damage":0.0,"enemies":"Small Slimes","floor":6.0,"turns":5.0},{"damage":3.0,"enemies":"2 Louse","floor":10.0,"turns":3.0},{"damage":42.0,"enemies":"Lagavulin","floor":11.0,"turns":8.0},{"damage":0.0,"enemies":"Looter","floor":14.0,"turns":4.0},{"damage":27.0,"enemies":"The Guardian","floor":16.0,"turns":14.0},{"damage":15.0,"enemies":"2 Thieves","floor":18.0,"turns":4.0},{"damage":13.0,"enemies":"Spheric Guardian","floor":19.0,"turns":4.0},{"damage":41.0,"enemies":"Book of Stabbing","floor":23.0,"turns":6.0},{"damage":18.0,"enemies":"Slavers","floor":27.0,"turns":7.0},{"damage":13.0,"enemies":"Snake Plant","floor":28.0,"turns":4.0},{"damage":18.0,"enemies":"Book of Stabbing","floor":30.0,"turns":8.0},{"damage":17.0,"enemies":"3 Cultists","floor":31.0,"turns":7.0},{"damage":187,"enemies":"Collector","floor":33,"turns":18}],"seed_played":"-4813170376480858874","potions_obtained":[{"floor":1.0,"key":"Strength Potion"},{"floor":11.0,"key":"EssenceOfSteel"},{"floor":14.0,"key":"SmokeBomb"},{"floor":19.0,"key":"BloodPotion"},{"floor":23.0,"key":"SkillPotion"}],"is_trial":false,"path_per_floor":["M","?","?","?","$","M","?","R","T","M","E","?","R","M","R","B",null,"M","M","?","?","?","E","T","R","T","E","M","$","E","M","R"],"character_chosen":"IRONCLAD","items_purchased":["Armaments","Whetstone","Pear"],"campfire_rested":2,"item_purchase_floors":[],"current_hp_per_floor":[72,54,54,47,47,67,72,72,72,77,45,45,45,53,53,34,66,59,54,54,54,68,43,43,70,70,72,84,94,97,98,101,0],"gold":77,"neow_bonus":"","is_prod":false,"is_daily":false,"chose_seed":false,"campfire_upgraded":3,"win_rate":0,"timestamp":1530789686,"path_taken":["M","?","?","?","?","M","?","R","T","?","E","?","R","M","R","BOSS","M","M","?","?","?","E","?","R","T","E","M","?","E","?","R","BOSS"],"build_version":"2018-07-04","purchased_purges":1,"victory":false,"max_hp_per_floor":[75,75,72,72,72,72,77,77,77,77,77,77,77,77,77,77,77,77,77,77,77,91,91,91,91,91,91,91,101,101,101,101,101],"card_choices":[{"not_picked":["Juggernaut","Double Tap"],"picked":"Reaper","floor":0.0},{"not_picked":["Wild Strike","Cleave"],"picked":"Shrug It Off","floor":1.0},{"not_picked":["Reckless Charge","Bloodletting"],"picked":"Pommel Strike","floor":6.0},{"not_picked":["Anger","Iron Wave"],"picked":"Uppercut","floor":10.0},{"not_picked":["Combust","Rampage"],"picked":"Iron Wave","floor":11.0},{"not_picked":["Headbutt","Power Through"],"picked":"Disarm","floor":14.0},{"not_picked":["Dark Embrace","Berserk"],"picked":"Bludgeon","floor":16.0},{"not_picked":["Clash","Flex","Sword Boomerang"],"picked":"SKIP","floor":18.0},{"not_picked":["Blood for Blood+1","Bloodletting"],"picked":"Pummel","floor":19.0},{"not_picked":["Power Through","Iron Wave"],"picked":"Armaments","floor":23.0},{"not_picked":["Armaments","True Grit"],"picked":"Ghostly Armor","floor":27.0},{"not_picked":["Perfected Strike","Reckless Charge","Rupture"],"picked":"SKIP","floor":28.0},{"not_picked":["Hemokinesis+1","Twin Strike","Reckless Charge"],"picked":"SKIP","floor":30.0},{"not_picked":["Cleave","Inflame"],"picked":"Shockwave+1","floor":31.0}],"player_experience":258904,"relics_obtained":[{"floor":9.0,"key":"Toolbox"},{"floor":11.0,"key":"Self Forming Clay"},{"floor":23.0,"key":"Sundial"},{"floor":24.0,"key":"Bag of Marbles"},{"floor":26.0,"key":"War Paint"},{"floor":27.0,"key":"Centennial Puzzle"},{"floor":30.0,"key":"Art of War"}],"event_choices":[{"event_name":"Golden Idol","player_choice":"Take Damage","floor":2.0,"damage_taken":0.0},{"event_name":"Living Wall","player_choice":"Forget","floor":3.0,"damage_taken":0.0},{"event_name":"Scrap Ooze","player_choice":"success","floor":4.0,"damage_taken":7.0},{"event_name":"Big Fish","player_choice":"Donut","floor":7.0,"damage_taken":0.0},{"event_name":"The Cleric","player_choice":"Card Removal","floor":12.0,"damage_taken":0.0},{"event_name":"Upgrade Shrine","player_choice":"Upgraded","floor":20.0,"damage_taken":0.0},{"event_name":"Vampires","player_choice":"Became a vampire (Vial)","floor":21.0,"damage_taken":0.0},{"event_name":"The Mausoleum","player_choice":"Yes","floor":22.0,"damage_taken":0.0}],"boss_relics":[{"not_picked":["Philosopher\u0027s Stone","Eternal Feather"],"picked":"Fusion Hammer"}],"items_purged_floors":[],"is_endless":false,"potions_floor_spawned":[1,11,14,19,23],"killed_by":"Collector","ascension_level":14}