{"path_per_floor":["M","?","?","M","$","E","M","E","T","M","R","M","M","?","R","B",null,"M","$","M","M","M","R","M","M","T","R","?","M","?","M","R","B",null,"M","M","M","?","?","R","$","R","T","$","M","T","R","M","R","B"],"character_chosen":"IRONCLAD","items_purchased":["Happy Flower","Armaments","Heavy Blade","Pantograph","Metallicize","Pen Nib","Dramatic Entrance"],"gold_per_floor":[213,213,178,203,34,77,98,131,154,175,175,198,211,211,211,339,339,359,27,51,69,92,92,116,141,141,141,141,158,158,175,175,270,270,288,298,312,312,312,312,91,91,91,2,15,15,15,27,27,27],"floor_reached":51,"campfire_rested":5,"playtime":3043,"item_purchase_floors":[5,5,19,19,19,41,44],"current_hp_per_floor":[80,60,80,74,74,63,68,60,60,52,76,80,85,85,85,57,85,47,47,55,42,23,48,36,32,32,57,57,58,58,71,71,16,85,60,43,20,20,20,45,45,70,70,70,72,72,72,71,71,14],"items_purged":["Strike_R"],"gold":27,"score":695,"play_id":"933a13aa-9f69-45a4-b0d2-39d85c9dda6e","local_time":"20180608142350","is_prod":false,"is_daily":false,"chose_seed":false,"is_ascension_mode":true,"campfire_upgraded":4,"win_rate":0,"timestamp":1528482230,"campfire_choices":[{"floor":11,"key":"REST"},{"data":"Impervious","floor":15,"key":"SMITH"},{"floor":23,"key":"REST"},{"floor":27,"key":"REST"},{"data":"Whirlwind","floor":32,"key":"SMITH"},{"floor":40,"key":"REST"},{"floor":42,"key":"REST"},{"data":"Shrug It Off","floor":47,"key":"SMITH"},{"data":"Shrug It Off","floor":49,"key":"SMITH"}],"path_taken":["M","?","?","?","?","E","M","E","T","?","R","M","M","?","R","BOSS","M","$","?","M","M","R","M","M","T","R","?","M","?","M","R","BOSS","M","M","M","?","?","R","$","R","T","$","?","?","R","M","R","BOSS"],"build_version":"2018-06-07","seed_source_timestamp":153478159145587,"purchased_purges":1,"victory":true,"master_deck":["Strike_R","Strike_R","Strike_R","Defend_R","Defend_R","Defend_R","Bash+1","Heavy Blade","Spot Weakness","Armaments","Thunderclap","Cleave","Impervious+1","Anger","Spot Weakness","Demon Form","Whirlwind+1","Heavy Blade","Metallicize","Rage","Pummel","Shrug It Off+1","Shrug It Off+1","Flex+1","Offering","Carnage","Shrug It Off","Battle Trance","Dramatic Entrance"],"max_hp_per_floor":[80,80,80,80,80,80,80,80,80,80,80,80,85,85,85,85,85,85,85,85,85,85,85,85,85,85,85,85,85,85,85,85,85,85,85,85,85,85,85,85,85,85,85,85,85,85,85,85,85,85],"relics":["Burning Blood","Bloody Idol","Happy Flower","Whetstone","Blood Vial","Oddly Smooth Stone","Philosopher\u0027s Stone","Pantograph","Bag of Preparation","Sozu","Pen Nib","Kunai","Paper Frog"],"card_choices":[{"not_picked":["Sword Boomerang","Havoc"],"picked":"Heavy Blade","floor":1},{"not_picked":["Bloodletting","Sentinel"],"picked":"Spot Weakness","floor":4},{"not_picked":["Havoc","Shrug It Off"],"picked":"Thunderclap","floor":6},{"not_picked":["Body Slam","Sentinel","Entrench"],"picked":"SKIP","floor":7},{"not_picked":["Corruption","Dual Wield"],"picked":"Cleave","floor":8},{"not_picked":["Sword Boomerang","Blood for Blood"],"picked":"Impervious","floor":10},{"not_picked":["Wild Strike","Headbutt"],"picked":"Anger","floor":12},{"not_picked":["Burning Pact","True Grit"],"picked":"Spot Weakness","floor":13},{"not_picked":["Feed","Juggernaut"],"picked":"Demon Form","floor":16},{"not_picked":["Burning Pact","Twin Strike"],"picked":"Whirlwind","floor":18},{"not_picked":["Sword Boomerang","Wild Strike"],"picked":"Rage","floor":20},{"not_picked":["True Grit","Feel No Pain"],"picked":"Pummel","floor":21},{"not_picked":["Armaments","Combust+1"],"picked":"Shrug It Off","floor":22},{"not_picked":["Wild Strike","Battle Trance"],"picked":"Shrug It Off","floor":24},{"not_picked":["Metallicize","Sentinel","Clothesline"],"picked":"SKIP","floor":25},{"not_picked":["Armaments","Bloodletting"],"picked":"Flex+1","floor":29},{"not_picked":["Clash+1","Headbutt+1","Anger"],"picked":"SKIP","floor":31},{"not_picked":["Fiend Fire","Juggernaut"],"picked":"Offering","floor":33},{"not_picked":["Cleave","Sever Soul+1"],"picked":"Carnage","floor":35},{"not_picked":["Twin Strike","Warcry+1"],"picked":"Shrug It Off","floor":36},{"not_picked":["Shrug It Off","Flex"],"picked":"Battle Trance","floor":37},{"not_picked":["Headbutt","Hemokinesis+1","Twin Strike+1"],"picked":"SKIP","floor":45},{"not_picked":["Perfected Strike","Body Slam","Evolve"],"picked":"SKIP","floor":48}],"player_experience":422889,"potions_floor_usage":[13,16,16,25,33,35],"damage_taken":[{"damage":6,"enemies":"Jaw Worm","floor":1,"turns":4},{"damage":12,"enemies":"2 Louse","floor":4,"turns":2},{"damage":17,"enemies":"3 Sentries","floor":6,"turns":6},{"damage":1,"enemies":"Cultist","floor":7,"turns":3},{"damage":14,"enemies":"Gremlin Nob","floor":8,"turns":3},{"damage":16,"enemies":"Red Slaver","floor":10,"turns":5},{"damage":0,"enemies":"Gremlin Gang","floor":12,"turns":2},{"damage":4,"enemies":"Looter","floor":13,"turns":3},{"damage":34,"enemies":"Slime Boss","floor":16,"turns":8},{"damage":44,"enemies":"Spheric Guardian","floor":18,"turns":6},{"damage":0,"enemies":"3 Byrds","floor":20,"turns":5},{"damage":21,"enemies":"Cultist and Chosen","floor":21,"turns":6},{"damage":27,"enemies":"Snake Plant","floor":22,"turns":3},{"damage":20,"enemies":"Sentry and Sphere","floor":24,"turns":5},{"damage":12,"enemies":"Cultist and Chosen","floor":25,"turns":3},{"damage":12,"enemies":"Snake Plant","floor":29,"turns":4},{"damage":0,"enemies":"Chosen and Byrds","floor":31,"turns":4},{"damage":80,"enemies":"Collector","floor":33,"turns":9},{"damage":36,"enemies":"3 Darklings","floor":35,"turns":3},{"damage":30,"enemies":"3 Shapes","floor":36,"turns":2},{"damage":36,"enemies":"Sphere and 2 Shapes","floor":37,"turns":5},{"damage":11,"enemies":"Maw","floor":45,"turns":6},{"damage":14,"enemies":"3 Darklings","floor":48,"turns":3},{"damage":86,"enemies":"Donu and Deca","floor":50,"turns":7}],"relics_obtained":[{"floor":6,"key":"Whetstone"},{"floor":8,"key":"Blood Vial"},{"floor":9,"key":"Oddly Smooth Stone"},{"floor":26,"key":"Bag of Preparation"},{"floor":43,"key":"Kunai"},{"floor":46,"key":"Paper Frog"}],"event_choices":[{"event_name":"Golden Idol","player_choice":"Take Damage","floor":2,"damage_taken":0},{"event_name":"The Cleric","player_choice":"Healed","floor":3,"damage_taken":0},{"event_name":"The Lab","player_choice":"Got Potions","floor":14,"damage_taken":0},{"event_name":"Forgotten Altar","player_choice":"Gave Idol","floor":28,"damage_taken":0},{"event_name":"Bonfire Elementals","player_choice":"BASIC","floor":30,"damage_taken":0},{"event_name":"Falling","player_choice":"Removed Attack","floor":38,"damage_taken":0},{"event_name":"Tomb of Lord Red Mask","player_choice":"Ignored","floor":39,"damage_taken":0}],"boss_relics":[{"not_picked":["Orrery","Runic Dome"],"picked":"Philosopher\u0027s Stone"},{"not_picked":["Tiny House","Black Star"],"picked":"Sozu"}],"items_purged_floors":[41],"potions_floor_spawned":[4,7,10,18,20,21,22,33,35,36],"seed_played":"8359752975686792978","ascension_level":1,"potions_obtained":[{"floor":4,"key":"Energy Potion"},{"floor":7,"key":"Dexterity Potion"},{"floor":10,"key":"Fruit Juice"},{"floor":14,"key":"FairyPotion"},{"floor":14,"key":"LiquidBronze"},{"floor":20,"key":"Energy Potion"},{"floor":21,"key":"GamblersBrew"},{"floor":22,"key":"Energy Potion"},{"floor":33,"key":"Strength Potion"}],"is_trial":false}