{"gold_per_floor":[113,129,146,156,12,43,59,59,59,93,93,93,118,18,18,18],"floor_reached":16,"playtime":736,"items_purged":["Strike_R","Strike_R"],"score":162,"play_id":"fbc49739-cf8a-41a3-a390-e77f69d55536","local_time":"20190111092543","is_ascension_mode":false,"campfire_choices":[{"data":"True Grit","floor":12,"key":"SMITH"},{"floor":15,"key":"REST"}],"neow_cost":"TEN_PERCENT_HP_LOSS","seed_source_timestamp":0,"circlet_count":0,"master_deck":["Defend_R","Defend_R","Defend_R","Defend_R","Bash","Clash","Shrug It Off","Pommel Strike","Thunderclap","Metallicize","True Grit+1","Clothesline","Dropkick"],"special_seed":0,"relics":["Burning Blood","Red Skull","Question Card","Bottled Flame","Golden Idol"],"potions_floor_usage":[6,16,16],"damage_taken":[{"damage":0,"enemies":"2 Louse","floor":1,"turns":3},{"damage":2,"enemies":"Small Slimes","floor":2,"turns":4},{"damage":6,"enemies":"Jaw Worm","floor":3,"turns":4},{"damage":2,"enemies":"Looter","floor":4,"turns":2},{"damage":15,"enemies":"Lagavulin","floor":6,"turns":5},{"damage":6,"enemies":"Red Slaver","floor":7,"turns":3},{"damage":19,"enemies":"3 Sentries","floor":10,"turns":10},{"damage":1,"enemies":"Exordium Thugs","floor":13,"turns":4},{"damage":61,"enemies":"Slime Boss","floor":16,"turns":16}],"seed_played":"-5427402206209852309","potions_obtained":[{"floor":4,"key":"Strength Potion"},{"floor":7,"key":"SpeedPotion"},{"floor":10,"key":"Weak Potion"}],"is_trial":false,"path_per_floor":["M","M","M","M","$","E","M","?","T","E","?","R","M","$","R","B"],"character_chosen":"IRONCLAD","items_purchased":["Metallicize"],"campfire_rested":1,"item_purchase_floors":[5],"current_hp_per_floor":[72,72,72,72,72,63,63,63,63,50,32,32,37,37,58,0],"gold":18,"neow_bonus":"TRANSFORM_TWO_CARDS","is_prod":false,"is_daily":false,"chose_seed":false,"campfire_upgraded":1,"win_rate":0,"timestamp":1547216743,"path_taken":["M","M","M","M","$","E","M","?","T","E","?","R","M","?","R","BOSS"],"build_version":"2019-01-10","purchased_purges":2,"victory":false,"max_hp_per_floor":[72,72,72,72,72,72,72,72,72,72,72,72,72,72,72,72],"card_choices":[{"not_picked":["Shrug It Off","Flex"],"picked":"Clash","floor":1},{"not_picked":["Clash","Battle Trance"],"picked":"Shrug It Off","floor":2},{"not_picked":["Twin Strike","Inflame"],"picked":"Pommel Strike","floor":3},{"not_picked":["Armaments","Anger"],"picked":"Thunderclap","floor":4},{"not_picked":["Reckless Charge","Armaments"],"picked":"True Grit","floor":6},{"not_picked":["Iron Wave","Clothesline","Entrench"],"picked":"SKIP","floor":7},{"not_picked":["Iron Wave","Entrench"],"picked":"Clothesline","floor":7},{"not_picked":["Dark Embrace","Headbutt","Combust"],"picked":"Dropkick","floor":10},{"not_picked":["Power Through","Cleave","Armaments","Bloodletting"],"picked":"SKIP","floor":13}],"player_experience":2072361,"relics_obtained":[{"floor":6,"key":"Red Skull"},{"floor":9,"key":"Question Card"},{"floor":10,"key":"Bottled Flame"}],"event_choices":[{"cards_removed":["Strike_R"],"damage_healed":0,"gold_gain":0,"player_choice":"Forget","damage_taken":0,"max_hp_gain":0,"max_hp_loss":0,"event_name":"Living Wall","floor":8,"gold_loss":0},{"damage_healed":0,"gold_gain":0,"player_choice":"Take Damage","damage_taken":18,"relics_obtained":["Golden Idol"],"max_hp_gain":0,"max_hp_loss":0,"event_name":"Golden Idol","floor":11,"gold_loss":0}],"is_beta":false,"boss_relics":[],"items_purged_floors":[5,14],"is_endless":false,"potions_floor_spawned":[4,7,10],"killed_by":"Slime Boss","ascension_level":0}