{"gold_per_floor":[115,290,304,4,22,39,114,114,114,34,52,52,52,52,52,155,155,168,99,99,84,84],"floor_reached":22,"playtime":618,"items_purged":["Doubt"],"score":174,"play_id":"d51e5805-6731-40bb-a300-1a2f6c1ae3f2","local_time":"20180807172111","is_ascension_mode":false,"campfire_choices":[{"data":"After Image","floor":8,"key":"SMITH"},{"data":"Noxious Fumes","floor":15,"key":"SMITH"}],"neow_cost":"NONE","seed_source_timestamp":58399785243474,"circlet_count":0,"master_deck":["Defend_G","Defend_G","Defend_G","Defend_G","Defend_G","Strike_G","Strike_G","Strike_G","Strike_G","Strike_G","Survivor","Neutralize","After Image+1","Noxious Fumes+1","Infinite Blades","Dodge and Roll","Caltrops","Endless Agony","Noxious Fumes+1","Acrobatics","After Image","Cloak And Dagger","Infinite Blades","Outmaneuver","Slice+1"],"relics":["Ring of the Snake","TwistedFunnel","Juzu Bracelet","Black Star"],"potions_floor_usage":[16,21,21],"damage_taken":[{"damage":0,"enemies":"2 Louse","floor":1,"turns":4},{"damage":1,"enemies":"Jaw Worm","floor":3,"turns":5},{"damage":0,"enemies":"Cultist","floor":5,"turns":4},{"damage":4,"enemies":"Exordium Thugs","floor":6,"turns":5},{"damage":0,"enemies":"Large Slime","floor":11,"turns":5},{"damage":5,"enemies":"Hexaghost","floor":16,"turns":9},{"damage":11,"enemies":"Chosen","floor":18,"turns":6},{"damage":29,"enemies":"2 Thieves","floor":21,"turns":4},{"damage":0,"enemies":"Centurion and Healer","floor":22,"turns":1}],"seed_played":"7823497320027741614","potions_obtained":[{"floor":5,"key":"SkillPotion"},{"floor":6,"key":"Energy Potion"},{"floor":11,"key":"Swift Potion"},{"floor":21,"key":"Weak Potion"}],"is_trial":false,"path_per_floor":["M","?","M","$","M","M","?","R","T","$","M","$","?","$","R","B",null,"M","$","?","M"],"character_chosen":"THE_SILENT","items_purchased":["TwistedFunnel","Dodge and Roll","Noxious Fumes","Infinite Blades"],"campfire_rested":0,"item_purchase_floors":[4,4,10,19],"current_hp_per_floor":[70,70,69,69,69,65,58,58,58,58,58,58,58,58,58,53,70,59,59,59,30,30],"gold":84,"neow_bonus":"ONE_RANDOM_RARE_CARD","is_prod":false,"is_daily":false,"chose_seed":false,"campfire_upgraded":2,"win_rate":0,"timestamp":1533628271,"path_taken":["M","?","M","?","M","M","?","R","T","$","M","?","?","$","R","BOSS","M","$","?","M","M"],"build_version":"2018-08-02","purchased_purges":1,"victory":false,"max_hp_per_floor":[70,70,70,70,70,70,70,70,70,70,70,70,70,70,70,70,70,70,70,70,70,70],"card_choices":[{"not_picked":["Blade Dance","Prepared"],"picked":"Noxious Fumes","floor":1},{"not_picked":["Eviscerate","Terror"],"picked":"Infinite Blades","floor":3},{"not_picked":["Flying Knee","Accuracy"],"picked":"Caltrops","floor":5},{"not_picked":["Dagger Throw","PiercingWail"],"picked":"Endless Agony","floor":6},{"not_picked":["PiercingWail","Leg Sweep"],"picked":"Acrobatics","floor":11},{"not_picked":["Unload","Phantasmal Killer"],"picked":"After Image","floor":16},{"not_picked":["Eviscerate","Outmaneuver"],"picked":"Cloak And Dagger","floor":18},{"not_picked":["Prepared+1","Heel Hook"],"picked":"Slice+1","floor":21}],"player_experience":289042,"relics_obtained":[{"floor":9,"key":"Juzu Bracelet"}],"event_choices":[{"event_name":"Liars Game","player_choice":"agreed","floor":2,"damage_taken":0},{"event_name":"FaceTrader","player_choice":"Touch","floor":7,"damage_taken":0},{"event_name":"Upgrade Shrine","player_choice":"Upgraded","floor":13,"damage_taken":0},{"event_name":"The Library","player_choice":"Read","floor":20,"damage_taken":0}],"is_beta":false,"boss_relics":[{"not_picked":["Philosopher\u0027s Stone","Pandora\u0027s Box"],"picked":"Black Star"}],"items_purged_floors":[4],"is_endless":false,"potions_floor_spawned":[5,6,11,21],"killed_by":"Centurion and Healer","ascension_level":0}