{"gold_per_floor":[118,132,152,152,327,327,342,342,342,362,373,388,398,398,398,475,525,539,539,638,655,170,170,180,180,206,206,220,220,75,91,91,164,164,177,177,190,201,201,201,213,213,213,213,88,88,112,132,132,132],"floor_reached":51,"playtime":2790,"items_purged":["Strike_B","Strike_B","Strike_B"],"score":1091,"play_id":"aaa57432-f251-4925-bd44-063657fc66f8","local_time":"20180806134012","is_ascension_mode":true,"campfire_choices":[{"data":"Zap","floor":6,"key":"SMITH"},{"data":"Loop","floor":8,"key":"SMITH"},{"data":"Barrage","floor":15,"key":"SMITH"},{"data":"Blizzard","floor":23,"key":"SMITH"},{"data":"Loop","floor":27,"key":"SMITH"},{"floor":32,"key":"REST"},{"floor":40,"key":"REST"},{"floor":42,"key":"REST"},{"floor":44,"key":"REST"},{"floor":49,"key":"REST"}],"neow_cost":"","seed_source_timestamp":1020576660608820,"circlet_count":0,"master_deck":["Defend_B","Defend_B","Defend_B","Defend_B","Zap+1","Dualcast","AscendersBane","Leap","Coolheaded+1","Sweeping Beam","Doubt","Loop+1","Doom and Gloom","Barrage+1","Glacier","Core Surge","Hologram","Loop+1","Cold Snap","Blizzard+1","Heatsinks","Coolheaded","Redo","Echo Form+1","Leap+1","Coolheaded","Capacitor+1"],"relics":["Cracked Core","Cables","Pantograph","Tiny House","Lee\u0027s Waffle","Pen Nib","Happy Flower","Vajra","Lizard Tail","Meat on the Bone","Oddly Smooth Stone"],"potions_floor_usage":[7,12,13,16,24,24,28,33,50,50],"damage_taken":[{"damage":6,"enemies":"Cultist","floor":1,"turns":3},{"damage":4,"enemies":"2 Louse","floor":2,"turns":3},{"damage":8,"enemies":"Jaw Worm","floor":3,"turns":4},{"damage":2,"enemies":"Exordium Thugs","floor":7,"turns":2},{"damage":12,"enemies":"2 Fungi Beasts","floor":10,"turns":5},{"damage":6,"enemies":"3 Louse","floor":11,"turns":2},{"damage":8,"enemies":"Blue Slaver","floor":12,"turns":2},{"damage":4,"enemies":"Large Slime","floor":13,"turns":4},{"damage":34,"enemies":"Hexaghost","floor":16,"turns":11},{"damage":35,"enemies":"3 Byrds","floor":18,"turns":7},{"damage":11,"enemies":"Chosen","floor":21,"turns":5},{"damage":6,"enemies":"Snecko","floor":24,"turns":6},{"damage":22,"enemies":"3 Cultists","floor":28,"turns":7},{"damage":27,"enemies":"Snake Plant","floor":31,"turns":6},{"damage":76,"enemies":"Champ","floor":33,"turns":17},{"damage":30,"enemies":"Orb Walker","floor":35,"turns":5},{"damage":19,"enemies":"3 Shapes","floor":37,"turns":8},{"damage":16,"enemies":"Spire Growth","floor":38,"turns":9},{"damage":21,"enemies":"4 Shapes","floor":41,"turns":7},{"damage":6,"enemies":"3 Darklings","floor":48,"turns":7},{"damage":140,"enemies":"Donu and Deca","floor":50,"turns":15}],"seed_played":"7305366859929023742","potions_obtained":[{"floor":1,"key":"PowerPotion"},{"floor":3,"key":"AttackPotion"},{"floor":11,"key":"Fire Potion"},{"floor":12,"key":"Fruit Juice"},{"floor":17,"key":"Block Potion"},{"floor":21,"key":"Fire Potion"},{"floor":24,"key":"SkillPotion"},{"floor":31,"key":"Block Potion"},{"floor":41,"key":"Swift Potion"},{"floor":48,"key":"Swift Potion"}],"is_trial":false,"path_per_floor":["M","M","M","?","?","R","M","R","T","M","M","M","M","?","R","B",null,"M","?","?","M","$","R","M","?","T","R","M","?","$","M","R","B",null,"M","?","M","M","?","R","M","R","T","R","$","$","T","M","R","B"],"character_chosen":"DEFECT","items_purchased":["Lee\u0027s Waffle","Blizzard","Pen Nib","Coolheaded"],"campfire_rested":5,"item_purchase_floors":[22,22,22,30],"current_hp_per_floor":[62,58,50,75,75,75,73,73,73,61,55,47,48,36,36,27,72,37,65,65,54,92,92,86,86,86,86,64,64,64,37,64,13,72,42,42,23,7,7,34,13,40,40,67,67,67,67,61,88,13],"gold":132,"neow_bonus":"","is_prod":false,"is_daily":false,"chose_seed":false,"campfire_upgraded":5,"win_rate":0,"timestamp":1533577212,"path_taken":["M","M","?","?","?","R","M","R","T","M","M","M","M","?","R","BOSS","M","?","?","M","$","R","M","?","T","R","?","?","$","M","R","BOSS","M","?","?","M","?","R","M","R","T","R","?","$","?","?","R","BOSS"],"build_version":"2018-08-02","purchased_purges":3,"victory":true,"max_hp_per_floor":[75,75,75,75,75,75,75,75,75,75,75,75,80,80,80,80,85,85,85,85,85,92,92,92,92,92,92,92,92,92,92,92,92,92,92,92,92,92,92,92,92,92,92,92,92,92,92,92,92,92],"card_choices":[{"not_picked":["Go for the Eyes","Hologram"],"picked":"Leap","floor":1},{"not_picked":["Force Field","Heatsinks"],"picked":"Coolheaded","floor":2},{"not_picked":["Barrage","Hello World"],"picked":"Sweeping Beam","floor":3},{"not_picked":["Self Repair","Hologram"],"picked":"Loop","floor":7},{"not_picked":["Double Energy","Leap"],"picked":"Doom and Gloom","floor":10},{"not_picked":["Hello World","Gash"],"picked":"Barrage","floor":11},{"not_picked":["Streamline","Beam Cell","Darkness"],"picked":"SKIP","floor":12},{"not_picked":["Storm","Barrage"],"picked":"Glacier","floor":13},{"not_picked":["Rainbow","Buffer"],"picked":"Core Surge","floor":16},{"not_picked":["Skim","Steam"],"picked":"Hologram","floor":17},{"not_picked":["Streamline","Reprogram"],"picked":"Loop","floor":18},{"not_picked":["Hologram","Sweeping Beam"],"picked":"Cold Snap","floor":21},{"not_picked":["Rebound","Streamline","Stack"],"picked":"SKIP","floor":24},{"not_picked":["Consume","Chaos"],"picked":"Heatsinks","floor":28},{"not_picked":["Beam Cell","Steam Power"],"picked":"Redo","floor":31},{"not_picked":["Seek","Hyperbeam"],"picked":"Echo Form","floor":33},{"not_picked":["Stack+1","Static Discharge+1","Sweeping Beam"],"picked":"SKIP","floor":35},{"not_picked":["Ball Lightning+1","Genetic Algorithm","Beam Cell+1"],"picked":"SKIP","floor":37},{"not_picked":["Steam","Cold Snap"],"picked":"Leap+1","floor":38},{"not_picked":["Steam Power","Rip and Tear"],"picked":"Coolheaded","floor":41},{"not_picked":["Skim","Compile Driver"],"picked":"Capacitor+1","floor":48}],"player_experience":1454715,"relics_obtained":[{"floor":9,"key":"Cables"},{"floor":26,"key":"Happy Flower"},{"floor":43,"key":"Meat on the Bone"},{"floor":47,"key":"Oddly Smooth Stone"}],"event_choices":[{"event_name":"Big Fish","player_choice":"Banana","floor":4,"damage_taken":0},{"event_name":"Liars Game","player_choice":"agreed","floor":5,"damage_taken":0},{"event_name":"Scrap Ooze","player_choice":"success","floor":14,"damage_taken":12},{"event_name":"The Library","player_choice":"Heal","floor":19,"damage_taken":0},{"event_name":"Nest","player_choice":"Stole From Cult","floor":20,"damage_taken":0},{"event_name":"Vampires","player_choice":"Ignored","floor":25,"damage_taken":0},{"event_name":"The Mausoleum","player_choice":"Yes","floor":29,"damage_taken":0},{"event_name":"Falling","player_choice":"Removed Attack","floor":36,"damage_taken":0},{"event_name":"Upgrade Shrine","player_choice":"Upgraded","floor":39,"damage_taken":0}],"is_beta":false,"boss_relics":[{"not_picked":["Ectoplasm","Calling Bell"],"picked":"Tiny House"},{"not_picked":["Velvet Choker","Pandora\u0027s Box"],"picked":"Lizard Tail"}],"items_purged_floors":[22,30,45],"is_endless":false,"potions_floor_spawned":[1,3,11,12,21,24,31,41,48],"ascension_level":13}