{"gold_per_floor":[112,124,138,157,176,176,23,36,85,85,112,112,112,123,123,196,196,216,16,16,16,16],"floor_reached":22,"playtime":1639,"items_purged":["Strike_R","Strike_R"],"score":344,"play_id":"8220705f-0756-440a-8ac2-4613f8a59ad3","local_time":"20190215113433","is_ascension_mode":true,"campfire_choices":[{"data":"Uppercut","floor":6.0,"key":"SMITH"},{"floor":10.0,"key":"REST"},{"data":"Shrug It Off","floor":13.0,"key":"SMITH"},{"floor":15.0,"key":"REST"}],"neow_cost":"NONE","seed_source_timestamp":0,"circlet_count":0,"master_deck":["AscendersBane","Strike_R","Strike_R","Strike_R","Defend_R","Defend_R","Defend_R","Defend_R","Bash","Uppercut+1","Pommel Strike","Shrug It Off+1","Ghostly Armor","Shrug It Off+1","Warcry","True Grit","Demon Form","Warcry","Flash of Steel"],"special_seed":0,"relics":["Burning Blood","Pen Nib","Boot","Mark of Pain","Blue Candle"],"potions_floor_usage":[],"damage_taken":[{"damage":12.0,"enemies":"Cultist","floor":1.0,"turns":4.0},{"damage":12.0,"enemies":"Jaw Worm","floor":2.0,"turns":2.0},{"damage":4.0,"enemies":"2 Louse","floor":3.0,"turns":3.0},{"damage":19.0,"enemies":"Blue Slaver","floor":4.0,"turns":6.0},{"damage":32.0,"enemies":"Large Slime","floor":5.0,"turns":8.0},{"damage":14.0,"enemies":"2 Fungi Beasts","floor":8.0,"turns":5.0},{"damage":25.0,"enemies":"Lagavulin","floor":11.0,"turns":6.0},{"damage":4.0,"enemies":"3 Louse","floor":14.0,"turns":5.0},{"damage":16.0,"enemies":"The Guardian","floor":16.0,"turns":14.0},{"damage":21.0,"enemies":"Shell Parasite","floor":18.0,"turns":5.0},{"damage":57,"enemies":"Chosen","floor":22,"turns":5}],"seed_played":"-6972150308399208208","potions_obtained":[{"floor":1.0,"key":"SpeedPotion"},{"floor":3.0,"key":"Strength Potion"}],"is_trial":false,"path_per_floor":["M","M","M","M","M","R","$","M","T","R","E","?","R","M","R","B",null,"M","$","?","$","M"],"character_chosen":"IRONCLAD","items_purchased":["Ghostly Armor","Flash of Steel"],"campfire_rested":2,"item_purchase_floors":[7,19],"current_hp_per_floor":[69,63,65,52,26,26,26,18,18,42,23,23,23,25,49,39,71,56,56,56,56,0],"gold":16,"neow_bonus":"TEN_PERCENT_HP_BONUS","is_prod":false,"is_daily":false,"chose_seed":false,"campfire_upgraded":2,"win_rate":0,"timestamp":1550226873,"path_taken":["M","?","M","M","M","R","$","M","T","R","E","?","R","M","R","BOSS","M","$","?","?","?"],"build_version":"2019-02-06","purchased_purges":2,"victory":false,"max_hp_per_floor":[82,82,82,82,82,82,82,82,82,82,82,82,82,82,82,82,82,82,82,82,82,82],"card_choices":[{"not_picked":["Clash","Reckless Charge"],"picked":"Uppercut","floor":1.0},{"not_picked":["Clothesline","Second Wind","Flex"],"picked":"SKIP","floor":2.0},{"not_picked":["Combust","Sword Boomerang"],"picked":"Pommel Strike","floor":3.0},{"not_picked":["Infernal Blade","Combust","Second Wind"],"picked":"SKIP","floor":4.0},{"not_picked":["Double Tap","Warcry"],"picked":"Shrug It Off","floor":5.0},{"not_picked":["Dual Wield","Headbutt"],"picked":"Shrug It Off","floor":8.0},{"not_picked":["Headbutt","Armaments"],"picked":"Warcry","floor":11.0},{"not_picked":["Havoc","Clash"],"picked":"True Grit","floor":14.0},{"not_picked":["Feed","Reaper"],"picked":"Demon Form","floor":16.0},{"not_picked":["Perfected Strike","Intimidate"],"picked":"Warcry","floor":18.0}],"player_experience":460007,"relics_obtained":[{"floor":9.0,"key":"Pen Nib"},{"floor":11.0,"key":"Boot"}],"event_choices":[{"damage_healed":0.0,"max_hp_gain":0.0,"max_hp_loss":0.0,"gold_gain":0.0,"event_name":"Upgrade Shrine","player_choice":"Upgraded","floor":12.0,"gold_loss":0.0,"damage_taken":0.0,"cards_upgraded":["Shrug It Off"]},{"damage_healed":0.0,"max_hp_gain":0.0,"max_hp_loss":0.0,"gold_gain":0.0,"event_name":"WeMeetAgain","player_choice":"Gave Potion","floor":20.0,"gold_loss":0.0,"damage_taken":0.0,"relics_obtained":["Blue Candle"]}],"is_beta":true,"boss_relics":[{"not_picked":["White Beast Statue","Black Blood"],"picked":"Mark of Pain"}],"items_purged_floors":[7,19],"is_endless":false,"potions_floor_spawned":[1,3,11,14],"killed_by":"Chosen","ascension_level":17}