{"gold_per_floor":[118,118,128,142,142,142,169,169,169,202,202,24,24,43,43,146,146,131,144,162,179,196,196,226,325,350,350,367,379,379,390,390,493,493,508,508,519,538,583,583,599,599,675,212,212,245,20,37,37,37],"floor_reached":51,"playtime":4606,"items_purged":["Strike_G"],"score":922,"play_id":"2ca34e75-3754-46ad-8f04-412be1c628a3","local_time":"20180724004616","is_ascension_mode":true,"campfire_choices":[{"data":"Terror","floor":6.0,"key":"SMITH"},{"data":"Neutralize","floor":8.0,"key":"SMITH"},{"data":"After Image","floor":11.0,"key":"SMITH"},{"data":"Sucker Punch","floor":13.0,"key":"SMITH"},{"data":"Infinite Blades","floor":15.0,"key":"SMITH"},{"data":"Noxious Fumes","floor":23,"key":"SMITH"},{"floor":27,"key":"REST"},{"floor":30,"key":"REST"},{"data":"Malaise","floor":32,"key":"SMITH"},{"data":"Dodge and Roll","floor":40,"key":"SMITH"},{"data":"Dagger Spray","floor":42,"key":"SMITH"},{"data":"PiercingWail","floor":45,"key":"SMITH"},{"floor":49,"key":"REST"}],"neow_cost":"NONE","seed_source_timestamp":0,"circlet_count":0,"master_deck":["Defend_G","Defend_G","Defend_G","Defend_G","Defend_G","Strike_G+1","Strike_G","Survivor","Neutralize+1","All Out Attack+1","Dodge and Roll+1","Terror+1","Sucker Punch+1","After Image+1","PiercingWail+1","Infinite Blades+1","Malaise+1","Noxious Fumes+1","PiercingWail","Dagger Spray+1","Infinite Blades","Finisher+1","Blur+1","Night Terror","Dash+1","Tools of the Trade","Leg Sweep+1","Underhanded Strike","Skewer+1","Infinite Blades","Underhanded Strike","Night Terror","Noxious Fumes+1","Dodge and Roll"],"special_seed":0,"relics":["Ring of the Snake","Kunai","Sundial","Ancient Tea Set","Lantern","Snecko Eye","Vajra","Whetstone","Sozu","Unceasing Top","Frozen Egg 2","Bronze Scales","Medical Kit","Centennial Puzzle","Strawberry"],"potions_floor_usage":[20,33,33,50],"damage_taken":[{"damage":0.0,"enemies":"2 Louse","floor":1.0,"turns":3.0},{"damage":2.0,"enemies":"Small Slimes","floor":3.0,"turns":3.0},{"damage":0.0,"enemies":"Jaw Worm","floor":4.0,"turns":3.0},{"damage":0.0,"enemies":"3 Sentries","floor":7.0,"turns":7.0},{"damage":4.0,"enemies":"Lagavulin","floor":10.0,"turns":7.0},{"damage":0.0,"enemies":"Red Slaver","floor":14.0,"turns":2.0},{"damage":2.0,"enemies":"Slime Boss","floor":16.0,"turns":8.0},{"damage":3.0,"enemies":"2 Thieves","floor":18.0,"turns":4.0},{"damage":16.0,"enemies":"Chosen","floor":19.0,"turns":6.0},{"damage":5,"enemies":"Sentry and Sphere","floor":20,"turns":8},{"damage":0,"enemies":"Cultist and Chosen","floor":21,"turns":8},{"damage":9,"enemies":"Snake Plant","floor":22,"turns":6},{"damage":17,"enemies":"Book of Stabbing","floor":24,"turns":6},{"damage":4,"enemies":"Snecko","floor":28,"turns":4},{"damage":0,"enemies":"Centurion and Healer","floor":29,"turns":6},{"damage":0,"enemies":"Cultist and Chosen","floor":31,"turns":5},{"damage":10,"enemies":"Automaton","floor":33,"turns":9},{"damage":0,"enemies":"3 Darklings","floor":35,"turns":6},{"damage":1,"enemies":"3 Shapes","floor":37,"turns":5},{"damage":0,"enemies":"Maw","floor":38,"turns":9},{"damage":3,"floor":39,"turns":7},{"damage":2,"enemies":"Spire Growth","floor":41,"turns":4},{"damage":0,"enemies":"Nemesis","floor":46,"turns":7},{"damage":18,"enemies":"Flame Bruiser 2 Orb","floor":48,"turns":6},{"damage":34,"enemies":"Time Eater","floor":50,"turns":13}],"seed_played":"2192872195533707176","potions_obtained":[{"floor":1.0,"key":"Explosive Potion"},{"floor":3.0,"key":"EssenceOfSteel"},{"floor":10.0,"key":"Poison Potion"},{"floor":14.0,"key":"Poison Potion"},{"floor":19,"key":"Weak Potion"},{"floor":20,"key":"FearPotion"},{"floor":21,"key":"Explosive Potion"},{"floor":28,"key":"Dexterity Potion"}],"is_trial":false,"path_per_floor":["M","?","M","M","?","R","E","R","T","E","R","$","R","M","R","B",null,"M","M","M","M","M","R","E","?","T","R","M","M","R","M","R","B",null,"M","?","M","M","?","R","M","R","T","$","R","E","$","M","R","B"],"character_chosen":"THE_SILENT","items_purchased":["Lantern","PiercingWail","Bronze Scales","Medical Kit","Underhanded Strike","Noxious Fumes+1","Strawberry"],"campfire_rested":3,"item_purchase_floors":[12,12,44,44,44,47,47],"current_hp_per_floor":[63,68,66,66,66,66,66,66,66,62,62,62,62,62,62,60,71,68,52,47,47,38,38,21,21,21,43,39,39,61,61,61,51,69,69,69,68,68,65,65,63,63,63,63,63,63,70,52,76,42],"gold":37,"neow_bonus":"TRANSFORM_CARD","is_prod":false,"is_daily":false,"chose_seed":false,"campfire_upgraded":10,"win_rate":0,"timestamp":1532385976,"path_taken":["M","?","M","M","?","R","E","R","T","E","R","$","R","M","R","BOSS","M","M","M","M","M","R","E","?","T","R","M","M","R","M","R","BOSS","M","?","M","?","?","R","M","R","T","$","R","E","?","M","R","BOSS"],"build_version":"2018-07-19","purchased_purges":1,"victory":true,"max_hp_per_floor":[70,75,75,75,75,75,75,75,75,75,75,75,75,75,75,75,75,75,75,75,75,75,75,75,75,75,75,75,75,75,75,75,75,75,75,75,75,75,75,75,75,75,75,75,75,75,82,82,82,82],"card_choices":[{"not_picked":["Flying Knee","Slice","Underhanded Strike"],"picked":"SKIP","floor":1.0},{"not_picked":["Finisher","Deadly Poison"],"picked":"Dodge and Roll","floor":3.0},{"not_picked":["Concentrate","Poisoned Stab"],"picked":"Terror","floor":4.0},{"not_picked":["Outmaneuver","Deflect"],"picked":"Sucker Punch","floor":7.0},{"not_picked":["Distraction","Dash"],"picked":"After Image","floor":10.0},{"not_picked":["Backflip","Underhanded Strike"],"picked":"Infinite Blades","floor":14.0},{"not_picked":["Venomology","Envenom"],"picked":"Malaise","floor":16.0},{"not_picked":["Acrobatics","Setup"],"picked":"Noxious Fumes","floor":18.0},{"not_picked":["Underhanded Strike","Prepared+1","Outmaneuver"],"picked":"SKIP","floor":19},{"not_picked":["Dagger Throw","Underhanded Strike"],"picked":"PiercingWail","floor":20},{"not_picked":["Dodge and Roll","Catalyst+1"],"picked":"Dagger Spray","floor":21},{"not_picked":["Heel Hook","Eviscerate"],"picked":"Infinite Blades","floor":22},{"not_picked":["Outmaneuver+1","Flying Knee"],"picked":"Finisher+1","floor":24},{"not_picked":["Quick Slash","Dodge and Roll"],"picked":"Blur+1","floor":28},{"not_picked":["Caltrops+1","Cloak And Dagger"],"picked":"Night Terror","floor":29},{"not_picked":["Backstab+1","Reflex+1"],"picked":"Dash+1","floor":31},{"not_picked":["Doppelganger","Wraith Form v2"],"picked":"Tools of the Trade","floor":33},{"not_picked":["All Out Attack+1","Dagger Spray"],"picked":"Leg Sweep+1","floor":35},{"not_picked":["Heel Hook+1","Prepared+1","Bane"],"picked":"SKIP","floor":37},{"not_picked":["Masterful Stab+1","Skewer"],"picked":"Underhanded Strike","floor":38},{"not_picked":["Sucker Punch","Dodge and Roll+1"],"picked":"Skewer+1","floor":39},{"not_picked":["PiercingWail","Tactician"],"picked":"Infinite Blades","floor":41},{"not_picked":["Expertise","Prepared+1"],"picked":"Night Terror","floor":46},{"not_picked":["Outmaneuver","Deflect+1"],"picked":"Dodge and Roll","floor":48}],"player_experience":349351,"relics_obtained":[{"floor":7.0,"key":"Kunai"},{"floor":9.0,"key":"Sundial"},{"floor":10.0,"key":"Ancient Tea Set"},{"floor":24,"key":"Vajra"},{"floor":26,"key":"Whetstone"},{"floor":39,"key":"Unceasing Top"},{"floor":43,"key":"Frozen Egg 2"},{"floor":46,"key":"Centennial Puzzle"}],"event_choices":[{"event_name":"Big Fish","player_choice":"Donut","floor":2.0,"damage_taken":0.0},{"event_name":"Bonfire Elementals","player_choice":"BASIC","floor":5.0,"damage_taken":0.0},{"event_name":"Nest","player_choice":"Stole From Cult","floor":25,"damage_taken":0},{"event_name":"SensoryStone","player_choice":"Memory 1","floor":36,"damage_taken":0},{"event_name":"Mysterious Sphere","player_choice":"Fight","floor":39,"damage_taken":0}],"is_beta":true,"boss_relics":[{"not_picked":["Orrery","Calling Bell"],"picked":"Snecko Eye"},{"not_picked":["Velvet Choker","Eternal Feather"],"picked":"Sozu"}],"items_purged_floors":[44],"is_endless":false,"potions_floor_spawned":[1,3,10,14,19,20,21,28,38,41],"ascension_level":6}