{"gold_per_floor":[110,130,64,29,29,29,63,63,88,88,100,132,132,151,151,226,226,245,260,18,34,0,0,0,0,27,27,60,60,70,70,70,70],"floor_reached":33,"playtime":1513,"items_purged":[],"score":472,"play_id":"e5f4f84e-96bb-4e37-ad13-8ca3a100398a","local_time":"20180719134934","is_ascension_mode":true,"campfire_choices":[{"data":"Zap","floor":6.0,"key":"SMITH"},{"data":"Loop","floor":8.0,"key":"SMITH"},{"data":"Dualcast","floor":10.0,"key":"SMITH"},{"floor":15.0,"key":"REST"},{"floor":23.0,"key":"REST"},{"data":"Loop","floor":25.0,"key":"SMITH"},{"data":"Loop","floor":27.0,"key":"SMITH"},{"data":"Coolheaded","floor":29.0,"key":"SMITH"},{"floor":32,"key":"REST"}],"neow_cost":"NONE","seed_source_timestamp":734417422470208,"circlet_count":0,"master_deck":["Strike_B","Strike_B","Strike_B","Strike_B","Defend_B","Defend_B","Defend_B","Defend_B","Zap+1","Dualcast+1","AscendersBane","Loop+1","Leap","Loop+1","Sunder+1","Coolheaded+1","Amplify","Loop+1","Cold Snap","Ghostly","Ghostly","Ghostly","Ghostly","Ghostly","BootSequence","FTL+1","Zap","Blind","Double Energy"],"special_seed":0,"relics":["Cracked Core","Mercury Hourglass","Bottled Tornado","Potion Belt","Ice Cream","Nuclear Battery","Mummified Hand","Bronze Scales","Molten Egg 2"],"potions_floor_usage":[33,33,33,33],"damage_taken":[{"damage":1.0,"enemies":"Cultist","floor":1.0,"turns":3.0},{"damage":10.0,"enemies":"Small Slimes","floor":2.0,"turns":3.0},{"damage":9.0,"enemies":"3 Sentries","floor":7.0,"turns":3.0},{"damage":0.0,"enemies":"2 Louse","floor":11.0,"turns":2.0},{"damage":26.0,"enemies":"Gremlin Nob","floor":12.0,"turns":4.0},{"damage":0.0,"enemies":"Large Slime","floor":14.0,"turns":3.0},{"damage":10.0,"enemies":"The Guardian","floor":16.0,"turns":10.0},{"damage":12.0,"enemies":"3 Byrds","floor":18.0,"turns":4.0},{"damage":18.0,"enemies":"2 Thieves","floor":19.0,"turns":4.0},{"damage":27.0,"enemies":"Centurion and Healer","floor":21.0,"turns":5.0},{"damage":12.0,"enemies":"Slavers","floor":28.0,"turns":5.0},{"damage":8.0,"enemies":"Snake Plant","floor":30.0,"turns":3.0},{"damage":52,"enemies":"Champ","floor":33,"turns":10}],"seed_played":"-5772023704158689345","potions_obtained":[{"floor":5.0,"key":"Explosive Potion"},{"floor":5.0,"key":"Explosive Potion"},{"floor":11.0,"key":"GamblersBrew"},{"floor":12.0,"key":"Ancient Potion"},{"floor":18.0,"key":"Strength Potion"},{"floor":19.0,"key":"FearPotion"},{"floor":30.0,"key":"PowerPotion"}],"is_trial":false,"path_per_floor":["M","M","?","?","?","R","E","R","T","R","M","E","?","M","R","B",null,"M","M","$","M","?","R","?","R","T","R","E","R","M","?","R"],"character_chosen":"DEFECT","items_purchased":["Mummified Hand"],"campfire_rested":3,"item_purchase_floors":[20],"current_hp_per_floor":[74,64,64,82,82,82,73,73,73,73,73,47,47,47,71,61,77,65,47,47,20,20,44,41,41,41,41,29,29,21,21,33,0],"gold":70,"neow_bonus":"TEN_PERCENT_HP_BONUS","is_prod":false,"is_daily":false,"chose_seed":false,"campfire_upgraded":6,"win_rate":0,"timestamp":1532000974,"path_taken":["M","?","?","?","?","R","E","R","T","R","M","E","?","M","R","BOSS","M","M","$","M","?","R","?","R","T","R","E","R","M","?","R","BOSS"],"build_version":"2018-07-18","purchased_purges":0,"victory":false,"max_hp_per_floor":[82,82,82,82,82,82,82,82,82,82,82,82,82,82,82,82,82,82,82,82,82,82,82,41,41,41,41,41,41,41,41,41,41],"card_choices":[{"not_picked":["Barrage","Beam Cell"],"picked":"Loop","floor":1.0},{"not_picked":["Aggregate","Barrage","Rip and Tear"],"picked":"SKIP","floor":2.0},{"not_picked":["Steam","Sweeping Beam"],"picked":"Leap","floor":7.0},{"not_picked":["Static Discharge","Stack"],"picked":"Loop","floor":11.0},{"not_picked":["FTL","Redo"],"picked":"Sunder","floor":12.0},{"not_picked":["Redo","Hello World"],"picked":"Coolheaded","floor":14.0},{"not_picked":["Hyperbeam","Thunder Strike"],"picked":"Amplify","floor":16.0},{"not_picked":["Redo","Doom and Gloom","Aggregate"],"picked":"SKIP","floor":18.0},{"not_picked":["Turbo","Tempest"],"picked":"Loop","floor":19.0},{"not_picked":["Rebound","Sweeping Beam"],"picked":"Cold Snap","floor":21.0},{"not_picked":["Scrape","Streamline"],"picked":"BootSequence","floor":28.0},{"not_picked":["Static Discharge","Redo"],"picked":"FTL+1","floor":30.0}],"player_experience":341841,"relics_obtained":[{"floor":7.0,"key":"Bottled Tornado"},{"floor":9.0,"key":"Potion Belt"},{"floor":12.0,"key":"Ice Cream"},{"floor":26.0,"key":"Bronze Scales"},{"floor":28.0,"key":"Molten Egg 2"}],"event_choices":[{"event_name":"WeMeetAgain","player_choice":"Gold","floor":3.0,"damage_taken":0.0},{"event_name":"The Cleric","player_choice":"Healed","floor":4.0,"damage_taken":0.0},{"event_name":"The Lab","player_choice":"Got Potions","floor":5.0,"damage_taken":0.0},{"event_name":"Upgrade Shrine","player_choice":"Upgraded","floor":13.0,"damage_taken":0.0},{"event_name":"Masked Bandits","player_choice":"Paid Bandits 34 gold","floor":22.0,"damage_taken":0.0},{"event_name":"Ghosts","player_choice":"Became a Ghost","floor":24.0,"damage_taken":0.0},{"event_name":"Match and Keep!","player_choice":"3 cards matched","floor":31,"damage_taken":0}],"is_beta":true,"boss_relics":[{"not_picked":["Runic Pyramid","Calling Bell"],"picked":"Nuclear Battery"}],"items_purged_floors":[],"is_endless":false,"potions_floor_spawned":[11,12,18,19,30],"killed_by":"Champ","ascension_level":13}