{"gold_per_floor":[114,131,206,216,228,263,263,290,290,301,301,21,46,60,60,156,156,156,156,156,96,12,12,12,12,12,12,12,12,12,12,12,12],"floor_reached":33,"playtime":2121,"items_purged":["Injury","Strike_G"],"score":476,"play_id":"7cf4e5d0-276d-446e-8b20-4e8c225dacdb","local_time":"20180806174106","is_ascension_mode":true,"campfire_choices":[{"data":"Neutralize","floor":7,"key":"SMITH"},{"floor":15,"key":"REST"},{"data":"Footwork","floor":23,"key":"SMITH"},{"data":"Noxious Fumes","floor":32,"key":"SMITH"}],"neow_cost":"NONE","seed_source_timestamp":918170394012924,"circlet_count":0,"master_deck":["Defend_G","Defend_G","Defend_G","Defend_G","Defend_G","Strike_G","Strike_G","Strike_G","Strike_G","Survivor","Neutralize+1","AscendersBane","Leg Sweep","Blur","Backflip","Skewer+1","Sucker Punch","Cloak And Dagger","Backstab","PiercingWail","Flying Knee","Footwork+1","Glass Knife","Cloak And Dagger","Noxious Fumes+1","RitualDagger","Dagger Spray+1","Die Die Die"],"relics":["Ring of the Snake","Centennial Puzzle","Regal Pillow","Bronze Scales","Oddly Smooth Stone","Smiling Mask","Ectoplasm","Anchor","FaceOfCleric","Ancient Tea Set","Pen Nib","Ninja Scroll"],"potions_floor_usage":[8,8,13,14,16,29,33,33],"damage_taken":[{"damage":0,"enemies":"Jaw Worm","floor":1,"turns":6},{"damage":1,"enemies":"Small Slimes","floor":2,"turns":4},{"damage":14,"enemies":"Cultist","floor":4,"turns":8},{"damage":0,"enemies":"Red Slaver","floor":5,"turns":6},{"damage":10,"enemies":"3 Sentries","floor":6,"turns":15},{"damage":19,"enemies":"Lagavulin","floor":8,"turns":9},{"damage":0,"enemies":"Blue Slaver","floor":10,"turns":3},{"damage":6,"enemies":"Gremlin Nob","floor":13,"turns":4},{"damage":0,"enemies":"Gremlin Gang","floor":14,"turns":6},{"damage":16,"enemies":"Slime Boss","floor":16,"turns":13},{"damage":0,"enemies":"3 Byrds","floor":18,"turns":4},{"damage":1,"enemies":"2 Thieves","floor":21,"turns":5},{"damage":6,"enemies":"Centurion and Healer","floor":24,"turns":10},{"damage":6,"enemies":"Snecko","floor":28,"turns":5},{"damage":1,"enemies":"Slavers","floor":29,"turns":5},{"damage":0,"enemies":"Chosen and Byrds","floor":30,"turns":4},{"damage":7,"enemies":"Book of Stabbing","floor":31,"turns":6},{"damage":50,"enemies":"Champ","floor":33,"turns":7}],"seed_played":"-5601567585899971699","potions_obtained":[{"floor":1,"key":"SteroidPotion"},{"floor":4,"key":"Explosive Potion"},{"floor":6,"key":"Ancient Potion"},{"floor":8,"key":"Poison Potion"},{"floor":13,"key":"Ancient Potion"},{"floor":28,"key":"Poison Potion"},{"floor":29,"key":"Weak Potion"},{"floor":30,"key":"Regen Potion"}],"is_trial":false,"path_per_floor":["M","M","?","M","M","E","R","E","T","M","?","$","E","M","R","B",null,"M","?","?","M","$","R","M","?","T","$","M","E","M","E","R"],"character_chosen":"THE_SILENT","items_purchased":["Oddly Smooth Stone","Fire Potion","Noxious Fumes"],"campfire_rested":1,"item_purchase_floors":[12,12,22],"current_hp_per_floor":[63,62,51,37,37,27,27,8,8,8,8,8,2,2,38,22,58,58,58,58,58,58,58,53,47,47,47,42,42,43,37,37,0],"gold":12,"neow_bonus":"THREE_CARDS","is_prod":false,"is_daily":false,"chose_seed":false,"campfire_upgraded":3,"win_rate":0,"timestamp":1533595266,"path_taken":["M","M","?","M","?","E","R","E","T","M","?","$","E","?","R","BOSS","M","?","?","?","$","R","M","?","T","?","M","E","?","E","R","BOSS"],"build_version":"2018-08-01","purchased_purges":2,"victory":false,"max_hp_per_floor":[70,70,70,70,70,70,70,70,70,70,70,70,70,70,70,70,70,70,70,70,71,71,71,72,72,72,72,73,74,75,76,76,76],"card_choices":[{"not_picked":["Footwork","Dodge and Roll"],"picked":"Leg Sweep","floor":0},{"not_picked":["Flying Knee","Catalyst"],"picked":"Blur","floor":1},{"not_picked":["Expertise","Finisher"],"picked":"Backflip","floor":2},{"not_picked":["Bane","Quick Slash"],"picked":"Skewer","floor":4},{"not_picked":["All Out Attack","Crippling Poison"],"picked":"Sucker Punch","floor":5},{"not_picked":["Dagger Throw","Sucker Punch"],"picked":"Cloak And Dagger","floor":6},{"not_picked":["Tools of the Trade","Cloak And Dagger"],"picked":"Backstab","floor":8},{"not_picked":["Slice","Bane"],"picked":"PiercingWail","floor":10},{"not_picked":["Tactician","Leg Sweep"],"picked":"Flying Knee","floor":13},{"not_picked":["Deadly Poison","Prepared"],"picked":"Footwork","floor":14},{"not_picked":["Envenom","Venomology"],"picked":"Glass Knife","floor":16},{"not_picked":["Setup","Flying Knee","Quick Slash"],"picked":"SKIP","floor":18},{"not_picked":["Finisher","Dodge and Roll"],"picked":"Cloak And Dagger","floor":21},{"not_picked":["Underhanded Strike","Tactician","Poisoned Stab"],"picked":"SKIP","floor":24},{"not_picked":["Tactician+1","Dodge and Roll+1"],"picked":"Dagger Spray+1","floor":28},{"not_picked":["Prepared","Slice+1","Choke"],"picked":"SKIP","floor":29},{"not_picked":["Tactician","Underhanded Strike+1","Glass Knife"],"picked":"SKIP","floor":30},{"not_picked":["Acrobatics","All Out Attack"],"picked":"Die Die Die","floor":31}],"player_experience":347330,"relics_obtained":[{"floor":6,"key":"Centennial Puzzle"},{"floor":8,"key":"Regal Pillow"},{"floor":9,"key":"Bronze Scales"},{"floor":13,"key":"Smiling Mask"},{"floor":26,"key":"Ancient Tea Set"},{"floor":29,"key":"Pen Nib"},{"floor":31,"key":"Ninja Scroll"}],"event_choices":[{"event_name":"World of Goop","player_choice":"Gather Gold","floor":3,"damage_taken":0},{"event_name":"Accursed Blacksmith","player_choice":"Forge","floor":11,"damage_taken":0},{"event_name":"The Mausoleum","player_choice":"Yes","floor":19,"damage_taken":0},{"event_name":"FaceTrader","player_choice":"Trade","floor":20,"damage_taken":0},{"event_name":"Nest","player_choice":"Joined the Cult","floor":25,"damage_taken":0}],"is_beta":true,"boss_relics":[{"not_picked":["Snecko Eye","Busted Crown"],"picked":"Ectoplasm"}],"items_purged_floors":[12,22],"is_endless":false,"potions_floor_spawned":[1,4,6,8,13,28,29,30],"killed_by":"Champ","ascension_level":11}