{"gold_per_floor":[111,36,55,5,5,5,21,21,21,21,34,51,63,79,79,181,181,196,196,196],"floor_reached":20,"playtime":1641,"items_purged":["Strike_B"],"score":166,"play_id":"3745a520-ab82-47f3-9cda-603b193ea4ea","local_time":"20190123115508","is_ascension_mode":false,"campfire_choices":[{"data":"Rainbow","floor":6,"key":"SMITH"},{"data":"Go for the Eyes","floor":8,"key":"SMITH"},{"floor":10,"key":"RECALL"},{"data":"Coolheaded","floor":15,"key":"SMITH"}],"neow_cost":"TEN_PERCENT_HP_LOSS","seed_source_timestamp":307527830575668,"circlet_count":0,"master_deck":["Strike_B","Defend_B","Defend_B","Defend_B","Defend_B","Zap","Dualcast","Rainbow+1","Go for the Eyes+1","Coolheaded+1","Self Repair","Rainbow","Go for the Eyes","Writhe"],"relics":["Cracked Core","Nuclear Battery","Peace Pipe"],"potions_floor_usage":[14,16,20,20],"damage_taken":[{"damage":7,"enemies":"Small Slimes","floor":1,"turns":4},{"damage":0,"enemies":"2 Louse","floor":3,"turns":3},{"damage":2,"enemies":"Cultist","floor":7,"turns":3},{"damage":9,"enemies":"3 Louse","floor":11,"turns":3},{"damage":0,"enemies":"Blue Slaver","floor":12,"turns":3},{"damage":0,"enemies":"Looter","floor":13,"turns":3},{"damage":5,"enemies":"3 Louse","floor":14,"turns":2},{"damage":36,"enemies":"Hexaghost","floor":16,"turns":15},{"damage":0,"enemies":"Chosen","floor":18,"turns":6},{"damage":12,"enemies":"Colosseum Slavers","floor":20,"turns":5},{"damage":63,"enemies":"Colosseum Nobs","floor":20,"turns":6}],"seed_played":"-6608997861644279611","potions_obtained":[{"floor":12,"key":"Swift Potion"},{"floor":13,"key":"Explosive Potion"},{"floor":14,"key":"Dexterity Potion"},{"floor":16,"key":"Block Potion"}],"is_trial":false,"path_per_floor":["M","$","M","?","?","R","M","R","T","R","M","M","M","M","R","B",null,"M","?","?"],"character_chosen":"DEFECT","items_purchased":[],"campfire_rested":0,"item_purchase_floors":[],"current_hp_per_floor":[61,61,61,61,61,61,59,59,59,59,50,50,57,52,52,23,68,68,68,0],"gold":196,"neow_bonus":"THREE_RARE_CARDS","is_prod":false,"is_daily":false,"chose_seed":false,"campfire_upgraded":3,"win_rate":0,"timestamp":1548206708,"path_taken":["M","$","M","?","?","R","M","R","T","R","M","M","M","M","R","BOSS","M","?","?"],"build_version":"2019-01-17v2","purchased_purges":1,"victory":false,"max_hp_per_floor":[68,68,68,68,68,68,68,68,68,68,68,68,68,68,68,68,68,68,68,68],"card_choices":[{"not_picked":["Reboot","Hyperbeam"],"picked":"Rainbow","floor":0},{"not_picked":["Steam","Gash","Leap"],"picked":"SKIP","floor":1},{"not_picked":["Rebound","Gash"],"picked":"Go for the Eyes","floor":3},{"not_picked":["Melter","Turbo","Leap"],"picked":"SKIP","floor":7},{"not_picked":["Undo","Gash","Hologram"],"picked":"SKIP","floor":11},{"not_picked":["Gash","Meteor Strike"],"picked":"Self Repair","floor":12},{"not_picked":["Leap","Recycle","Gash"],"picked":"SKIP","floor":13},{"not_picked":["Cold Snap","Beam Cell","Streamline"],"picked":"SKIP","floor":14},{"not_picked":["Electrodynamics","Fission"],"picked":"Rainbow","floor":16},{"not_picked":["Hologram","Melter"],"picked":"Go for the Eyes","floor":18}],"player_experience":501882,"relics_obtained":[],"event_choices":[{"cards_removed":["Strike_B"],"damage_healed":0,"gold_gain":0,"player_choice":"Card Removal","damage_taken":0,"max_hp_gain":0,"max_hp_loss":0,"event_name":"The Cleric","floor":4,"gold_loss":50},{"damage_healed":0,"gold_gain":0,"cards_transformed":["Strike_B"],"player_choice":"Transformed","damage_taken":0,"max_hp_gain":0,"max_hp_loss":0,"event_name":"Transmorgrifier","floor":5,"gold_loss":0,"cards_obtained":["Coolheaded"]},{"damage_healed":0,"gold_gain":0,"player_choice":"Opened","damage_taken":0,"relics_obtained":["Peace Pipe"],"max_hp_gain":0,"max_hp_loss":0,"event_name":"The Mausoleum","floor":19,"gold_loss":0,"cards_obtained":["Writhe"]},{"damage_healed":0,"gold_gain":0,"player_choice":"Fight","damage_taken":0,"max_hp_gain":0,"max_hp_loss":0,"event_name":"Colosseum","floor":20,"gold_loss":0},{"damage_healed":0,"gold_gain":0,"player_choice":"Fought Nobs","damage_taken":0,"max_hp_gain":0,"max_hp_loss":0,"event_name":"Colosseum","floor":20,"gold_loss":0}],"is_beta":false,"boss_relics":[{"not_picked":["Orrery","Ectoplasm"],"picked":"Nuclear Battery"}],"items_purged_floors":[2],"is_endless":false,"potions_floor_spawned":[12,13,14,16],"killed_by":"Colosseum Nobs","ascension_level":0}