{"gold_per_floor":[110,123,141,153,172,172,206,206,206,232,246,260,260,272,272,372,422,440,459,384,404,404,404,422,422,473,473,473,331,331,331,331,436,436,452,452,469,480,580,580,580,266,320,334,334,366,378,390,390,390,390,390,9,9],"floor_reached":54,"playtime":5134,"items_purged":["Strike_R","Strike_R","Parasite"],"score":731,"play_id":"0b2ce89f-7526-48aa-81dc-3269a8161e8c","local_time":"20181213134055","is_ascension_mode":false,"campfire_choices":[{"data":"Bash","floor":6.0,"key":"SMITH"},{"data":"True Grit","floor":8.0,"key":"SMITH"},{"floor":15.0,"key":"REST"},{"floor":23.0,"key":"RECALL"},{"floor":25.0,"key":"REST"},{"data":"Metallicize","floor":30.0,"key":"SMITH"},{"data":"True Grit","floor":32.0,"key":"SMITH"},{"floor":40,"key":"REST"},{"data":"Dropkick","floor":45,"key":"SMITH"},{"floor":49,"key":"REST"},{"data":"Finesse","floor":52,"key":"SMITH"}],"neow_cost":"NONE","seed_source_timestamp":60015972561982,"circlet_count":0,"master_deck":["Defend_R","Defend_R","Defend_R","Defend_R","Bash+1","Dropkick+1","Metallicize+1","True Grit+1","True Grit+1","Feed","Metallicize+1","Reaper","True Grit+1","Pommel Strike+1","Dropkick+1","Impervious","Thunderclap","Finesse+1","Metallicize+1"],"special_seed":0,"relics":["Burning Blood","Regal Pillow","Mango","Pocketwatch","Gremlin Horn","Tiny House","Eternal Feather","Unceasing Top","Mummified Hand","Bag of Marbles","Strawberry","Ornamental Fan"],"potions_floor_usage":[38,39,47,47],"damage_taken":[{"damage":6.0,"enemies":"Cultist","floor":1.0,"turns":3.0},{"damage":5.0,"enemies":"Jaw Worm","floor":2.0,"turns":4.0},{"damage":0.0,"enemies":"Small Slimes","floor":3.0,"turns":4.0},{"damage":11.0,"enemies":"Blue Slaver","floor":4.0,"turns":5.0},{"damage":11.0,"enemies":"3 Louse","floor":5.0,"turns":4.0},{"damage":17.0,"enemies":"Gremlin Nob","floor":7.0,"turns":4.0},{"damage":41.0,"enemies":"3 Sentries","floor":10.0,"turns":19.0},{"damage":6.0,"enemies":"Exordium Thugs","floor":11.0,"turns":6.0},{"damage":0.0,"enemies":"2 Fungi Beasts","floor":12.0,"turns":2.0},{"damage":10.0,"enemies":"Blue Slaver","floor":14.0,"turns":5.0},{"damage":26.0,"enemies":"Slime Boss","floor":16.0,"turns":19.0},{"damage":37.0,"enemies":"3 Byrds","floor":18.0,"turns":8.0},{"damage":11.0,"enemies":"Spheric Guardian","floor":19.0,"turns":12.0},{"damage":0.0,"enemies":"Centurion and Healer","floor":21.0,"turns":9.0},{"damage":46.0,"enemies":"Cultist and Chosen","floor":24.0,"turns":8.0},{"damage":27.0,"enemies":"Colosseum Slavers","floor":28.0,"turns":8.0},{"damage":76.0,"enemies":"Automaton","floor":33.0,"turns":8.0},{"damage":72,"enemies":"3 Darklings","floor":35,"turns":10},{"damage":13,"enemies":"3 Shapes","floor":37,"turns":9},{"damage":30,"enemies":"Spire Growth","floor":38,"turns":7},{"damage":7,"enemies":"Mind Bloom Boss Battle","floor":39,"turns":8},{"damage":19,"enemies":"Transient","floor":44,"turns":5},{"damage":46,"enemies":"Giant Head","floor":46,"turns":9},{"damage":75,"enemies":"4 Shapes","floor":47,"turns":10},{"damage":1,"enemies":"Writhing Mass","floor":48,"turns":6},{"damage":60,"enemies":"Awakened One","floor":50,"turns":7},{"damage":160,"enemies":"Shield and Spear","floor":54,"turns":13}],"seed_played":"-471731075363490605","potions_obtained":[{"floor":1.0,"key":"FairyPotion"},{"floor":5.0,"key":"FearPotion"},{"floor":10.0,"key":"FearPotion"},{"floor":11.0,"key":"SteroidPotion"},{"floor":16.0,"key":"Poison Potion"},{"floor":17.0,"key":"Weak Potion"},{"floor":21.0,"key":"EssenceOfSteel"},{"floor":24.0,"key":"GamblersBrew"},{"floor":33.0,"key":"GamblersBrew"},{"floor":35,"key":"EssenceOfSteel"},{"floor":39,"key":"Energy Potion"}],"is_trial":false,"path_per_floor":["M","M","M","M","M","R","E","R","T","E","M","M","?","M","R","B",null,"M","M","?","M","?","R","M","R","T","?","?","$","R","?","R","B",null,"M","?","M","M","?","R","T","$","T","M","R","E","M","M","R","B",null,"R","$","E"],"character_chosen":"IRONCLAD","items_purchased":["Dropkick","Thunderclap","Finesse","LiquidBronze","Ornamental Fan"],"campfire_rested":4,"item_purchase_floors":[29,42,42,42,53],"current_hp_per_floor":[80,80,80,75,70,70,59,59,73,38,38,47,44,43,88,68,105,84,82,82,97,97,97,68,117,117,117,99,99,99,99,99,45,120,62,62,62,42,47,107,107,107,107,100,109,82,16,22,88,52,133,133,130,0],"gold":9,"neow_bonus":"REMOVE_CARD","is_prod":false,"is_daily":false,"chose_seed":false,"campfire_upgraded":6,"win_rate":0,"timestamp":1544726455,"path_taken":["M","?","M","M","?","R","E","R","T","E","M","M","?","M","R","BOSS","M","M","?","M","?","R","?","R","T","?","?","$","R","?","R","BOSS","M","?","M","M","?","R","?","$","T","M","R","E","M","M","R","BOSS","R","$","E"],"build_version":"2018-12-06","purchased_purges":3,"victory":false,"max_hp_per_floor":[80,80,80,80,80,80,80,80,94,94,94,97,97,100,100,100,105,108,111,111,114,114,114,117,117,117,117,120,120,120,120,120,120,120,120,120,123,123,123,123,123,123,123,123,123,130,133,133,133,133,133,133,130,130],"card_choices":[{"not_picked":["Shrug It Off","Sword Boomerang"],"picked":"Dropkick","floor":1.0},{"not_picked":["Wild Strike","Clothesline"],"picked":"Metallicize","floor":2.0},{"not_picked":["Heavy Blade","Clothesline"],"picked":"True Grit","floor":3.0},{"not_picked":["Reckless Charge","Pommel Strike","Burning Pact"],"picked":"SKIP","floor":4.0},{"not_picked":["Whirlwind","Juggernaut","Clash"],"picked":"SKIP","floor":5.0},{"not_picked":["Exhume","Heavy Blade"],"picked":"True Grit","floor":7.0},{"not_picked":["Entrench","Perfected Strike"],"picked":"Feed","floor":10.0},{"not_picked":["Corruption","Clothesline","Warcry"],"picked":"SKIP","floor":11.0},{"not_picked":["True Grit","Havoc"],"picked":"Metallicize","floor":12.0},{"not_picked":["Warcry","Power Through","Body Slam"],"picked":"SKIP","floor":14.0},{"not_picked":["Offering","Double Tap"],"picked":"Reaper","floor":16.0},{"not_picked":["Sword Boomerang","Wild Strike+1","Warcry+1"],"picked":"SKIP","floor":18.0},{"not_picked":["Metallicize","Headbutt"],"picked":"True Grit+1","floor":19.0},{"not_picked":["Sword Boomerang","Reckless Charge"],"picked":"Pommel Strike+1","floor":21.0},{"not_picked":["Havoc+1","Iron Wave","Seeing Red"],"picked":"SKIP","floor":24.0},{"not_picked":["Bludgeon","Feed"],"picked":"Impervious","floor":33.0},{"not_picked":["Shrug It Off+1","Cleave+1","Seeing Red+1"],"picked":"SKIP","floor":35},{"not_picked":["True Grit+1","Twin Strike","Anger+1"],"picked":"SKIP","floor":37},{"not_picked":["Entrench+1","Bloodletting","Havoc+1"],"picked":"SKIP","floor":38},{"not_picked":["Hemokinesis+1","Shrug It Off+1","Feel No Pain+1"],"picked":"SKIP","floor":44},{"not_picked":["Power Through","Warcry"],"picked":"Metallicize+1","floor":46},{"not_picked":["Flame Barrier+1","Seeing Red","Barricade"],"picked":"SKIP","floor":47},{"not_picked":["Reckless Charge","Iron Wave","Headbutt"],"picked":"SKIP","floor":48}],"player_experience":1887253,"relics_obtained":[{"floor":7.0,"key":"Regal Pillow"},{"floor":9.0,"key":"Mango"},{"floor":10.0,"key":"Pocketwatch"},{"floor":39,"key":"Unceasing Top"},{"floor":41,"key":"Mummified Hand"},{"floor":43,"key":"Bag of Marbles"},{"floor":46,"key":"Strawberry"}],"event_choices":[{"damage_healed":0.0,"max_hp_gain":0.0,"max_hp_loss":0.0,"gold_gain":0.0,"event_name":"Scrap Ooze","player_choice":"Success","floor":13.0,"gold_loss":0.0,"damage_taken":3.0,"relics_obtained":["Gremlin Horn"]},{"cards_removed":["Strike_R"],"damage_healed":0.0,"max_hp_gain":0.0,"max_hp_loss":0.0,"gold_gain":0.0,"event_name":"Beggar","player_choice":"Gave Gold","floor":20.0,"gold_loss":75.0,"damage_taken":0.0},{"damage_healed":0.0,"max_hp_gain":0.0,"max_hp_loss":0.0,"gold_gain":0.0,"event_name":"Vampires","player_choice":"Ignored","floor":22.0,"gold_loss":0.0,"damage_taken":0.0},{"cards_removed":["Strike_R"],"damage_healed":0.0,"max_hp_gain":0.0,"max_hp_loss":0.0,"gold_gain":0.0,"event_name":"Back to Basics","player_choice":"Elegance","floor":27.0,"gold_loss":0.0,"damage_taken":0.0},{"damage_healed":0.0,"max_hp_gain":0.0,"max_hp_loss":0.0,"gold_gain":0.0,"event_name":"Colosseum","player_choice":"Fight","floor":28.0,"gold_loss":0.0,"damage_taken":0.0},{"damage_healed":0.0,"max_hp_gain":0.0,"max_hp_loss":0.0,"gold_gain":0.0,"event_name":"Colosseum","player_choice":"Fled From Nobs","floor":28.0,"gold_loss":0.0,"damage_taken":0.0},{"damage_healed":0.0,"max_hp_gain":0.0,"max_hp_loss":0.0,"gold_gain":0.0,"event_name":"Accursed Blacksmith","player_choice":"Forge","floor":31.0,"gold_loss":0.0,"damage_taken":0.0,"cards_upgraded":["Dropkick"]},{"damage_healed":0,"gold_gain":0,"player_choice":"Ignored","damage_taken":0,"max_hp_gain":0,"max_hp_loss":0,"event_name":"Tomb of Lord Red Mask","floor":36,"gold_loss":0},{"damage_healed":0,"gold_gain":0,"player_choice":"Fight","damage_taken":0,"max_hp_gain":0,"max_hp_loss":0,"event_name":"MindBloom","floor":39,"gold_loss":0}],"is_beta":false,"boss_relics":[{"not_picked":["Coffee Dripper","Mark of Pain"],"picked":"Tiny House"},{"not_picked":["Orrery","Calling Bell"],"picked":"Eternal Feather"}],"items_purged_floors":[29,42,53],"is_endless":false,"potions_floor_spawned":[1,5,10,11,16,21,24,33,35,39,44],"killed_by":"Shield and Spear","ascension_level":0}