{"gold_per_floor":[368,380,380,380,77,77,102,102,102,112,77,8,8,8,8,82,82,82,82,82,82,82,82,82,82,82,82,24,24,24,24,24,24],"floor_reached":33,"playtime":1281,"items_purged":[],"score":607,"play_id":"a29a2f4f-d57b-4e0c-a1ba-17537c68c4b4","local_time":"20180722164704","is_ascension_mode":true,"campfire_choices":[{"data":"Neutralize","floor":6,"key":"SMITH"},{"data":"Neutralize","floor":8,"key":"SMITH"},{"data":"Backstab","floor":13,"key":"SMITH"},{"floor":15,"key":"REST"},{"data":"Infinite Blades","floor":24,"key":"SMITH"},{"data":"Cloak And Dagger","floor":27,"key":"SMITH"},{"floor":32,"key":"REST"}],"neow_cost":"TEN_PERCENT_HP_LOSS","seed_source_timestamp":1010990410636642,"circlet_count":0,"master_deck":["Defend_G","Defend_G+1","Defend_G","Defend_G","Defend_G","Strike_G","Strike_G","Strike_G+1","Strike_G","Strike_G+1","Survivor","Neutralize+1","AscendersBane","Dash+1","Infinite Blades+1","Well Laid Plans","Neutralize+1","Backstab+1","Malaise+1","Skewer+1","Cloak And Dagger+1","Dash"],"relics":["Ring of the Snake","Letter Opener","Whetstone","Bottled Tornado","Omamori","Ectoplasm","The Courier","Bottled Lightning","Mummified Hand","Juzu Bracelet"],"potions_floor_usage":[25,29,33],"damage_taken":[{"damage":1,"enemies":"Jaw Worm","floor":1,"turns":7},{"damage":0,"enemies":"Small Slimes","floor":2,"turns":4},{"damage":14,"enemies":"Gremlin Nob","floor":7,"turns":5},{"damage":0,"enemies":"Cultist","floor":10,"turns":4},{"damage":0,"enemies":"The Guardian","floor":16,"turns":14},{"damage":0,"enemies":"3 Byrds","floor":18,"turns":7},{"damage":0,"enemies":"Shell Parasite","floor":22,"turns":6},{"damage":7,"enemies":"Book of Stabbing","floor":23,"turns":7},{"damage":21,"enemies":"Slavers","floor":25,"turns":5},{"damage":19,"enemies":"Gremlin Leader","floor":29,"turns":10},{"damage":2,"enemies":"Snecko","floor":31,"turns":5},{"damage":28,"enemies":"Automaton","floor":33,"turns":6}],"seed_played":"-8948755819283122612","potions_obtained":[{"floor":1,"key":"Explosive Potion"},{"floor":25,"key":"Weak Potion"},{"floor":31,"key":"SpeedPotion"}],"is_trial":false,"path_per_floor":["M","M","?","?","$","R","E","R","T","M","?","$","R","?","R","B",null,"M","?","?","?","M","E","R","E","T","R","$","E","?","M","R"],"character_chosen":"THE_SILENT","items_purchased":["Letter Opener","Fire Potion","Backstab","Dash"],"campfire_rested":2,"item_purchase_floors":[5,5,12,28],"current_hp_per_floor":[58,58,40,40,40,40,26,26,26,26,41,41,41,15,33,33,53,53,53,53,53,53,46,46,25,25,25,25,6,6,4,22,0],"gold":24,"neow_bonus":"TWO_FIFTY_GOLD","is_prod":false,"is_daily":false,"chose_seed":false,"campfire_upgraded":5,"win_rate":0,"timestamp":1532270824,"path_taken":["M","M","?","?","$","R","E","R","T","M","?","$","R","?","R","BOSS","M","?","?","?","M","E","R","E","T","R","?","E","?","M","R","BOSS"],"build_version":"2018-07-19v2","purchased_purges":0,"victory":false,"max_hp_per_floor":[60,60,60,60,60,60,60,60,60,60,60,60,60,60,60,60,60,60,60,60,60,60,60,60,60,60,60,60,60,60,60,60,60],"card_choices":[{"not_picked":["Distraction","Acrobatics"],"picked":"Dash","floor":1},{"not_picked":["Tactician","Deflect"],"picked":"Infinite Blades","floor":2},{"not_picked":["Expertise","Underhanded Strike","Catalyst"],"picked":"SKIP","floor":7},{"not_picked":["Dagger Throw","Underhanded Strike","Sucker Punch"],"picked":"SKIP","floor":10},{"not_picked":["Tools of the Trade","Storm of Steel"],"picked":"Malaise","floor":16},{"not_picked":["Flying Knee","Reflex+1"],"picked":"Skewer","floor":18},{"not_picked":["Underhanded Strike+1","Sucker Punch","Slice"],"picked":"SKIP","floor":22},{"not_picked":["Concentrate","Distraction","Blade Dance"],"picked":"SKIP","floor":23},{"not_picked":["Deadly Poison","Accuracy"],"picked":"Cloak And Dagger","floor":25},{"not_picked":["Dodge and Roll","Endless Agony","Deflect"],"picked":"SKIP","floor":29},{"not_picked":["Slice","Flechettes","Outmaneuver"],"picked":"SKIP","floor":31}],"player_experience":1127448,"relics_obtained":[{"floor":7,"key":"Whetstone"},{"floor":9,"key":"Bottled Tornado"},{"floor":23,"key":"The Courier"},{"floor":25,"key":"Bottled Lightning"},{"floor":26,"key":"Mummified Hand"},{"floor":29,"key":"Juzu Bracelet"}],"event_choices":[{"event_name":"Shining Light","player_choice":"Entered Light","floor":3,"damage_taken":0},{"event_name":"Match and Keep!","player_choice":"2 cards matched","floor":4,"damage_taken":0},{"event_name":"The Cleric","player_choice":"Healed","floor":11,"damage_taken":0},{"event_name":"Scrap Ooze","player_choice":"success","floor":14,"damage_taken":26},{"event_name":"Nest","player_choice":"Stole From Cult","floor":19,"damage_taken":0},{"event_name":"Upgrade Shrine","player_choice":"Upgraded","floor":20,"damage_taken":0},{"event_name":"Accursed Blacksmith","player_choice":"Forge","floor":21,"damage_taken":0},{"event_name":"Drug Dealer","player_choice":"Ignored","floor":30,"damage_taken":0}],"is_beta":false,"boss_relics":[{"not_picked":["Velvet Choker","Snecko Eye"],"picked":"Ectoplasm"}],"items_purged_floors":[],"is_endless":false,"potions_floor_spawned":[1,7,10,18,22,23,25,31],"killed_by":"Automaton","ascension_level":15}