{"gold_per_floor":[115,128,203,219,229,229,24,24,49,49,49,64,64,76,76,179,179,179,179,179,179,179,179,179,179,179,179,33,33,33,33,33,33,33,33,33,33,33,33,33,33,33,33,33,33,33,33,33,33,33],"floor_reached":51,"playtime":2493,"items_purged":["Strike_B","Strike_B"],"score":791,"play_id":"dc44510b-2915-4e4a-9ba4-bf93f6914f83","local_time":"20180712224454","is_ascension_mode":false,"campfire_choices":[{"floor":6,"key":"REST"},{"data":"Zap","floor":8,"key":"SMITH"},{"floor":15,"key":"REST"},{"floor":23,"key":"REST"},{"floor":27,"key":"REST"},{"floor":32,"key":"REST"},{"data":"Dualcast","floor":40,"key":"SMITH"},{"floor":45,"key":"REST"},{"floor":49,"key":"REST"}],"neow_cost":"","seed_source_timestamp":0,"circlet_count":0,"master_deck":["Strike_B","Defend_B","Defend_B","Defend_B","Zap+1","Dualcast+1","Scrape","Gash","Gash","Gash","Recycle","Fusion","Beam Cell","Buffer","Go for the Eyes","FTL+1","Core Surge","Redo","Go for the Eyes+1","Rainbow","Gash+1","Deep Breath","Beam Cell+1","Beam Cell","Go for the Eyes"],"relics":["Unceasing Top","Orichalcum","Gremlin Horn","Ectoplasm","Red Mask","Juzu Bracelet","Sozu","Lantern"],"potions_floor_usage":[16,24,33],"damage_taken":[{"damage":9,"enemies":"Jaw Worm","floor":1,"turns":4},{"damage":2,"enemies":"Small Slimes","floor":2,"turns":4},{"damage":5,"enemies":"2 Louse","floor":4,"turns":2},{"damage":14,"enemies":"Blue Slaver","floor":5,"turns":4},{"damage":18,"enemies":"3 Louse","floor":12,"turns":3},{"damage":0,"enemies":"Large Slime","floor":14,"turns":4},{"damage":0,"enemies":"Slime Boss","floor":16,"turns":4},{"damage":0,"enemies":"Spheric Guardian","floor":18,"turns":3},{"damage":5,"enemies":"Shell Parasite","floor":19,"turns":3},{"damage":18,"floor":20,"turns":5},{"damage":16,"enemies":"3 Cultists","floor":24,"turns":5},{"damage":18,"enemies":"Slaver and Parasite","floor":25,"turns":4},{"damage":9,"enemies":"Snecko","floor":31,"turns":5},{"damage":0,"enemies":"Collector","floor":33,"turns":5},{"damage":6,"enemies":"3 Darklings","floor":35,"turns":4},{"damage":2,"enemies":"Orb Walker","floor":39,"turns":2},{"damage":22,"enemies":"3 Darklings","floor":41,"turns":3},{"damage":16,"enemies":"4 Shapes","floor":42,"turns":10},{"damage":10,"enemies":"Sphere and 2 Shapes","floor":44,"turns":4},{"damage":12,"enemies":"3 Darklings","floor":46,"turns":3},{"damage":0,"enemies":"Maw","floor":47,"turns":3},{"damage":51,"enemies":"Time Eater","floor":50,"turns":6}],"seed_played":"8827637328297488631","potions_obtained":[{"floor":1,"key":"Energy Potion"},{"floor":2,"key":"FearPotion"},{"floor":19,"key":"LiquidBronze"},{"floor":24,"key":"FocusPotion"}],"is_trial":true,"path_per_floor":["M","M","?","M","M","R","$","R","T","?","$","M","T","M","R","B",null,"M","M","?","?","?","R","M","M","T","R","$","?","?","M","R","B",null,"M","?","?","?","M","R","M","M","T","M","R","M","M","?","R","B"],"character_chosen":"DEFECT","items_purchased":["Gash","Recycle","Redo"],"campfire_rested":7,"item_purchase_floors":[7,7,28],"current_hp_per_floor":[66,64,53,48,34,56,56,56,56,56,56,38,38,38,60,60,75,75,70,52,38,38,62,46,28,28,52,52,52,52,43,67,67,80,74,74,74,74,72,72,50,34,34,24,48,36,36,36,60,9],"gold":33,"neow_bonus":"","is_prod":false,"is_daily":false,"chose_seed":false,"campfire_upgraded":2,"win_rate":0,"timestamp":1531449894,"path_taken":["M","M","?","M","M","R","$","R","T","?","$","M","?","M","R","BOSS","M","M","?","?","?","R","M","?","T","R","$","?","?","M","R","BOSS","M","?","?","?","M","R","M","M","T","M","R","M","M","?","R","BOSS"],"build_version":"2018-07-12","purchased_purges":2,"victory":true,"max_hp_per_floor":[75,75,75,75,75,75,75,75,75,75,75,75,75,75,75,75,75,75,75,75,80,80,80,80,80,80,80,80,80,80,80,80,80,80,80,80,80,80,80,80,80,80,80,80,80,80,80,80,80,80],"card_choices":[{"not_picked":["Doom and Gloom","Aggregate"],"picked":"Scrape","floor":1},{"not_picked":["Heatsinks","Auto Shields"],"picked":"Gash","floor":2},{"not_picked":["Sunder","Sweeping Beam","Barrage"],"picked":"SKIP","floor":4},{"not_picked":["Rebound","Streamline"],"picked":"Gash","floor":5},{"not_picked":["Leap","Ball Lightning"],"picked":"Fusion","floor":12},{"not_picked":["Chill","Stack"],"picked":"Beam Cell","floor":14},{"not_picked":["Creative AI","Seek"],"picked":"Buffer","floor":16},{"not_picked":["Stack","Reprogram+1"],"picked":"Go for the Eyes","floor":18},{"not_picked":["Cold Snap","Sweeping Beam"],"picked":"FTL+1","floor":19},{"not_picked":["Compile Driver+1","Leap+1","Hello World"],"picked":"SKIP","floor":24},{"not_picked":["Conserve Battery","Defragment+1","Multi-Cast"],"picked":"SKIP","floor":25},{"not_picked":["Barrage","Rebound"],"picked":"Go for the Eyes+1","floor":31},{"not_picked":["Multi-Cast","Thunder Strike"],"picked":"Rainbow","floor":33},{"not_picked":["Leap","Self Repair"],"picked":"Gash+1","floor":35},{"not_picked":["Panacea","Dark Shackles"],"picked":"Deep Breath","floor":38},{"not_picked":["Reprogram","Recycle"],"picked":"Beam Cell+1","floor":39},{"not_picked":["Rip and Tear","Fusion+1","Heatsinks"],"picked":"SKIP","floor":41},{"not_picked":["Coolheaded","Turbo+1"],"picked":"Beam Cell","floor":42},{"not_picked":["Storm","Compile Driver","Redo"],"picked":"SKIP","floor":44},{"not_picked":["Ball Lightning+1","Melter+1","Barrage"],"picked":"SKIP","floor":46},{"not_picked":["Consume+1","Glacier+1"],"picked":"Go for the Eyes","floor":47}],"player_experience":1053772,"relics_obtained":[{"floor":9,"key":"Orichalcum"},{"floor":13,"key":"Gremlin Horn"},{"floor":20,"key":"Red Mask"},{"floor":26,"key":"Juzu Bracelet"},{"floor":43,"key":"Lantern"}],"event_choices":[{"event_name":"World of Goop","player_choice":"Gather Gold","floor":3,"damage_taken":0},{"event_name":"Living Wall","player_choice":"Forget","floor":10,"damage_taken":0},{"event_name":"Masked Bandits","player_choice":"Fought over 179 gold","floor":20,"damage_taken":0},{"event_name":"Forgotten Altar","player_choice":"Shed Blood","floor":21,"damage_taken":0},{"event_name":"Match and Keep!","player_choice":"1 cards matched","floor":22,"damage_taken":0},{"event_name":"Ghosts","player_choice":"Ignored","floor":29,"damage_taken":0},{"event_name":"Accursed Blacksmith","player_choice":"Ignore","floor":30,"damage_taken":0},{"event_name":"Tomb of Lord Red Mask","player_choice":"Wore Mask","floor":36,"damage_taken":0},{"event_name":"Mysterious Sphere","player_choice":"Ignore","floor":37,"damage_taken":0},{"event_name":"SensoryStone","player_choice":"Memory 1","floor":38,"damage_taken":0},{"event_name":"Falling","player_choice":"Removed Skill","floor":48,"damage_taken":0}],"boss_relics":[{"not_picked":["Lizard Tail","Eternal Feather"],"picked":"Ectoplasm"},{"not_picked":["Cursed Key","Astrolabe"],"picked":"Sozu"}],"items_purged_floors":[7,28],"is_endless":false,"potions_floor_spawned":[1,2,19,24,31,39,44,47],"ascension_level":0}