{"path_per_floor":["M","?","?","?","M","R","M","M","T","R","M","R","M","M","R","B",null,"M","$","?","$","M","E","?","R","T","$","M","R","M","?","R"],"character_chosen":"IRONCLAD","items_purchased":["Rampage","Bottled Flame"],"gold_per_floor":[113,113,78,78,94,94,112,128,180,180,199,199,216,231,231,326,326,337,11,11,11,27,60,30,30,30,30,44,44,54,54,54,54],"floor_reached":33,"campfire_rested":3,"playtime":1086,"item_purchase_floors":[19,19],"current_hp_per_floor":[78,62,80,80,80,80,80,80,80,80,80,80,80,70,70,36,80,70,70,55,55,44,9,9,34,34,34,33,58,7,7,32,0],"items_purged":[],"gold":54,"score":283,"play_id":"06cb64da-48f6-403a-b674-721aec99a336","local_time":"20180604201943","is_prod":false,"is_daily":false,"chose_seed":false,"is_ascension_mode":true,"campfire_upgraded":4,"win_rate":0,"timestamp":1528161583,"campfire_choices":[{"data":"Bash","floor":6,"key":"SMITH"},{"data":"Shrug It Off","floor":10,"key":"SMITH"},{"data":"Flex","floor":12,"key":"SMITH"},{"data":"Pummel","floor":15,"key":"SMITH"},{"floor":25,"key":"REST"},{"floor":29,"key":"REST"},{"floor":32,"key":"REST"}],"path_taken":["M","?","?","?","M","R","?","M","T","R","?","R","M","M","R","BOSS","M","$","?","$","M","E","?","R","T","$","M","R","?","?","R","BOSS"],"build_version":"2018-05-31","seed_source_timestamp":5363419582759,"purchased_purges":0,"victory":false,"master_deck":["Strike_R","Strike_R","Strike_R+1","Strike_R","Strike_R","Defend_R","Defend_R+1","Defend_R","Defend_R","Bash+1","Headbutt+1","Pommel Strike","Shrug It Off+1","Flex+1","Headbutt","Pummel+1","Double Tap","Pummel+1","Rampage","Cleave","Flex+1","Thunderclap+1"],"max_hp_per_floor":[80,80,80,80,80,80,80,80,80,80,80,80,80,80,80,80,80,80,80,85,85,85,85,85,85,85,85,85,85,85,85,85,85],"relics":["Burning Blood","Ancient Tea Set","Runic Pyramid","Bottled Flame","Art of War","Kunai"],"card_choices":[{"not_picked":["Iron Wave","Heavy Blade"],"picked":"Headbutt","floor":1},{"not_picked":["Rage","Havoc"],"picked":"Pommel Strike","floor":5},{"not_picked":["Reaper","Bloodletting"],"picked":"Shrug It Off","floor":7},{"not_picked":["Twin Strike","Armaments"],"picked":"Flex","floor":8},{"not_picked":["Second Wind","Heavy Blade"],"picked":"Headbutt","floor":11},{"not_picked":["Havoc","Spot Weakness"],"picked":"Pummel","floor":13},{"not_picked":["Havoc","Armaments","Juggernaut"],"picked":"SKIP","floor":14},{"not_picked":["Impervious","Barricade"],"picked":"Double Tap","floor":16},{"not_picked":["Clothesline","Inflame"],"picked":"Pummel+1","floor":18},{"not_picked":["Rupture+1","True Grit"],"picked":"Cleave","floor":22},{"not_picked":["Armaments","Sword Boomerang"],"picked":"Flex+1","floor":23},{"not_picked":["True Grit+1","Power Through+1"],"picked":"Thunderclap+1","floor":28},{"not_picked":["Searing Blow","Anger","Sword Boomerang"],"picked":"SKIP","floor":30}],"player_experience":282729,"potions_floor_usage":[8,14,18,23,28,28,28],"damage_taken":[{"damage":8,"enemies":"Jaw Worm","floor":1,"turns":5},{"damage":0,"enemies":"Cultist","floor":5,"turns":2},{"damage":0,"enemies":"Small Slimes","floor":7,"turns":2},{"damage":6,"enemies":"Exordium Thugs","floor":8,"turns":4},{"damage":5,"enemies":"Exordium Wildlife","floor":11,"turns":3},{"damage":0,"enemies":"Large Slime","floor":13,"turns":3},{"damage":16,"enemies":"Lots of Slimes","floor":14,"turns":2},{"damage":40,"enemies":"Slime Boss","floor":16,"turns":8},{"damage":16,"enemies":"Chosen","floor":18,"turns":5},{"damage":17,"enemies":"Spheric Guardian","floor":22,"turns":4},{"damage":41,"enemies":"Book of Stabbing","floor":23,"turns":5},{"damage":19,"enemies":"Chosen and Byrds","floor":28,"turns":4},{"damage":57,"enemies":"3 Cultists","floor":30,"turns":6},{"damage":34,"enemies":"Champ","floor":33,"turns":10}],"relics_obtained":[{"floor":9,"key":"Ancient Tea Set"},{"floor":23,"key":"Art of War"},{"floor":26,"key":"Kunai"}],"event_choices":[{"event_name":"Shining Light","player_choice":"Entered Light","floor":2,"damage_taken":0},{"event_name":"The Cleric","player_choice":"Healed","floor":3,"damage_taken":0},{"event_name":"Accursed Blacksmith","player_choice":"Forge","floor":4,"damage_taken":0},{"event_name":"Forgotten Altar","player_choice":"Shed Blood","floor":20,"damage_taken":0},{"event_name":"The Woman in Blue","player_choice":"Bought 2 Potions","floor":24,"damage_taken":0},{"event_name":"Ghosts","player_choice":"Ignored","floor":31,"damage_taken":0}],"boss_relics":[{"not_picked":["Tiny House","Snecko Eye"],"picked":"Runic Pyramid"}],"items_purged_floors":[],"potions_floor_spawned":[5,8,16,22,23],"seed_played":"-5445783714556774800","killed_by":"Champ","ascension_level":2,"potions_obtained":[{"floor":5,"key":"Fire Potion"},{"floor":8,"key":"LiquidBronze"},{"floor":16,"key":"AttackPotion"},{"floor":22,"key":"LiquidBronze"},{"floor":23,"key":"Regen Potion"},{"floor":24,"key":"Strength Potion"},{"floor":24,"key":"Explosive Potion"}],"is_trial":false}