{"gold_per_floor":[115,128,140,20,37,37,37,70,119,19,19,19,19,37,37,141,141,159,1,1,14,14,14,25,60,60,60,71,103,73,91,91,91],"floor_reached":33,"playtime":1011,"items_purged":["Strike_R","Strike_R","Strike_R"],"score":419,"play_id":"6d75fd1b-18b7-4d00-a019-71f722eb7775","local_time":"20180720105422","is_ascension_mode":true,"campfire_choices":[{"data":"Whirlwind","floor":6,"key":"SMITH"},{"data":"Immolate","floor":11,"key":"SMITH"},{"data":"Pummel","floor":13,"key":"SMITH"},{"data":"Cleave","floor":15,"key":"SMITH"},{"data":"Power Through","floor":23,"key":"SMITH"},{"data":"Havoc","floor":27,"key":"SMITH"},{"floor":32,"key":"REST"}],"neow_cost":"NONE","seed_source_timestamp":561883993223078,"circlet_count":0,"master_deck":["Strike_R","Strike_R","Defend_R+1","Defend_R","Defend_R+1","Defend_R","Bash","Dropkick","Pummel+1","Whirlwind+1","Shrug It Off+1","Cleave+1","Immolate+1","Immolate","Power Through+1","Havoc+1","Headbutt"],"relics":["Burning Blood","NeowsBlessing","Mummified Hand","Strawberry","Busted Crown","Omamori","War Paint","Letter Opener","Orichalcum"],"potions_floor_usage":[8,16,29,29,31,33,33,33,33,33,33,33,33],"damage_taken":[{"damage":0,"enemies":"Cultist","floor":1,"turns":1},{"damage":0,"enemies":"Jaw Worm","floor":2,"turns":1},{"damage":0,"enemies":"Small Slimes","floor":3,"turns":1},{"damage":22,"enemies":"Exordium Wildlife","floor":5,"turns":5},{"damage":28,"enemies":"3 Sentries","floor":8,"turns":5},{"damage":0,"enemies":"Gremlin Gang","floor":14,"turns":1},{"damage":2,"enemies":"Slime Boss","floor":16,"turns":7},{"damage":8,"enemies":"Chosen","floor":18,"turns":4},{"damage":14,"enemies":"Shell Parasite","floor":21,"turns":3},{"damage":6,"enemies":"Cultist and Chosen","floor":24,"turns":4},{"damage":0,"enemies":"Gremlin Leader","floor":25,"turns":5},{"damage":11,"enemies":"Sentry and Sphere","floor":28,"turns":3},{"damage":48,"enemies":"Book of Stabbing","floor":29,"turns":5},{"damage":11,"enemies":"Centurion and Healer","floor":31,"turns":2},{"damage":50,"enemies":"Collector","floor":33,"turns":7}],"seed_played":"-3952819870642114919","potions_obtained":[{"floor":5,"key":"Regen Potion"},{"floor":14,"key":"Regen Potion"},{"floor":21,"key":"SkillPotion"},{"floor":28,"key":"Strength Potion"},{"floor":29,"key":"Block Potion"},{"floor":30,"key":"EntropicBrew"},{"floor":30,"key":"GamblersBrew"},{"floor":31,"key":"SmokeBomb"}],"is_trial":false,"path_per_floor":["M","M","M","$","M","R","$","E","T","$","R","?","R","M","R","B",null,"M","$","?","M","?","R","M","E","T","R","M","E","?","M","R"],"character_chosen":"IRONCLAD","items_purchased":["Shrug It Off","Power Through"],"campfire_rested":1,"item_purchase_floors":[4,19],"current_hp_per_floor":[78,80,80,80,64,64,64,54,61,61,61,61,61,67,67,86,87,85,85,77,69,69,69,69,75,75,75,70,28,28,23,49,0],"gold":91,"neow_bonus":"THREE_ENEMY_KILL","is_prod":false,"is_daily":false,"chose_seed":false,"campfire_upgraded":6,"win_rate":0,"timestamp":1532098462,"path_taken":["M","M","M","$","M","R","?","E","T","$","R","?","R","M","R","BOSS","M","$","?","M","?","R","M","E","T","R","M","E","?","?","R","BOSS"],"build_version":"2018-07-12","purchased_purges":3,"victory":false,"max_hp_per_floor":[80,80,80,80,80,80,80,80,87,87,87,87,87,87,87,87,87,87,87,87,87,87,87,87,87,87,87,87,87,87,87,87,87],"card_choices":[{"not_picked":["Flex","Havoc"],"picked":"Dropkick","floor":1},{"not_picked":["Evolve","Body Slam"],"picked":"Pummel","floor":2},{"not_picked":["Iron Wave","Clothesline"],"picked":"Whirlwind","floor":3},{"not_picked":["Body Slam","Hemokinesis"],"picked":"Cleave","floor":5},{"not_picked":["Sword Boomerang","Pummel"],"picked":"Immolate","floor":8},{"not_picked":["Havoc","Entrench","Wild Strike"],"picked":"SKIP","floor":14},{"not_picked":["Exhume","Barricade"],"picked":"Immolate","floor":16},{"not_picked":["Armaments"],"picked":"SKIP","floor":18},{"not_picked":["Pommel Strike"],"picked":"SKIP","floor":21},{"not_picked":["Armaments+1"],"picked":"SKIP","floor":24},{"not_picked":[],"picked":"Havoc","floor":25},{"not_picked":[],"picked":"Headbutt","floor":28},{"not_picked":["Clash"],"picked":"SKIP","floor":29},{"not_picked":["Sentinel"],"picked":"SKIP","floor":31}],"player_experience":1184246,"relics_obtained":[{"floor":8,"key":"Mummified Hand"},{"floor":9,"key":"Strawberry"},{"floor":25,"key":"War Paint"},{"floor":26,"key":"Letter Opener"},{"floor":29,"key":"Orichalcum"}],"event_choices":[{"event_name":"Upgrade Shrine","player_choice":"Upgraded","floor":12,"damage_taken":0},{"event_name":"Knowing Skull","player_choice":"","floor":20,"damage_taken":0},{"event_name":"The Mausoleum","player_choice":"Yes","floor":22,"damage_taken":0},{"event_name":"The Woman in Blue","player_choice":"Bought 2 Potions","floor":30,"damage_taken":0}],"boss_relics":[{"not_picked":["Pandora\u0027s Box","Runic Pyramid"],"picked":"Busted Crown"}],"items_purged_floors":[4,10,19],"is_endless":false,"potions_floor_spawned":[5,14,21,28,29,31],"killed_by":"Collector","ascension_level":7}