{"gold_per_floor":[114,130,146,166,176,176,206,206,229,240,240,251,265,265,265,365,365,365,365,365,345,355,355,367,367,390,25,25,40,139,149,149,149],"floor_reached":33,"playtime":1563,"items_purged":["Strike_B"],"score":253,"play_id":"af370cb3-5714-44dc-9f9b-2df3532ec80c","local_time":"20190110211607","is_ascension_mode":false,"campfire_choices":[{"data":"Streamline","floor":6,"key":"SMITH"},{"floor":8,"key":"REST"},{"floor":15,"key":"REST"},{"floor":23,"key":"REST"},{"data":"Capacitor","floor":25,"key":"SMITH"},{"data":"Beam Cell","floor":28,"key":"SMITH"},{"floor":32,"key":"REST"}],"neow_cost":"NONE","seed_source_timestamp":149449317627846,"circlet_count":0,"master_deck":["Strike_B","Strike_B","Strike_B","Defend_B","Defend_B","Defend_B","Defend_B","Zap","Dualcast+1","Streamline+1","Recycle+1","Loop","Conserve Battery","Conserve Battery","Consume","Cold Snap","Streamline","Compile Driver","Reboot","J.A.X.","Capacitor+1","Steam","Ball Lightning","Beam Cell+1","Chill+1","Ball Lightning+1"],"relics":["FrozenCore","Pen Nib","Omamori","War Paint","Bag of Marbles","Kunai"],"potions_floor_usage":[12,18,29,33],"damage_taken":[{"damage":3,"enemies":"Small Slimes","floor":1,"turns":2},{"damage":2,"enemies":"2 Louse","floor":2,"turns":3},{"damage":6,"enemies":"Cultist","floor":3,"turns":3},{"damage":12,"enemies":"Blue Slaver","floor":4,"turns":2},{"damage":2,"enemies":"2 Fungi Beasts","floor":5,"turns":3},{"damage":37,"enemies":"3 Sentries","floor":7,"turns":11},{"damage":10,"enemies":"Looter","floor":10,"turns":2},{"damage":0,"enemies":"Gremlin Gang","floor":12,"turns":3},{"damage":5,"enemies":"Large Slime","floor":13,"turns":4},{"damage":6,"enemies":"Slime Boss","floor":16,"turns":10},{"damage":0,"enemies":"3 Byrds","floor":18,"turns":1},{"damage":30,"enemies":"2 Thieves","floor":21,"turns":4},{"damage":8,"enemies":"Chosen and Byrds","floor":22,"turns":8},{"damage":19,"enemies":"Snake Plant","floor":24,"turns":6},{"damage":3,"enemies":"Snecko","floor":29,"turns":6},{"damage":19,"enemies":"Sentry and Sphere","floor":31,"turns":8},{"damage":50,"enemies":"Collector","floor":33,"turns":7}],"seed_played":"1976162270838001329","potions_obtained":[{"floor":4,"key":"SmokeBomb"},{"floor":5,"key":"Ancient Potion"},{"floor":7,"key":"Fire Potion"},{"floor":13,"key":"SpeedPotion"},{"floor":21,"key":"Explosive Potion"},{"floor":29,"key":"FearPotion"}],"is_trial":false,"path_per_floor":["M","M","M","M","M","R","E","R","T","M","?","M","M","?","R","B",null,"M","?","?","M","M","R","M","R","T","$","R","M","?","M","R","B"],"character_chosen":"DEFECT","items_purchased":["Kunai","Beam Cell"],"campfire_rested":4,"item_purchase_floors":[27,27],"current_hp_per_floor":[72,70,64,52,50,50,13,35,35,25,25,25,20,13,35,29,75,75,75,75,45,37,59,40,40,40,40,40,37,37,18,40,0],"gold":149,"neow_bonus":"RANDOM_COMMON_RELIC","is_prod":false,"is_daily":false,"chose_seed":false,"campfire_upgraded":3,"win_rate":0,"timestamp":1547172967,"path_taken":["M","M","M","M","M","R","E","R","T","M","?","M","M","?","R","BOSS","M","?","?","M","M","R","M","R","T","$","R","M","?","M","R","BOSS"],"build_version":"2019-01-03v4","purchased_purges":1,"victory":false,"max_hp_per_floor":[75,75,75,75,75,75,75,75,75,75,75,75,75,75,75,75,75,75,75,75,75,75,75,75,75,75,75,75,75,75,75,75,75],"card_choices":[{"not_picked":["Cold Snap","Barrage"],"picked":"Streamline","floor":1},{"not_picked":["Conserve Battery","Sweeping Beam"],"picked":"Recycle","floor":2},{"not_picked":["Rebound","Steam Power"],"picked":"Loop","floor":3},{"not_picked":["Stack","Meteor Strike"],"picked":"Conserve Battery","floor":4},{"not_picked":["Turbo","Barrage"],"picked":"Conserve Battery","floor":5},{"not_picked":["Turbo","Conserve Battery"],"picked":"Consume","floor":7},{"not_picked":["Compile Driver","Thunder Strike"],"picked":"Cold Snap","floor":10},{"not_picked":["Hologram","Skim"],"picked":"Streamline","floor":12},{"not_picked":["Heatsinks","Chaos"],"picked":"Compile Driver","floor":13},{"not_picked":["Multi-Cast","Seek"],"picked":"Reboot","floor":16},{"not_picked":["Hologram","Stack"],"picked":"Capacitor","floor":21},{"not_picked":["Go for the Eyes","Compile Driver"],"picked":"Steam","floor":22},{"not_picked":["Turbo+1","Hologram"],"picked":"Ball Lightning","floor":24},{"not_picked":["Meteor Strike","Turbo+1"],"picked":"Chill+1","floor":29},{"not_picked":["Hologram","Leap"],"picked":"Ball Lightning+1","floor":31}],"player_experience":2063867,"relics_obtained":[{"floor":7,"key":"Omamori"},{"floor":9,"key":"War Paint"},{"floor":26,"key":"Bag of Marbles"}],"event_choices":[{"damage_healed":0,"gold_gain":0,"player_choice":"Ignored","damage_taken":0,"max_hp_gain":0,"max_hp_loss":0,"event_name":"Liars Game","floor":11,"gold_loss":0},{"damage_healed":0,"gold_gain":0,"player_choice":"Fled","damage_taken":7,"max_hp_gain":0,"max_hp_loss":0,"event_name":"Scrap Ooze","floor":14,"gold_loss":0},{"damage_healed":0,"gold_gain":0,"player_choice":"Obtain J.A.X.","damage_taken":0,"max_hp_gain":0,"max_hp_loss":0,"event_name":"Drug Dealer","floor":19,"gold_loss":0,"cards_obtained":["J.A.X."]},{"damage_healed":0,"gold_gain":0,"player_choice":"Ignored","damage_taken":0,"max_hp_gain":0,"max_hp_loss":0,"event_name":"Vampires","floor":20,"gold_loss":0},{"damage_healed":0,"gold_gain":99,"player_choice":"Stole From Cult","damage_taken":0,"max_hp_gain":0,"max_hp_loss":0,"event_name":"Nest","floor":30,"gold_loss":0}],"is_beta":false,"boss_relics":[{"not_picked":["Tiny House","Snecko Eye"],"picked":"FrozenCore"}],"items_purged_floors":[27],"is_endless":false,"potions_floor_spawned":[4,5,7,13,18,21,29],"killed_by":"Collector","ascension_level":0}