{"gold_per_floor":[110,260,260,36,54,84,84,115,115,115,115,45,63,63,63,63],"floor_reached":16,"playtime":674,"items_purged":["Doubt"],"score":186,"play_id":"ca9a346b-b2cf-4d43-8de5-9914424cf09e","local_time":"20180710140754","is_ascension_mode":true,"campfire_choices":[{"floor":7,"key":"REST"},{"data":"Neutralize","floor":10,"key":"SMITH"},{"data":"Malaise","floor":15,"key":"SMITH"}],"neow_cost":"NONE","seed_source_timestamp":248916348799604,"circlet_count":0,"master_deck":["Defend_G","Defend_G","Defend_G","Defend_G","Defend_G","Strike_G","Strike_G","Strike_G","Strike_G","Strike_G","Survivor","Neutralize+1","AscendersBane","Sucker Punch","Dagger Throw","Dash","Infinite Blades","PiercingWail","Backstab","Malaise+1"],"relics":["Ring of the Snake","Anchor","Centennial Puzzle","Dodecahedron","Turnip"],"potions_floor_usage":[16,16],"damage_taken":[{"damage":0,"enemies":"2 Louse","floor":1,"turns":4},{"damage":0,"enemies":"Jaw Worm","floor":5,"turns":5},{"damage":41,"enemies":"Gremlin Nob","floor":6,"turns":6},{"damage":18,"enemies":"3 Sentries","floor":8,"turns":9},{"damage":0,"enemies":"Small Slimes","floor":13,"turns":3},{"damage":38,"enemies":"Hexaghost","floor":16,"turns":18}],"seed_played":"-7146200267808312660","potions_obtained":[{"floor":1,"key":"Regen Potion"},{"floor":5,"key":"SpeedPotion"}],"is_trial":false,"path_per_floor":["M","?","?","$","M","E","R","E","T","R","$","?","M","?","R"],"character_chosen":"THE_SILENT","items_purchased":["Dash","Infinite Blades"],"campfire_rested":1,"item_purchase_floors":[4,4],"current_hp_per_floor":[59,59,64,64,64,23,44,26,26,26,26,26,26,26,26,0],"gold":63,"neow_bonus":"THREE_CARDS","is_prod":false,"is_daily":false,"chose_seed":false,"campfire_upgraded":2,"win_rate":0,"timestamp":1531224474,"path_taken":["M","?","?","$","M","E","R","E","T","R","?","?","?","?","R","BOSS"],"build_version":"2018-07-05","purchased_purges":1,"victory":false,"max_hp_per_floor":[66,66,71,71,71,71,71,71,71,71,71,71,71,71,71,71],"card_choices":[{"not_picked":["Quick Slash","Backflip"],"picked":"Sucker Punch","floor":0},{"not_picked":["Masterful Stab","Backflip"],"picked":"Dagger Throw","floor":1},{"not_picked":["Flying Knee","Outmaneuver"],"picked":"PiercingWail","floor":5},{"not_picked":["Heel Hook","Flying Knee","Reflex"],"picked":"SKIP","floor":6},{"not_picked":["Bane","Quick Slash"],"picked":"Backstab","floor":8},{"not_picked":["Deadly Poison","Night Terror"],"picked":"Malaise","floor":13}],"player_experience":1013945,"relics_obtained":[{"floor":6,"key":"Anchor"},{"floor":8,"key":"Centennial Puzzle"},{"floor":9,"key":"Dodecahedron"}],"event_choices":[{"event_name":"Liars Game","player_choice":"agreed","floor":2,"damage_taken":0},{"event_name":"Big Fish","player_choice":"Donut","floor":3,"damage_taken":0},{"event_name":"World of Goop","player_choice":"Left","floor":12,"damage_taken":0},{"event_name":"Wheel of Change","player_choice":"Relic","floor":14,"damage_taken":0}],"boss_relics":[],"items_purged_floors":[4],"is_endless":false,"potions_floor_spawned":[1,5,13],"killed_by":"Hexaghost","ascension_level":15}