{"gold_per_floor":[112,112,122,45,64,99,99,99,122,122,137,137,107,127,127,222,222,222],"floor_reached":18,"playtime":785,"items_purged":[],"score":200,"play_id":"9476dace-b156-47e8-993b-49e94f09f9f2","local_time":"20181113144400","is_ascension_mode":true,"campfire_choices":[{"data":"Beam Cell","floor":7,"key":"SMITH"},{"floor":12,"key":"REST"},{"data":"Barrage","floor":15,"key":"SMITH"}],"neow_cost":"NONE","seed_source_timestamp":485816281084818,"circlet_count":0,"master_deck":["Zap","Dualcast","Beam Cell+1","Leap","Streamline","Heatsinks","Glacier","Force Field","Coolheaded","Conserve Battery","Chaos","Cold Snap","Defragment","Rebound","FTL","Decay","Streamline","Barrage+1","Biased Cognition"],"relics":["Pandora\u0027s Box","Bag of Marbles","Meat on the Bone","Orichalcum","Eternal Feather"],"potions_floor_usage":[],"damage_taken":[{"damage":0,"enemies":"Small Slimes","floor":1,"turns":5},{"damage":0,"enemies":"2 Louse","floor":3,"turns":3},{"damage":0,"enemies":"Cultist","floor":5,"turns":3},{"damage":13,"enemies":"Gremlin Nob","floor":6,"turns":5},{"damage":3,"enemies":"Large Slime","floor":11,"turns":5},{"damage":1,"enemies":"Looter","floor":13,"turns":4},{"damage":4,"enemies":"Gremlin Gang","floor":14,"turns":5},{"damage":4,"enemies":"The Guardian","floor":16,"turns":12},{"damage":1,"enemies":"3 Byrds","floor":18,"turns":2}],"seed_played":"-7471852169728971012","potions_obtained":[{"floor":14,"key":"SneckoOil"},{"floor":16,"key":"Poison Potion"}],"is_trial":false,"path_per_floor":["M","?","M","$","M","E","R","?","T","?","M","R","M","M","R","B",null,"M"],"character_chosen":"DEFECT","items_purchased":["Defragment"],"campfire_rested":1,"item_purchase_floors":[4],"current_hp_per_floor":[75,80,80,80,80,67,67,55,55,55,52,76,75,71,71,67,77,76],"gold":222,"neow_bonus":"BOSS_RELIC","is_prod":false,"is_daily":false,"chose_seed":false,"campfire_upgraded":2,"win_rate":0,"timestamp":1542141840,"path_taken":["M","?","M","$","M","E","R","?","T","?","M","R","M","?","R","BOSS","M"],"build_version":"2018-11-12","purchased_purges":0,"victory":false,"max_hp_per_floor":[75,80,80,80,80,80,80,80,80,80,80,80,80,80,80,80,80,80],"card_choices":[{"not_picked":["Leap","Coolheaded"],"picked":"Chaos","floor":1},{"not_picked":["Gash","Sweeping Beam"],"picked":"Cold Snap","floor":3},{"not_picked":["Gash","Hologram"],"picked":"Rebound","floor":5},{"not_picked":["Barrage","Force Field"],"picked":"FTL","floor":6},{"not_picked":["Hologram","Leap","Steam Power"],"picked":"SKIP","floor":11},{"not_picked":["Rebound","Compile Driver"],"picked":"Streamline","floor":13},{"not_picked":["Coolheaded","Chaos"],"picked":"Barrage","floor":14},{"not_picked":["All For One","Meteor Strike"],"picked":"Biased Cognition","floor":16}],"player_experience":535498,"relics_obtained":[{"floor":6,"key":"Bag of Marbles"},{"floor":9,"key":"Orichalcum"}],"event_choices":[{"damage_healed":0,"gold_gain":0,"player_choice":"Donut","damage_taken":0,"max_hp_gain":5,"max_hp_loss":0,"event_name":"Big Fish","floor":2,"gold_loss":0},{"damage_healed":0,"gold_gain":0,"player_choice":"Success","damage_taken":12,"relics_obtained":["Meat on the Bone"],"max_hp_gain":0,"max_hp_loss":0,"event_name":"Scrap Ooze","floor":8,"gold_loss":0},{"damage_healed":0,"gold_gain":0,"player_choice":"Cursed","damage_taken":0,"max_hp_gain":0,"max_hp_loss":0,"event_name":"Wheel of Change","floor":10,"gold_loss":0,"cards_obtained":["Decay"]}],"is_beta":true,"boss_relics":[{"not_picked":["Ectoplasm","Fusion Hammer"],"picked":"Eternal Feather"}],"items_purged_floors":[],"is_endless":false,"potions_floor_spawned":[14,16],"killed_by":"3 Byrds","ascension_level":5}