{"path_per_floor":["M","?","M","T","M","R","M","R","T","$","M","R","?","?","R","B",null,"M","$","?","?","M","R","?"],"character_chosen":"DEFECT","items_purchased":["FocusPotion","Static Discharge"],"gold_per_floor":[109,109,121,168,185,185,204,204,229,82,97,97,57,57,57,152,152,172,38,138,338,353,353,353,353],"floor_reached":25,"campfire_rested":2,"playtime":1448,"item_purchase_floors":[10,19],"current_hp_per_floor":[63,63,63,63,62,62,52,52,52,52,52,74,74,74,74,60,75,42,42,42,42,10,32,16,0],"items_purged":["Strike_B","Strike_B"],"gold":353,"score":227,"play_id":"7219af79-14d6-498e-993d-44d4e03fa751","local_time":"20180615153002","is_prod":false,"is_daily":false,"chose_seed":false,"is_ascension_mode":true,"campfire_upgraded":3,"win_rate":0,"timestamp":1529091002,"campfire_choices":[{"data":"Redo","floor":6,"key":"SMITH"},{"data":"Conserve Battery","floor":8,"key":"SMITH"},{"floor":12,"key":"REST"},{"data":"Doom and Gloom","floor":15,"key":"SMITH"},{"floor":23,"key":"REST"}],"path_taken":["M","?","?","?","M","R","M","R","T","$","M","R","?","?","R","BOSS","M","$","?","?","M","R","?","M"],"build_version":"2018-06-14v2","seed_source_timestamp":128907372507749,"purchased_purges":2,"victory":false,"master_deck":["Strike_B","Defend_B+1","Defend_B","Defend_B","Defend_B","Zap","Dualcast+1","Redo+1","Doom and Gloom","Conserve Battery+1","Coolheaded","Doom and Gloom+1","Loop+1","Creative AI","Static Discharge","Self Repair"],"max_hp_per_floor":[75,75,75,75,75,75,75,75,75,75,75,75,75,75,75,75,75,75,75,75,75,75,75,75,75],"relics":["Cracked Core","Potion Belt","Juzu Bracelet","War Paint","Black Star","Enchiridion"],"card_choices":[{"not_picked":["Hologram","Streamline"],"picked":"Redo","floor":1},{"not_picked":["Tempest","Rebound"],"picked":"Conserve Battery","floor":3},{"not_picked":["Redo","Leap"],"picked":"Coolheaded","floor":5},{"not_picked":["Hologram","Conserve Battery"],"picked":"Doom and Gloom","floor":7},{"not_picked":["Sunder","Core Surge"],"picked":"Loop","floor":11},{"not_picked":["Biased Cognition","Electrodynamics"],"picked":"Creative AI","floor":16},{"not_picked":["Reinforced Body+1","Stack","Lockon+1"],"picked":"SKIP","floor":18},{"not_picked":["Rip and Tear","Barrage"],"picked":"Self Repair","floor":22}],"player_experience":588037,"potions_floor_usage":[16,16],"damage_taken":[{"damage":12,"enemies":"Jaw Worm","floor":1,"turns":3},{"damage":0,"enemies":"Cultist","floor":3,"turns":2},{"damage":1,"enemies":"2 Louse","floor":5,"turns":2},{"damage":10,"enemies":"2 Fungi Beasts","floor":7,"turns":2},{"damage":0,"enemies":"Blue Slaver","floor":11,"turns":2},{"damage":14,"enemies":"The Guardian","floor":16,"turns":6},{"damage":33,"enemies":"3 Byrds","floor":18,"turns":4},{"damage":32,"enemies":"Shell Parasite","floor":22,"turns":5},{"damage":17,"enemies":"Snake Plant","floor":25,"turns":2}],"relics_obtained":[{"floor":4,"key":"Juzu Bracelet"},{"floor":9,"key":"War Paint"},{"floor":24,"key":"Enchiridion"}],"event_choices":[{"event_name":"Transmorgrifier","player_choice":"Transform","floor":2,"damage_taken":0},{"event_name":"World of Goop","player_choice":"Left","floor":13,"damage_taken":0},{"event_name":"Living Wall","player_choice":"Grow","floor":14,"damage_taken":0},{"event_name":"Golden Shrine","player_choice":"Pray","floor":20,"damage_taken":0},{"event_name":"Wheel of Change","player_choice":"Gold","floor":21,"damage_taken":0},{"event_name":"Cursed Tome","player_choice":"Obtained Book","floor":24,"damage_taken":0}],"boss_relics":[{"not_picked":["Busted Crown","Ectoplasm"],"picked":"Black Star"}],"items_purged_floors":[10,19],"is_endless":false,"potions_floor_spawned":[3,7,18],"seed_played":"8229138213137511487","killed_by":"Snake Plant","ascension_level":4,"potions_obtained":[{"floor":3,"key":"Strength Potion"},{"floor":7,"key":"SpeedPotion"},{"floor":18,"key":"Swift Potion"}],"is_trial":false}