{"gold_per_floor":[109,128,228,107,124,124,136,166,166,185,201,201,221,240,240,338,338,358,39,39,49,67,67,0,0,25,25,43,71,71,86,86,186,186,200,214,229,229,72,72,88,105,176,276,103,156,156,156,156,156],"floor_reached":51,"playtime":7944,"items_purged":["Defend_B","Strike_B"],"score":721,"play_id":"7f47902b-f61a-433b-84b0-d554dc42381b","local_time":"20190103221057","is_ascension_mode":false,"campfire_choices":[{"data":"Zap","floor":6,"key":"SMITH"},{"data":"Capacitor","floor":12,"key":"SMITH"},{"data":"Defragment","floor":15,"key":"SMITH"},{"data":"Defragment","floor":23,"key":"SMITH"},{"floor":27,"key":"REST"},{"floor":30,"key":"REST"},{"floor":32,"key":"REST"},{"data":"Chill","floor":40,"key":"SMITH"},{"floor":47,"key":"REST"},{"data":"FTL","floor":49,"key":"SMITH"}],"neow_cost":"NONE","seed_source_timestamp":1155513326785538,"circlet_count":0,"master_deck":["Strike_B","Defend_B","Defend_B","Zap+1","Dualcast","Coolheaded","Cold Snap","FTL+1","Steam","Chill+1","Skim","Capacitor+1","Defragment+1","Defragment+1","Biased Cognition","Barrage+1","White Noise","Steam","FTL","Forethought","Steam","Aggregate","Aggregate","FTL+1","Biased Cognition","Reboot+1","Biased Cognition+1","BootSequence+1","Barrage+1","Glacier+1","Steam+1","FTL","White Noise","Defragment+1","FTL"],"relics":["Cracked Core","Oddly Smooth Stone","Happy Flower","Matryoshka","Inserter","Bronze Scales","Potion Belt","Ancient Tea Set","Mercury Hourglass","Astrolabe","Orichalcum","Gremlin Horn","Incense Burner","Calipers"],"potions_floor_usage":[16,16,16,21,29,29,33,36,46,50],"damage_taken":[{"damage":1,"enemies":"Jaw Worm","floor":1,"turns":3},{"damage":0,"enemies":"Cultist","floor":2,"turns":3},{"damage":0,"enemies":"Small Slimes","floor":5,"turns":3},{"damage":3,"enemies":"Gremlin Gang","floor":7,"turns":6},{"damage":0,"enemies":"3 Sentries","floor":8,"turns":9},{"damage":0,"enemies":"3 Louse","floor":10,"turns":4},{"damage":15,"enemies":"Large Slime","floor":11,"turns":6},{"damage":3,"enemies":"Lots of Slimes","floor":13,"turns":4},{"damage":0,"enemies":"2 Fungi Beasts","floor":14,"turns":3},{"damage":20,"enemies":"Hexaghost","floor":16,"turns":12},{"damage":23,"enemies":"Chosen","floor":18,"turns":5},{"damage":6,"enemies":"Shell Parasite","floor":21,"turns":5},{"damage":8,"enemies":"Snecko","floor":22,"turns":5},{"damage":16,"enemies":"Colosseum Slavers","floor":25,"turns":4},{"damage":12,"enemies":"Snake Plant","floor":28,"turns":4},{"damage":14,"enemies":"Slavers","floor":29,"turns":5},{"damage":20,"enemies":"Centurion and Healer","floor":31,"turns":4},{"damage":11,"enemies":"Automaton","floor":33,"turns":7},{"damage":0,"enemies":"3 Shapes","floor":35,"turns":3},{"damage":13,"enemies":"Orb Walker","floor":36,"turns":3},{"damage":27,"enemies":"Sphere and 2 Shapes","floor":37,"turns":4},{"damage":16,"enemies":"Jaw Worm Horde","floor":41,"turns":4},{"damage":0,"enemies":"Spire Growth","floor":42,"turns":5},{"damage":0,"enemies":"Mind Bloom Boss Battle","floor":44,"turns":4},{"damage":0,"enemies":"2 Orb Walkers","floor":46,"turns":5},{"damage":1,"enemies":"Donu and Deca","floor":50,"turns":10}],"seed_played":"-3963506268923967507","potions_obtained":[{"floor":2,"key":"Regen Potion"},{"floor":8,"key":"Strength Potion"},{"floor":10,"key":"SneckoOil"},{"floor":14,"key":"Swift Potion"},{"floor":16,"key":"Strength Potion"},{"floor":18,"key":"EssenceOfSteel"},{"floor":28,"key":"Dexterity Potion"},{"floor":31,"key":"FocusPotion"},{"floor":35,"key":"SpeedPotion"},{"floor":41,"key":"EssenceOfSteel"},{"floor":42,"key":"Swift Potion"},{"floor":46,"key":"Dexterity Potion"}],"is_trial":false,"path_per_floor":["M","M","?","$","M","R","M","E","T","M","M","R","M","M","R","B",null,"M","$","?","M","M","R","?","?","T","R","M","E","R","M","R","B",null,"M","M","M","?","$","R","M","M","T","?","$","?","R","?","R","B",null],"character_chosen":"DEFECT","items_purchased":["FTL","Steam","White Noise","Steam","Bronze Scales","FTL","White Noise","FTL"],"campfire_rested":4,"item_purchase_floors":[4,4,19,19,19,19,39,45],"current_hp_per_floor":[74,74,74,74,74,74,71,71,71,71,56,56,53,53,53,48,75,52,52,38,32,24,24,24,8,8,30,18,4,26,6,28,17,75,75,62,35,35,35,35,19,19,19,19,19,19,41,75,75,74],"gold":156,"neow_bonus":"RANDOM_COMMON_RELIC","is_prod":false,"is_daily":false,"chose_seed":false,"campfire_upgraded":6,"win_rate":0.0,"timestamp":1546582257,"path_taken":["M","M","?","$","M","R","M","E","T","M","?","R","M","M","R","BOSS","M","$","?","?","M","R","?","?","T","R","M","E","R","M","R","BOSS","M","M","M","?","$","R","?","M","T","?","$","?","R","?","R","BOSS"],"build_version":"2019-01-03v2","purchased_purges":2,"victory":true,"max_hp_per_floor":[75,75,75,75,75,75,75,75,75,75,75,75,75,75,75,75,75,75,75,75,75,75,75,75,75,75,75,75,75,75,75,75,75,75,75,75,75,75,75,75,75,75,75,75,75,75,75,75,75,75],"card_choices":[{"not_picked":["Barrage","Consume"],"picked":"Coolheaded","floor":1},{"not_picked":["Redo","Go for the Eyes"],"picked":"Cold Snap","floor":2},{"not_picked":["Storm","Reinforced Body"],"picked":"Chill","floor":5},{"not_picked":["Beam Cell","Consume","Gash"],"picked":"SKIP","floor":7},{"not_picked":["Doom and Gloom","Consume"],"picked":"Lockon","floor":8},{"not_picked":["Fusion","Rip and Tear"],"picked":"Skim","floor":10},{"not_picked":["Sweeping Beam","Double Energy"],"picked":"Capacitor","floor":11},{"not_picked":["Streamline","Redo"],"picked":"Defragment","floor":13},{"not_picked":["Lockon","Doom and Gloom"],"picked":"Defragment","floor":14},{"not_picked":["Rainbow","All For One"],"picked":"Biased Cognition","floor":16},{"not_picked":["Redo+1","Compile Driver"],"picked":"Barrage+1","floor":18},{"not_picked":["Cold Snap","Leap"],"picked":"Fusion+1","floor":21},{"not_picked":["Steam Power","Beam Cell","Gash"],"picked":"SKIP","floor":22},{"not_picked":["Conserve Battery","Scrape"],"picked":"Steam","floor":28},{"not_picked":["Hologram","Stack+1"],"picked":"Aggregate","floor":29},{"not_picked":["Hologram","Stack+1"],"picked":"Aggregate","floor":29},{"not_picked":["Sweeping Beam","Cold Snap"],"picked":"FTL+1","floor":31},{"not_picked":["Thunder Strike","Fission"],"picked":"Biased Cognition","floor":33},{"not_picked":["Compile Driver","Fusion"],"picked":"Barrage+1","floor":35},{"not_picked":["Lockon","Stack+1"],"picked":"Glacier+1","floor":36},{"not_picked":["Defragment","Chaos"],"picked":"Steam+1","floor":37},{"not_picked":["Conserve Battery+1","Ball Lightning+1","Redo+1"],"picked":"SKIP","floor":41},{"not_picked":["Go for the Eyes+1","Sweeping Beam+1"],"picked":"Defragment+1","floor":42}],"player_experience":20824,"relics_obtained":[{"floor":8,"key":"Happy Flower"},{"floor":9,"key":"Matryoshka"},{"floor":26,"key":"Potion Belt"},{"floor":26,"key":"Ancient Tea Set"},{"floor":29,"key":"Mercury Hourglass"},{"floor":43,"key":"Orichalcum"},{"floor":43,"key":"Gremlin Horn"},{"floor":44,"key":"Incense Burner"},{"floor":46,"key":"Calipers"}],"event_choices":[{"damage_healed":0,"gold_gain":100,"player_choice":"Pray","damage_taken":0,"max_hp_gain":0,"max_hp_loss":0,"event_name":"Golden Shrine","floor":3,"gold_loss":0},{"damage_healed":0,"gold_gain":0,"player_choice":"CARD ","damage_taken":14,"max_hp_gain":0,"max_hp_loss":0,"event_name":"Knowing Skull","floor":20,"potions_obtained":[],"gold_loss":0,"cards_obtained":["Forethought"]},{"damage_healed":0,"gold_gain":0,"player_choice":"Paid Fearfully","damage_taken":0,"max_hp_gain":0,"max_hp_loss":0,"event_name":"Masked Bandits","floor":24,"gold_loss":67},{"damage_healed":0,"gold_gain":0,"player_choice":"Fight","damage_taken":0,"max_hp_gain":0,"max_hp_loss":0,"event_name":"Colosseum","floor":25,"gold_loss":0},{"damage_healed":0,"gold_gain":0,"player_choice":"Fled From Nobs","damage_taken":0,"max_hp_gain":0,"max_hp_loss":0,"event_name":"Colosseum","floor":25,"gold_loss":0},{"damage_healed":0,"gold_gain":0,"cards_transformed":["Strike_B"],"player_choice":"Transformed","damage_taken":0,"max_hp_gain":0,"max_hp_loss":0,"event_name":"Transmorgrifier","floor":38,"gold_loss":0,"cards_obtained":["FTL"]},{"damage_healed":0,"gold_gain":0,"player_choice":"Fight","damage_taken":0,"max_hp_gain":0,"max_hp_loss":0,"event_name":"MindBloom","floor":44,"gold_loss":0},{"damage_healed":0,"gold_gain":0,"player_choice":"Fight","damage_taken":0,"max_hp_gain":0,"max_hp_loss":0,"event_name":"Mysterious Sphere","floor":46,"gold_loss":0},{"cards_removed":["Lockon"],"damage_healed":34,"gold_gain":0,"player_choice":"Offered Uncommon","damage_taken":0,"max_hp_gain":0,"max_hp_loss":0,"event_name":"Bonfire Elementals","floor":48,"gold_loss":0}],"is_beta":false,"boss_relics":[{"not_picked":["Empty Cage","Sozu"],"picked":"Inserter"},{"not_picked":["Runic Dome","Coffee Dripper"],"picked":"Astrolabe"}],"items_purged_floors":[39,45],"is_endless":false,"potions_floor_spawned":[2,8,10,14,16,18,28,31,35,41,42,46],"ascension_level":0}