{"gold_per_floor":[14,34,45,45,45,45,74,74,74,74,86,106,106,120,120,120],"floor_reached":16,"playtime":1961,"items_purged":[],"score":179,"play_id":"24e0c79c-7a8f-49ff-9ad3-8a468417ffd3","local_time":"20180706163748","is_ascension_mode":true,"campfire_choices":[{"data":"Clothesline","floor":6.0,"key":"SMITH"},{"data":"Havoc","floor":8.0,"key":"SMITH"},{"data":"Power Through","floor":10.0,"key":"SMITH"},{"data":"Ghostly Armor","floor":13.0,"key":"SMITH"},{"floor":15.0,"key":"REST"}],"neow_cost":"","seed_source_timestamp":55096487607974,"circlet_count":0,"master_deck":["Strike_R","Strike_R","Strike_R","Defend_R","Defend_R","Defend_R","Defend_R","Bash","AscendersBane","Clothesline+1","Havoc+1","Power Through+1","Ghostly Armor+1","Offering+1","Ghostly Armor+1"],"special_seed":0,"relics":["Burning Blood","Shuriken","Toxic Egg 2"],"potions_floor_usage":[16],"damage_taken":[{"damage":12.0,"enemies":"Jaw Worm","floor":1.0,"turns":6.0},{"damage":3.0,"enemies":"Cultist","floor":2.0,"turns":4.0},{"damage":12.0,"enemies":"Small Slimes","floor":3.0,"turns":4.0},{"damage":39.0,"enemies":"Lagavulin","floor":7.0,"turns":10.0},{"damage":4.0,"enemies":"2 Fungi Beasts","floor":11.0,"turns":4.0},{"damage":4.0,"enemies":"3 Louse","floor":12.0,"turns":4.0},{"damage":5.0,"enemies":"Exordium Wildlife","floor":14.0,"turns":5.0},{"damage":64,"enemies":"The Guardian","floor":16,"turns":26}],"seed_played":"3183654759314946718","potions_obtained":[{"floor":3.0,"key":"GamblersBrew"},{"floor":7.0,"key":"Weak Potion"},{"floor":11.0,"key":"Dexterity Potion"}],"is_trial":false,"path_per_floor":["M","M","M","?","?","R","E","R","T","R","M","M","R","M","R"],"character_chosen":"IRONCLAD","items_purchased":[],"campfire_rested":1,"item_purchase_floors":[],"current_hp_per_floor":[76,79,73,73,66,66,33,33,33,33,35,37,37,38,64,0],"gold":120,"neow_bonus":"","is_prod":false,"is_daily":false,"chose_seed":false,"campfire_upgraded":4,"win_rate":0,"timestamp":1530887868,"path_taken":["M","M","M","?","?","R","E","R","T","R","?","M","R","M","R","BOSS"],"build_version":"2018-07-05","purchased_purges":0,"victory":false,"max_hp_per_floor":[89,89,89,89,89,89,89,89,89,89,89,89,89,89,89,89],"card_choices":[{"not_picked":["Body Slam","Iron Wave"],"picked":"Clothesline","floor":1.0},{"not_picked":["Evolve","Sever Soul"],"picked":"Havoc","floor":2.0},{"not_picked":["Iron Wave","Havoc"],"picked":"Power Through","floor":3.0},{"not_picked":["Heavy Blade","Blood for Blood"],"picked":"Ghostly Armor","floor":7.0},{"not_picked":["Second Wind+1","Headbutt"],"picked":"Offering+1","floor":11.0},{"not_picked":["Bloodletting+1","Burning Pact+1"],"picked":"Ghostly Armor+1","floor":12.0},{"not_picked":["Perfected Strike","Rupture","Cleave"],"picked":"SKIP","floor":14.0}],"player_experience":281983,"relics_obtained":[{"floor":7.0,"key":"Shuriken"},{"floor":9.0,"key":"Toxic Egg 2"}],"event_choices":[{"event_name":"Bonfire Elementals","player_choice":"BASIC","floor":4.0,"damage_taken":0.0},{"event_name":"Golden Wing","player_choice":"Card Removal","floor":5.0,"damage_taken":0.0}],"boss_relics":[],"items_purged_floors":[],"is_endless":false,"potions_floor_spawned":[3,7,11],"killed_by":"The Guardian","ascension_level":15}