{"gold_per_floor":[112,36,36,3,3,3,19,51,51,51,84,104,104,119,119,195,195,208,208,219,219,232,232,232],"floor_reached":24,"playtime":959,"items_purged":[],"score":401,"play_id":"81a2a307-37df-49e5-b218-9c1fc1d6d5af","local_time":"20180907105300","is_ascension_mode":true,"campfire_choices":[{"data":"Zap","floor":6,"key":"SMITH"},{"data":"Dualcast","floor":10,"key":"SMITH"},{"floor":13,"key":"REST"},{"data":"Defragment","floor":15,"key":"SMITH"},{"floor":23,"key":"REST"}],"neow_cost":"NONE","seed_source_timestamp":1507221443825425,"circlet_count":0,"master_deck":["Strike_B","Defend_B","Defend_B","Defend_B","Defend_B","Zap+1","Dualcast+1","AscendersBane","Cold Snap","Defragment","Defragment+1","Go for the Eyes","Chill","All For One","Cold Snap","Machine Learning","Aggregate+1","White Noise+1","Steam Power+1","Shame","Cold Snap+1","Writhe","Steam"],"relics":["Cracked Core","NeowsBlessing","Shuriken","Smiling Mask","Vajra","Astrolabe","Happy Flower","Bag of Marbles"],"potions_floor_usage":[16,16,16,16],"damage_taken":[{"damage":0,"enemies":"Small Slimes","floor":1,"turns":1},{"damage":0,"enemies":"Jaw Worm","floor":7,"turns":1},{"damage":0,"enemies":"3 Sentries","floor":8,"turns":1},{"damage":30,"enemies":"Gremlin Nob","floor":11,"turns":5},{"damage":0,"enemies":"2 Louse","floor":12,"turns":3},{"damage":5,"enemies":"Exordium Wildlife","floor":14,"turns":4},{"damage":20,"enemies":"Hexaghost","floor":16,"turns":9},{"damage":1,"enemies":"Shell Parasite","floor":18,"turns":7},{"damage":26,"enemies":"2 Thieves","floor":20,"turns":4},{"damage":12,"enemies":"Snecko","floor":22,"turns":5},{"damage":51,"enemies":"Book of Stabbing","floor":24,"turns":5}],"seed_played":"6447160889788392726","potions_obtained":[{"floor":8,"key":"Ancient Potion"},{"floor":11,"key":"Poison Potion"},{"floor":14,"key":"EntropicBrew"}],"is_trial":false,"path_per_floor":["M","$","?","$","?","R","M","E","T","R","E","M","R","M","R","B",null,"M","?","M","?","M","R"],"character_chosen":"DEFECT","items_purchased":["Defragment","Defragment"],"campfire_rested":2,"item_purchase_floors":[2,4],"current_hp_per_floor":[64,64,69,69,69,69,69,69,69,69,39,39,61,56,56,36,66,65,65,39,39,27,49,0],"gold":232,"neow_bonus":"THREE_ENEMY_KILL","is_prod":false,"is_daily":false,"chose_seed":false,"campfire_upgraded":3,"win_rate":0,"timestamp":1536331980,"path_taken":["M","$","?","$","?","R","M","E","T","R","E","M","R","M","R","BOSS","M","?","M","?","?","R","E"],"build_version":"2018-09-06","purchased_purges":0,"victory":false,"max_hp_per_floor":[71,71,76,76,76,76,76,76,76,76,76,76,76,76,76,76,76,76,76,76,76,76,76,76],"card_choices":[{"not_picked":["Streamline","Rebound"],"picked":"Cold Snap","floor":1},{"not_picked":["Turbo","Stack"],"picked":"Go for the Eyes","floor":7},{"not_picked":["Sunder","Redo"],"picked":"Chill","floor":8},{"not_picked":["Fusion","Recycle"],"picked":"All For One","floor":11},{"not_picked":["Melter","Ball Lightning"],"picked":"Cold Snap","floor":12},{"not_picked":["Double Energy","Heatsinks","Sweeping Beam"],"picked":"SKIP","floor":14},{"not_picked":["Thunder Strike","Biased Cognition"],"picked":"Machine Learning","floor":16},{"not_picked":["Rip and Tear","Double Energy","Melter"],"picked":"SKIP","floor":18},{"not_picked":["Rip and Tear","Compile Driver"],"picked":"Cold Snap+1","floor":20},{"not_picked":["Steam Power","Redo"],"picked":"Steam","floor":22}],"player_experience":1521116,"relics_obtained":[{"floor":8,"key":"Shuriken"},{"floor":9,"key":"Smiling Mask"},{"floor":11,"key":"Vajra"}],"event_choices":[{"event_name":"Big Fish","player_choice":"Donut","floor":3,"damage_taken":0},{"event_name":"Liars Game","player_choice":"disagreed","floor":5,"damage_taken":0},{"event_name":"Addict","player_choice":"Stole Relic","floor":19,"damage_taken":0},{"event_name":"The Mausoleum","player_choice":"Yes","floor":21,"damage_taken":0}],"is_beta":false,"boss_relics":[{"not_picked":["Calling Bell","Coffee Dripper"],"picked":"Astrolabe"}],"items_purged_floors":[],"is_endless":false,"potions_floor_spawned":[8,11,14],"killed_by":"Book of Stabbing","ascension_level":15}