{"gold_per_floor":[213,229,240,256,181,181,193,220,300,333,345,345,358,373,373,373],"floor_reached":16,"playtime":761,"items_purged":["Strike_G"],"score":203,"play_id":"f01417fc-939d-4b3e-87a9-dedd3f1fd922","local_time":"20180722161005","is_ascension_mode":true,"campfire_choices":[{"data":"Neutralize","floor":6,"key":"SMITH"},{"floor":12,"key":"REST"},{"data":"Finisher","floor":15,"key":"SMITH"}],"neow_cost":"NONE","seed_source_timestamp":1009291311994864,"circlet_count":0,"master_deck":["Defend_G","Defend_G","Defend_G","Defend_G","Defend_G","Strike_G","Strike_G","Strike_G","Strike_G","Survivor","Neutralize+1","AscendersBane","Dodge and Roll","Dagger Throw","Sucker Punch","Deflect","Flechettes","Skewer","Quick Slash","Finisher+1"],"relics":["Ring of the Snake","Calipers","Singing Bowl","Unceasing Top"],"potions_floor_usage":[4,10,11,16],"damage_taken":[{"damage":2,"enemies":"Cultist","floor":1,"turns":4},{"damage":0,"enemies":"2 Louse","floor":2,"turns":4},{"damage":1,"enemies":"Jaw Worm","floor":3,"turns":4},{"damage":4,"enemies":"Exordium Wildlife","floor":4,"turns":4},{"damage":0,"enemies":"Red Slaver","floor":7,"turns":6},{"damage":18,"enemies":"3 Sentries","floor":8,"turns":13},{"damage":15,"enemies":"Gremlin Nob","floor":10,"turns":4},{"damage":15,"enemies":"Gremlin Gang","floor":11,"turns":7},{"damage":10,"enemies":"3 Louse","floor":13,"turns":3},{"damage":1,"enemies":"2 Fungi Beasts","floor":14,"turns":4},{"damage":23,"enemies":"Hexaghost","floor":16,"turns":9}],"seed_played":"-4764298680448458756","potions_obtained":[{"floor":1,"key":"Explosive Potion"},{"floor":2,"key":"Poison Potion"},{"floor":10,"key":"Fruit Juice"},{"floor":11,"key":"Swift Potion"}],"is_trial":false,"path_per_floor":["M","M","M","M","$","R","M","E","T","E","M","R","M","M","R"],"character_chosen":"THE_SILENT","items_purchased":[],"campfire_rested":1,"item_purchase_floors":[],"current_hp_per_floor":[57,57,56,52,52,52,52,34,34,21,11,32,22,21,21,0],"gold":373,"neow_bonus":"HUNDRED_GOLD","is_prod":false,"is_daily":false,"chose_seed":false,"campfire_upgraded":2,"win_rate":0,"timestamp":1532268605,"path_taken":["M","?","M","M","$","R","M","E","T","E","M","R","M","M","R","BOSS"],"build_version":"2018-07-19v2","purchased_purges":1,"victory":false,"max_hp_per_floor":[66,66,66,66,66,66,66,66,66,68,73,73,73,73,73,73],"card_choices":[{"not_picked":["Terror","Eviscerate"],"picked":"Dodge and Roll","floor":1},{"not_picked":["Slice","PiercingWail"],"picked":"Dagger Throw","floor":2},{"not_picked":["Underhanded Strike","Quick Slash"],"picked":"Sucker Punch","floor":3},{"not_picked":["Blade Dance","Choke","Sucker Punch"],"picked":"SKIP","floor":4},{"not_picked":["Terror","Tactician"],"picked":"Deflect","floor":7},{"not_picked":["PiercingWail","Prepared"],"picked":"Flechettes","floor":8},{"not_picked":["Caltrops","Bane","Sucker Punch"],"picked":"Singing Bowl","floor":10},{"not_picked":["Prepared","Bane"],"picked":"Skewer","floor":11},{"not_picked":["Calculated Gamble","Slice"],"picked":"Quick Slash","floor":13},{"not_picked":["All Out Attack","Poisoned Stab"],"picked":"Finisher","floor":14}],"player_experience":1125792,"relics_obtained":[{"floor":8,"key":"Calipers"},{"floor":9,"key":"Singing Bowl"},{"floor":10,"key":"Unceasing Top"}],"event_choices":[],"is_beta":false,"boss_relics":[],"items_purged_floors":[5],"is_endless":false,"potions_floor_spawned":[1,2,10,11],"killed_by":"Hexaghost","ascension_level":15}