{"gold_per_floor":[109,59,72,72,88,88,116,116,143,157,174,190,206,234,234,330,330,341,65,65,43,57,90,15,15,65,92,7,106,121,221,221,320,320,334,334,434,447,447,478,497,259,259,279,279,77,0,15,15,15],"floor_reached":51,"playtime":2780,"items_purged":[],"score":950,"play_id":"974d4435-2c8c-4765-b00a-82c072ae872d","local_time":"20181116110538","is_ascension_mode":false,"campfire_choices":[{"data":"Zap","floor":6,"key":"SMITH"},{"data":"Sunder","floor":8,"key":"SMITH"},{"data":"White Noise","floor":15,"key":"SMITH"},{"data":"Chill","floor":25,"key":"SMITH"},{"floor":32,"key":"REST"},{"floor":45,"key":"REST"},{"floor":49,"key":"REST"}],"neow_cost":"NONE","seed_source_timestamp":25297347223536,"circlet_count":0,"master_deck":["Zap+1","Dualcast","Streamline","Steam","White Noise+1","Beam Cell+1","Go for the Eyes","Redo","Sunder+1","Glacier","Rebound","Coolheaded","Genetic Algorithm","Machine Learning","Heatsinks","Chill+1","Gash","All For One","Core Surge","Go for the Eyes+1","Gash","Coolheaded","Gash","Defragment","Self Repair","Genetic Algorithm","Gash","Gash+1","Echo Form","FTL","Madness","Madness","Hologram","Beam Cell+1","Hologram","Leap+1","Hologram"],"relics":["Pandora\u0027s Box","Centennial Puzzle","Lantern","Bottled Flame","Nuclear Battery","Runic Capacitor","Mango","Dream Catcher","Kunai","The Courier","StoneCalendar","Blue Candle","Black Star","Sundial","Pantograph","Whetstone","Matryoshka","Mummified Hand","Red Mask"],"potions_floor_usage":[7,14,14,22,31,33,33,50,50,50,50,50,50],"damage_taken":[{"damage":0,"enemies":"Cultist","floor":1,"turns":2},{"damage":5,"enemies":"Jaw Worm","floor":3,"turns":2},{"damage":0,"enemies":"2 Louse","floor":5,"turns":2},{"damage":0,"enemies":"Gremlin Nob","floor":7,"turns":4},{"damage":0,"enemies":"2 Fungi Beasts","floor":10,"turns":3},{"damage":7,"enemies":"Red Slaver","floor":11,"turns":2},{"damage":1,"enemies":"Blue Slaver","floor":12,"turns":4},{"damage":0,"enemies":"2 Fungi Beasts","floor":13,"turns":3},{"damage":0,"enemies":"3 Sentries","floor":14,"turns":5},{"damage":0,"enemies":"Slime Boss","floor":16,"turns":9},{"damage":0,"enemies":"Chosen","floor":18,"turns":4},{"damage":8,"enemies":"3 Byrds","floor":22,"turns":3},{"damage":3,"enemies":"Gremlin Leader","floor":23,"turns":5},{"damage":13,"enemies":"Slavers","floor":27,"turns":4},{"damage":3,"enemies":"Shelled Parasite and Fungi","floor":30,"turns":4},{"damage":10,"enemies":"Colosseum Slavers","floor":31,"turns":4},{"damage":17,"enemies":"Colosseum Nobs","floor":31,"turns":4},{"damage":0,"enemies":"Champ","floor":33,"turns":6},{"damage":10,"enemies":"Orb Walker","floor":35,"turns":4},{"damage":7,"enemies":"3 Darklings","floor":38,"turns":6},{"damage":45,"enemies":"Nemesis","floor":40,"turns":6},{"damage":0,"enemies":"Maw","floor":41,"turns":5},{"damage":14,"enemies":"Spire Growth","floor":44,"turns":4},{"damage":30,"enemies":"Transient","floor":48,"turns":5},{"damage":2,"enemies":"Donu and Deca","floor":50,"turns":5}],"seed_played":"51694520659640988","potions_obtained":[{"floor":1,"key":"AttackPotion"},{"floor":7,"key":"Energy Potion"},{"floor":13,"key":"Energy Potion"},{"floor":14,"key":"Energy Potion"},{"floor":16,"key":"Ancient Potion"},{"floor":22,"key":"Fruit Juice"},{"floor":30,"key":"SkillPotion"},{"floor":40,"key":"Strength Potion"},{"floor":48,"key":"EntropicBrew"}],"is_trial":false,"path_per_floor":["M","$","M","$","M","R","E","R","T","M","M","M","M","E","R","B",null,"M","$","?","$","M","E","$","R","T","E","?","?","M","?","R","B",null,"M","?","?","M","?","E","M","$","T","M","R","$","?","M","R","B",null],"character_chosen":"DEFECT","items_purchased":["Coolheaded","Gash","Runic Capacitor","Coolheaded","Gash","Self Repair","Whetstone","Hologram","Block Potion","Dexterity Potion","Mummified Hand"],"campfire_rested":3,"item_purchase_floors":[2,19,19,19,21,24,42,42,42,42,46],"current_hp_per_floor":[75,75,70,70,70,70,70,70,70,70,63,62,62,62,62,62,75,75,75,75,75,72,83,83,83,83,77,77,77,81,68,94,94,94,91,79,79,79,79,41,48,48,48,41,69,69,69,46,74,92],"gold":15,"neow_bonus":"BOSS_RELIC","is_prod":false,"is_daily":false,"chose_seed":false,"campfire_upgraded":4,"win_rate":0,"timestamp":1542384338,"path_taken":["M","$","M","$","M","R","E","R","T","M","M","M","?","E","R","BOSS","M","$","?","$","M","E","$","R","T","E","?","?","M","?","R","BOSS","M","?","?","?","?","E","M","$","T","M","R","$","?","M","R","BOSS"],"build_version":"2018-11-15","purchased_purges":0,"victory":true,"max_hp_per_floor":[75,75,75,75,75,75,75,75,75,75,75,75,75,75,75,75,75,75,75,75,75,80,94,94,94,94,94,94,94,94,94,94,94,94,94,94,94,94,94,94,94,94,94,94,94,94,94,94,94,94],"card_choices":[{"not_picked":["Beam Cell","FTL"],"picked":"Rebound","floor":1},{"not_picked":["Consume","Auto Shields","Sweeping Beam"],"picked":"SKIP","floor":3},{"not_picked":["Force Field","Barrage"],"picked":"Genetic Algorithm","floor":5},{"not_picked":["Coolheaded","Turbo"],"picked":"Machine Learning","floor":7},{"not_picked":["Go for the Eyes","Compile Driver"],"picked":"Heatsinks","floor":10},{"not_picked":["Blizzard","Rebound","Fusion"],"picked":"SKIP","floor":11},{"not_picked":["Hologram","Steam"],"picked":"Chill","floor":12},{"not_picked":["Force Field","Rebound"],"picked":"Gash","floor":13},{"not_picked":["Hologram","Sweeping Beam"],"picked":"All For One","floor":14},{"not_picked":["Machine Learning","Amplify"],"picked":"Core Surge","floor":16},{"not_picked":["Streamline","Force Field+1"],"picked":"Go for the Eyes+1","floor":18},{"not_picked":["Conserve Battery+1","Turbo","Steam+1"],"picked":"SKIP","floor":22},{"not_picked":["Cold Snap+1","Hologram"],"picked":"Defragment","floor":23},{"not_picked":["Streamline+1","Compile Driver+1"],"picked":"Genetic Algorithm","floor":27},{"not_picked":["Rebound","Fusion","Conserve Battery"],"picked":"SKIP","floor":30},{"not_picked":["Self Repair+1","Aggregate+1"],"picked":"Gash","floor":31},{"not_picked":["Rebound","Loop"],"picked":"Gash","floor":32},{"not_picked":["Electrodynamics","Creative AI"],"picked":"Echo Form","floor":33},{"not_picked":["Tempest","White Noise+1"],"picked":"FTL","floor":35},{"not_picked":["Streamline","Go for the Eyes"],"picked":"Hologram","floor":38},{"not_picked":["Double Energy","Redo","Turbo+1"],"picked":"SKIP","floor":40},{"not_picked":["Conserve Battery","Rebound+1"],"picked":"Beam Cell+1","floor":41},{"not_picked":["Cold Snap+1","Conserve Battery"],"picked":"Leap+1","floor":44},{"not_picked":["Barrage","Rebound+1","Static Discharge+1"],"picked":"SKIP","floor":48},{"not_picked":["Compile Driver+1","Reprogram"],"picked":"Hologram","floor":49}],"player_experience":1705772,"relics_obtained":[{"floor":7,"key":"Centennial Puzzle"},{"floor":9,"key":"Lantern"},{"floor":14,"key":"Bottled Flame"},{"floor":23,"key":"Mango"},{"floor":26,"key":"Dream Catcher"},{"floor":27,"key":"Kunai"},{"floor":31,"key":"StoneCalendar"},{"floor":31,"key":"Blue Candle"},{"floor":40,"key":"Sundial"},{"floor":40,"key":"Pantograph"},{"floor":43,"key":"Matryoshka"}],"event_choices":[{"damage_healed":0,"gold_gain":0,"player_choice":"Ignored","damage_taken":0,"max_hp_gain":0,"max_hp_loss":0,"event_name":"Ghosts","floor":20,"gold_loss":0},{"damage_healed":0,"gold_gain":0,"player_choice":"Obtained Relic","damage_taken":0,"relics_obtained":["The Courier"],"max_hp_gain":0,"max_hp_loss":0,"event_name":"Addict","floor":28,"gold_loss":85},{"damage_healed":0,"gold_gain":99,"player_choice":"Stole From Cult","damage_taken":0,"max_hp_gain":0,"max_hp_loss":0,"event_name":"Nest","floor":29,"gold_loss":0},{"damage_healed":0,"gold_gain":0,"player_choice":"Fight","damage_taken":0,"max_hp_gain":0,"max_hp_loss":0,"event_name":"Colosseum","floor":31,"gold_loss":0},{"damage_healed":0,"gold_gain":0,"player_choice":"Fought Nobs","damage_taken":0,"max_hp_gain":0,"max_hp_loss":0,"event_name":"Colosseum","floor":31,"gold_loss":0},{"damage_healed":0,"gold_gain":0,"player_choice":"Embrace Madness","damage_taken":12,"max_hp_gain":0,"max_hp_loss":0,"event_name":"Winding Halls","floor":36,"gold_loss":0,"cards_obtained":["Madness","Madness"]},{"damage_healed":0,"gold_gain":100,"player_choice":"Pray","damage_taken":0,"max_hp_gain":0,"max_hp_loss":0,"event_name":"Golden Shrine","floor":37,"gold_loss":0},{"damage_healed":0,"gold_gain":0,"player_choice":"Ignored","damage_taken":0,"max_hp_gain":0,"max_hp_loss":0,"event_name":"Mysterious Sphere","floor":39,"gold_loss":0},{"damage_healed":0,"gold_gain":0,"player_choice":"Paid","damage_taken":0,"relics_obtained":["Red Mask"],"max_hp_gain":0,"max_hp_loss":0,"event_name":"Tomb of Lord Red Mask","floor":47,"gold_loss":77}],"is_beta":false,"boss_relics":[{"not_picked":["Orrery","Astrolabe"],"picked":"Nuclear Battery"},{"not_picked":["Fusion Hammer","Runic Dome"],"picked":"Black Star"}],"items_purged_floors":[],"is_endless":false,"potions_floor_spawned":[1,7,13,14,16,22,30,31,40,48],"ascension_level":0}