{"gold_per_floor":[218,234,244,244,254,36,36,36,59,71,86,86,97,110,110,215,215,233,249,249,267,16,16,50,50,50,50,61,61,75,85,85,85],"floor_reached":33,"playtime":2561,"items_purged":["Parasite"],"score":263,"play_id":"34fe3143-5685-49a3-a920-b07472811a70","local_time":"20190106163044","is_ascension_mode":false,"campfire_choices":[{"data":"Caltrops","floor":7,"key":"SMITH"},{"data":"Caltrops","floor":12,"key":"SMITH"},{"floor":15,"key":"REST"},{"data":"Calculated Gamble","floor":23,"key":"SMITH"},{"floor":27,"key":"REST"},{"data":"Backstab","floor":29,"key":"SMITH"},{"floor":32,"key":"REST"}],"neow_cost":"NONE","seed_source_timestamp":1399762759922210,"circlet_count":0,"master_deck":["Defend_G","Defend_G","Defend_G","Defend_G","Defend_G","Strike_G","Strike_G","Strike_G","Strike_G","Strike_G","Survivor","Neutralize","Dagger Throw","Blur","Caltrops+1","Caltrops+1","Backstab","Backstab+1","Dagger Throw","Calculated Gamble+1","Bullet Time","Defend_G","Terror+1","Finisher","PiercingWail"],"relics":["Ring of the Snake","Pen Nib","Smiling Mask","Busted Crown","Lee\u0027s Waffle","Bag of Marbles","Tough Bandages"],"potions_floor_usage":[10,16,18,24,30,30,33],"damage_taken":[{"damage":7,"enemies":"Jaw Worm","floor":1,"turns":5},{"damage":4,"enemies":"2 Louse","floor":2,"turns":3},{"damage":0,"enemies":"Small Slimes","floor":3,"turns":4},{"damage":17,"enemies":"Exordium Thugs","floor":5,"turns":6},{"damage":13,"enemies":"Large Slime","floor":10,"turns":7},{"damage":8,"enemies":"Lots of Slimes","floor":11,"turns":4},{"damage":0,"enemies":"3 Louse","floor":13,"turns":2},{"damage":8,"enemies":"Gremlin Gang","floor":14,"turns":3},{"damage":30,"enemies":"The Guardian","floor":16,"turns":10},{"damage":20,"enemies":"Shell Parasite","floor":18,"turns":3},{"damage":0,"enemies":"Spheric Guardian","floor":19,"turns":3},{"damage":14,"enemies":"Centurion and Healer","floor":21,"turns":9},{"damage":38,"enemies":"Slavers","floor":24,"turns":5},{"damage":2,"enemies":"Snecko","floor":28,"turns":4},{"damage":0,"enemies":"Snake Plant","floor":30,"turns":3},{"damage":25,"enemies":"Shelled Parasite and Fungi","floor":31,"turns":6},{"damage":61,"enemies":"Champ","floor":33,"turns":8}],"seed_played":"-946717561854578368","potions_obtained":[{"floor":5,"key":"Poison Potion"},{"floor":14,"key":"Strength Potion"},{"floor":16,"key":"Strength Potion"},{"floor":18,"key":"Ancient Potion"},{"floor":24,"key":"Fire Potion"},{"floor":28,"key":"Block Potion"},{"floor":31,"key":"LiquidBronze"}],"is_trial":false,"path_per_floor":["M","M","M","?","M","$","R","?","T","M","M","R","M","M","R","B",null,"M","M","?","M","$","R","E","$","T","R","M","R","M","M","R","B"],"character_chosen":"THE_SILENT","items_purchased":["Caltrops","Pen Nib","Lee\u0027s Waffle"],"campfire_rested":3,"item_purchase_floors":[6,6,22],"current_hp_per_floor":[63,59,59,59,42,42,42,59,59,46,38,38,38,30,51,21,70,50,50,50,36,74,74,36,36,36,58,56,56,56,31,53,0],"gold":85,"neow_bonus":"HUNDRED_GOLD","is_prod":false,"is_daily":false,"chose_seed":false,"campfire_upgraded":4,"win_rate":0.0,"timestamp":1546821044,"path_taken":["M","M","M","?","M","$","R","?","T","M","M","R","M","M","R","BOSS","M","M","?","M","$","R","E","?","T","R","?","R","M","M","R","BOSS"],"build_version":"2019-01-03v4","purchased_purges":1,"victory":false,"max_hp_per_floor":[70,70,70,70,70,70,70,70,70,70,70,70,70,70,70,70,70,70,70,70,70,74,74,74,74,74,74,74,74,74,74,74,74],"card_choices":[{"not_picked":["Cloak And Dagger","Infinite Blades"],"picked":"Dagger Throw","floor":1},{"not_picked":["Underhanded Strike","Acrobatics"],"picked":"Blur","floor":2},{"not_picked":["Poisoned Stab","Noxious Fumes"],"picked":"Caltrops","floor":3},{"not_picked":["Catalyst","Riddle With Holes"],"picked":"Underhanded Strike","floor":5},{"not_picked":["Poisoned Stab","Deflect"],"picked":"Backstab","floor":10},{"not_picked":["Flechettes","Prepared"],"picked":"Backstab","floor":11},{"not_picked":["Dash","Burst"],"picked":"Dagger Throw","floor":13},{"not_picked":["Slice","Poisoned Stab"],"picked":"Calculated Gamble","floor":14},{"not_picked":["Night Terror","After Image"],"picked":"Bullet Time","floor":16},{"not_picked":["Slice"],"picked":"SKIP","floor":18},{"not_picked":["Quick Slash"],"picked":"SKIP","floor":19},{"not_picked":[],"picked":"Terror+1","floor":21},{"not_picked":["Dodge and Roll"],"picked":"SKIP","floor":24},{"not_picked":["Catalyst"],"picked":"SKIP","floor":28},{"not_picked":[],"picked":"Finisher","floor":30},{"not_picked":[],"picked":"PiercingWail","floor":31}],"player_experience":83083,"relics_obtained":[{"floor":9,"key":"Smiling Mask"},{"floor":24,"key":"Bag of Marbles"},{"floor":26,"key":"Tough Bandages"}],"event_choices":[{"damage_healed":0,"gold_gain":0,"player_choice":"Leave","damage_taken":0,"max_hp_gain":0,"max_hp_loss":0,"event_name":"The Cleric","floor":4,"gold_loss":0},{"damage_healed":17,"gold_gain":0,"player_choice":"Healed and dodged fight","damage_taken":0,"max_hp_gain":0,"max_hp_loss":0,"event_name":"Mushrooms","floor":8,"gold_loss":0,"cards_obtained":["Parasite"]},{"cards_removed":["Underhanded Strike"],"damage_healed":0,"gold_gain":0,"player_choice":"Took Card","damage_taken":0,"max_hp_gain":0,"max_hp_loss":0,"event_name":"NoteForYourself","floor":20,"gold_loss":0,"cards_obtained":["Defend_G"]}],"is_beta":false,"boss_relics":[{"not_picked":["Empty Cage","Astrolabe"],"picked":"Busted Crown"}],"items_purged_floors":[22],"is_endless":false,"potions_floor_spawned":[5,14,16,18,24,28,31],"killed_by":"Champ","ascension_level":0}