{"gold_per_floor":[118,118,136,136,13,13,24,52,52,67,97,97,97,17,17,122,122,136,153,153,153,99,99],"floor_reached":23,"playtime":1104,"items_purged":["Regret","Barricade"],"score":207,"play_id":"bafc4cd7-9739-4b26-b222-f7701863335b","local_time":"20190213105504","is_ascension_mode":true,"campfire_choices":[{"data":"Armaments","floor":6,"key":"SMITH"},{"floor":12,"key":"REST"},{"data":"Flex","floor":15,"key":"SMITH"}],"neow_cost":"NONE","seed_source_timestamp":60311004785562,"circlet_count":0,"master_deck":["Strike_R","Strike_R","Strike_R","Strike_R","Strike_R","Defend_R","Defend_R","Defend_R","Defend_R","Bash","Flex","Armaments+1","Flex+1","Flex","Flame Barrier+1","Evolve"],"relics":["Burning Blood","Kunai","Letter Opener","The Courier","Pear","Shuriken","Mark of Pain"],"potions_floor_usage":[16,23],"damage_taken":[{"damage":5,"enemies":"Small Slimes","floor":1,"turns":3},{"damage":15,"enemies":"Jaw Worm","floor":3,"turns":4},{"damage":8,"enemies":"2 Louse","floor":7,"turns":2},{"damage":31,"enemies":"3 Sentries","floor":8,"turns":10},{"damage":9,"enemies":"Exordium Wildlife","floor":10,"turns":4},{"damage":41,"enemies":"Lagavulin","floor":11,"turns":6},{"damage":32,"enemies":"Slime Boss","floor":16,"turns":12},{"damage":50,"enemies":"Spheric Guardian","floor":18,"turns":7},{"damage":19,"enemies":"Chosen","floor":19,"turns":5},{"damage":25,"enemies":"Colosseum Slavers","floor":21,"turns":5},{"damage":16,"enemies":"Book of Stabbing","floor":23,"turns":3}],"seed_played":"-1043579154497080682","potions_obtained":[{"floor":7,"key":"GamblersBrew"},{"floor":8,"key":"PowerPotion"},{"floor":11,"key":"PowerPotion"},{"floor":16,"key":"Poison Potion"}],"is_trial":false,"path_per_floor":["M","?","M","?","$","R","M","E","T","M","E","R","?","$","R","B",null,"M","M","$","?","$","E"],"character_chosen":"IRONCLAD","items_purchased":["Armaments","Evolve"],"campfire_rested":1,"item_purchase_floors":[5,22],"current_hp_per_floor":[80,77,68,68,68,68,66,41,51,48,13,40,40,40,40,14,90,46,33,33,14,14,0],"gold":99,"neow_bonus":"ONE_RANDOM_RARE_CARD","is_prod":false,"is_daily":false,"chose_seed":false,"campfire_upgraded":2,"win_rate":0,"timestamp":1550084104,"path_taken":["M","?","M","?","?","R","M","E","T","M","E","R","?","$","R","BOSS","M","M","$","?","$","E"],"build_version":"2019-01-23","purchased_purges":2,"victory":false,"max_hp_per_floor":[80,80,80,80,80,80,80,80,90,90,90,90,90,90,90,90,90,90,90,90,90,90,90],"card_choices":[{"not_picked":["Wild Strike","Infernal Blade","Perfected Strike"],"picked":"SKIP","floor":1},{"not_picked":["Headbutt","Sword Boomerang"],"picked":"Flex","floor":3},{"not_picked":["Sentinel","Inflame","Warcry"],"picked":"SKIP","floor":7},{"not_picked":["Metallicize","Clash"],"picked":"Flex","floor":8},{"not_picked":["Inflame","Uppercut","Pommel Strike"],"picked":"SKIP","floor":10},{"not_picked":["Warcry","Headbutt","Armaments"],"picked":"SKIP","floor":11},{"not_picked":["Cleave","Sentinel+1"],"picked":"Flex","floor":18},{"not_picked":["Perfected Strike","Cleave+1"],"picked":"Flame Barrier+1","floor":19}],"player_experience":219394,"relics_obtained":[{"floor":8,"key":"The Courier"},{"floor":9,"key":"Pear"},{"floor":11,"key":"Shuriken"}],"event_choices":[{"damage_healed":0,"gold_gain":0,"player_choice":"Success","damage_taken":3,"relics_obtained":["Kunai"],"max_hp_gain":0,"max_hp_loss":0,"event_name":"Scrap Ooze","floor":2,"gold_loss":0},{"damage_healed":0,"gold_gain":0,"player_choice":"Box","damage_taken":0,"relics_obtained":["Letter Opener"],"max_hp_gain":0,"max_hp_loss":0,"event_name":"Big Fish","floor":4,"gold_loss":0,"cards_obtained":["Regret"]},{"damage_healed":0,"gold_gain":0,"player_choice":"Ignored","damage_taken":0,"max_hp_gain":0,"max_hp_loss":0,"event_name":"Shining Light","floor":13,"gold_loss":0},{"damage_healed":0,"gold_gain":0,"player_choice":"Fight","damage_taken":0,"max_hp_gain":0,"max_hp_loss":0,"event_name":"Colosseum","floor":21,"gold_loss":0},{"damage_healed":0,"gold_gain":0,"player_choice":"Fled From Nobs","damage_taken":0,"max_hp_gain":0,"max_hp_loss":0,"event_name":"Colosseum","floor":21,"gold_loss":0}],"is_beta":false,"boss_relics":[{"not_picked":["Empty Cage","Busted Crown"],"picked":"Mark of Pain"}],"items_purged_floors":[5,14],"is_endless":false,"potions_floor_spawned":[7,8,11,16,19],"killed_by":"Book of Stabbing","ascension_level":1}