{"gold_per_floor":[117,133,150,163,163,163,182,193,244,244,259,284,299,77,77,154,154,170,184,18,18,18,18,34,34,59,76,126,126,141,61,61,61],"floor_reached":33,"playtime":1365,"items_purged":[],"score":464,"play_id":"d5a6a934-7767-4eaa-8e9a-9cb76ccbd098","local_time":"20190215080407","is_ascension_mode":true,"campfire_choices":[{"floor":6,"key":"REST"},{"floor":10,"key":"REST"},{"data":"Armaments","floor":15,"key":"SMITH"},{"floor":23,"key":"REST"},{"floor":25,"key":"REST"},{"floor":29,"key":"REST"},{"floor":32,"key":"REST"}],"neow_cost":"NONE","seed_source_timestamp":102079605703896,"circlet_count":0,"master_deck":["AscendersBane","Strike_R","Strike_R","Strike_R","Strike_R","Strike_R","Defend_R","Defend_R","Defend_R","Defend_R","Bash","Madness","Perfected Strike","Flex","Perfected Strike","Spot Weakness","Flame Barrier","Clothesline","Immolate","Twin Strike","Armaments+1","Reaper","Sword Boomerang","Shrug It Off","Reaper","Flame Barrier","Perfected Strike","Fiend Fire","Metallicize"],"relics":["Burning Blood","Sundial","Pen Nib","Charon\u0027s Ashes","Blood Vial","Fusion Hammer","Art of War"],"potions_floor_usage":[7,8,12,12,30,33],"damage_taken":[{"damage":6,"enemies":"Cultist","floor":1,"turns":3},{"damage":14,"enemies":"Jaw Worm","floor":2,"turns":4},{"damage":13,"enemies":"2 Louse","floor":3,"turns":3},{"damage":36,"enemies":"Exordium Thugs","floor":4,"turns":4},{"damage":17,"enemies":"Large Slime","floor":7,"turns":5},{"damage":21,"enemies":"Gremlin Gang","floor":8,"turns":5},{"damage":17,"enemies":"Looter","floor":11,"turns":3},{"damage":25,"enemies":"Lagavulin","floor":12,"turns":5},{"damage":0,"enemies":"Exordium Wildlife","floor":13,"turns":1},{"damage":27,"enemies":"Hexaghost","floor":16,"turns":10},{"damage":22,"enemies":"Spheric Guardian","floor":18,"turns":4},{"damage":35,"enemies":"Shell Parasite","floor":19,"turns":4},{"damage":23,"enemies":"Snecko","floor":24,"turns":5},{"damage":0,"enemies":"Snake Plant","floor":27,"turns":2},{"damage":25,"enemies":"Sentry and Sphere","floor":30,"turns":4},{"damage":103,"enemies":"Collector","floor":33,"turns":9}],"seed_played":"4372665157693804905","potions_obtained":[{"floor":2,"key":"Regen Potion"},{"floor":4,"key":"SkillPotion"},{"floor":8,"key":"Weak Potion"},{"floor":11,"key":"Regen Potion"},{"floor":16,"key":"Energy Potion"},{"floor":21,"key":"Regen Potion"},{"floor":27,"key":"Ancient Potion"}],"is_trial":false,"path_per_floor":["M","M","M","M","T","R","M","M","T","R","M","E","M","$","R","B",null,"M","M","$","?","$","R","M","R","T","M","?","R","M","$","R","B"],"character_chosen":"IRONCLAD","items_purchased":["Blood Vial","Armaments","Reaper","Metallicize"],"campfire_rested":6,"item_purchase_floors":[14,14,20,31],"current_hp_per_floor":[68,60,53,23,23,45,48,33,33,55,44,39,45,45,45,26,63,56,36,36,36,36,58,49,71,71,75,68,75,56,56,75,0],"gold":61,"neow_bonus":"RANDOM_COLORLESS","is_prod":false,"is_daily":false,"chose_seed":false,"campfire_upgraded":1,"win_rate":0,"timestamp":1550235847,"path_taken":["M","M","?","M","?","R","M","M","T","R","M","E","?","$","R","BOSS","M","M","$","?","$","R","?","R","T","M","?","R","M","?","R","BOSS"],"build_version":"2019-01-23","purchased_purges":0,"victory":false,"max_hp_per_floor":[75,75,75,75,75,75,75,75,75,75,75,75,75,75,75,75,75,75,75,75,75,75,75,75,75,75,75,75,75,75,75,75,75],"card_choices":[{"not_picked":["Flex","Corruption"],"picked":"Perfected Strike","floor":1},{"not_picked":["Clash","Burning Pact"],"picked":"Flex","floor":2},{"not_picked":["Sword Boomerang","Infernal Blade"],"picked":"Perfected Strike","floor":3},{"not_picked":["Dual Wield","Havoc"],"picked":"Spot Weakness","floor":4},{"not_picked":["True Grit","Second Wind"],"picked":"Flame Barrier","floor":7},{"not_picked":["Sword Boomerang","Blood for Blood"],"picked":"Clothesline","floor":8},{"not_picked":["Clothesline","Armaments"],"picked":"Immolate","floor":11},{"not_picked":["Anger","Heavy Blade","Burning Pact"],"picked":"SKIP","floor":12},{"not_picked":["Flex","Blood for Blood"],"picked":"Twin Strike","floor":13},{"not_picked":["Impervious","Immolate"],"picked":"Reaper","floor":16},{"not_picked":["Havoc+1","Clothesline"],"picked":"Sword Boomerang","floor":18},{"not_picked":["Evolve","Anger"],"picked":"Shrug It Off","floor":19},{"not_picked":["True Grit","Cleave"],"picked":"Flame Barrier","floor":24},{"not_picked":["Anger","Disarm"],"picked":"Perfected Strike","floor":27},{"not_picked":["Anger","Flex"],"picked":"Fiend Fire","floor":30}],"player_experience":2428641,"relics_obtained":[{"floor":5,"key":"Sundial"},{"floor":9,"key":"Pen Nib"},{"floor":12,"key":"Charon\u0027s Ashes"},{"floor":26,"key":"Art of War"}],"event_choices":[{"damage_healed":0,"gold_gain":0,"player_choice":"Got Potions","damage_taken":0,"max_hp_gain":0,"max_hp_loss":0,"event_name":"Lab","floor":21,"gold_loss":0},{"damage_healed":0,"gold_gain":50,"player_choice":"Touch","damage_taken":7,"max_hp_gain":0,"max_hp_loss":0,"event_name":"FaceTrader","floor":28,"gold_loss":0}],"is_beta":false,"boss_relics":[{"not_picked":["Calling Bell","Empty Cage"],"picked":"Fusion Hammer"}],"items_purged_floors":[],"is_endless":false,"potions_floor_spawned":[2,4,8,11,16,24,27],"killed_by":"Collector","ascension_level":17}