{"gold_per_floor":[115,40,190,215,60,60,86,86,109,109,109,142,14,28,28,107,107,107,32,32,32,32,32],"floor_reached":23,"playtime":871,"items_purged":["Doubt"],"score":478,"play_id":"d81e5ea1-6a0b-40aa-b865-a22983d7869b","local_time":"20190211005911","is_ascension_mode":true,"campfire_choices":[{"data":"Neutralize","floor":6,"key":"SMITH"},{"data":"Leg Sweep","floor":8,"key":"SMITH"},{"data":"Predator","floor":11,"key":"SMITH"},{"data":"Bouncing Flask","floor":15,"key":"SMITH"}],"neow_cost":"NONE","seed_source_timestamp":177502167333346,"circlet_count":0,"master_deck":["AscendersBane","Defend_G","Defend_G","Defend_G","Defend_G","Defend_G","Strike_G","Strike_G","Strike_G","Survivor","Neutralize+1","Caltrops+1","Leg Sweep+1","Predator+1","Bouncing Flask+1","Crippling Poison","Bouncing Flask","Terror","Doppelganger","PiercingWail","Shame"],"relics":["Ring of the Snake","NeowsBlessing","Blood Vial","Bronze Scales","Juzu Bracelet","Ancient Tea Set","Ectoplasm","Letter Opener"],"potions_floor_usage":[],"damage_taken":[{"damage":0,"enemies":"Cultist","floor":1,"turns":1},{"damage":0,"enemies":"3 Sentries","floor":7,"turns":1},{"damage":0,"enemies":"Lagavulin","floor":12,"turns":1},{"damage":0,"enemies":"2 Louse","floor":14,"turns":2},{"damage":40,"enemies":"The Guardian","floor":16,"turns":6},{"damage":0,"enemies":"Chosen","floor":18,"turns":4},{"damage":19,"enemies":"Shell Parasite","floor":20,"turns":4},{"damage":17,"enemies":"Cultist and Chosen","floor":22,"turns":5},{"damage":35,"enemies":"Gremlin Leader","floor":23,"turns":2}],"seed_played":"-7036578648637413486","potions_obtained":[{"floor":1,"key":"Poison Potion"},{"floor":16,"key":"LiquidBronze"},{"floor":20,"key":"GhostInAJar"}],"is_trial":false,"path_per_floor":["M","?","?","T","$","R","E","R","T","?","R","E","$","M","R","B",null,"M","?","M","?","M","E"],"character_chosen":"THE_SILENT","items_purchased":["Leg Sweep","Crippling Poison","Bouncing Flask"],"campfire_rested":0,"item_purchase_floors":[5,13,13],"current_hp_per_floor":[59,59,59,59,59,59,61,61,61,61,61,63,63,65,65,26,56,58,58,41,41,26,0],"gold":32,"neow_bonus":"THREE_ENEMY_KILL","is_prod":false,"is_daily":false,"chose_seed":false,"campfire_upgraded":4,"win_rate":0,"timestamp":1549843151,"path_taken":["M","?","?","?","$","R","E","R","T","?","R","E","$","M","R","BOSS","M","?","M","?","M","E"],"build_version":"2019-01-23","purchased_purges":1,"victory":false,"max_hp_per_floor":[66,66,66,66,66,66,66,66,66,66,66,66,66,66,66,66,66,66,66,66,66,66,66],"card_choices":[{"not_picked":["Endless Agony","Calculated Gamble"],"picked":"Caltrops","floor":1},{"not_picked":["Sucker Punch","Reflex"],"picked":"Predator","floor":7},{"not_picked":["PiercingWail","Underhanded Strike"],"picked":"Bouncing Flask","floor":12},{"not_picked":["PiercingWail","Masterful Stab"],"picked":"Terror","floor":14},{"not_picked":["Phantasmal Killer","Unload"],"picked":"Doppelganger","floor":16},{"not_picked":["Poisoned Stab","Dodge and Roll","Outmaneuver"],"picked":"SKIP","floor":18},{"not_picked":["Dagger Spray","Dagger Throw"],"picked":"PiercingWail","floor":20},{"not_picked":["Bouncing Flask","All Out Attack","Dagger Spray"],"picked":"SKIP","floor":22}],"player_experience":1393243,"relics_obtained":[{"floor":4,"key":"Blood Vial"},{"floor":7,"key":"Bronze Scales"},{"floor":9,"key":"Juzu Bracelet"},{"floor":12,"key":"Ancient Tea Set"}],"event_choices":[{"cards_removed":["Strike_G"],"damage_healed":0,"gold_gain":0,"player_choice":"Card Removal","damage_taken":0,"max_hp_gain":0,"max_hp_loss":0,"event_name":"The Cleric","floor":2,"gold_loss":75},{"damage_healed":0,"gold_gain":150,"player_choice":"AGREE","damage_taken":0,"max_hp_gain":0,"max_hp_loss":0,"event_name":"Liars Game","floor":3,"gold_loss":0,"cards_obtained":["Doubt"]},{"damage_healed":0,"gold_gain":0,"player_choice":"Forge","damage_taken":0,"max_hp_gain":0,"max_hp_loss":0,"event_name":"Accursed Blacksmith","floor":10,"gold_loss":0,"cards_upgraded":["Caltrops"]},{"cards_removed":["Strike_G"],"damage_healed":0,"gold_gain":0,"player_choice":"Gave Gold","damage_taken":0,"max_hp_gain":0,"max_hp_loss":0,"event_name":"Beggar","floor":19,"gold_loss":75},{"damage_healed":0,"gold_gain":0,"player_choice":"Stole Relic","damage_taken":0,"relics_obtained":["Letter Opener"],"max_hp_gain":0,"max_hp_loss":0,"event_name":"Addict","floor":21,"gold_loss":0,"cards_obtained":["Shame"]}],"is_beta":false,"boss_relics":[{"not_picked":["Eternal Feather","Runic Dome"],"picked":"Ectoplasm"}],"items_purged_floors":[5],"is_endless":false,"potions_floor_spawned":[1,16,18,20],"killed_by":"Gremlin Leader","ascension_level":19}