{"gold_per_floor":[116,128,140,156,172,207,207,207,233,22,37,37,53,65,65,165,165,179,8,28,46,59,59,69,84,155,174,174,192,192,192],"floor_reached":31,"playtime":1719,"items_purged":[],"score":401,"play_id":"c5380c24-67ed-4ff8-a6f6-3b140779ac90","local_time":"20181010235452","is_ascension_mode":true,"campfire_choices":[{"data":"Armaments","floor":7,"key":"SMITH"},{"data":"Rampage","floor":15,"key":"SMITH"},{"floor":23,"key":"REST"},{"floor":28,"key":"REST"}],"neow_cost":"NONE","seed_source_timestamp":83671160346075,"circlet_count":0,"master_deck":["Strike_R","Strike_R","Strike_R","Strike_R","Strike_R","Defend_R","Defend_R","Defend_R","Defend_R","Bash","True Grit","Armaments+1","Spot Weakness","Clothesline","Shrug It Off","Pommel Strike+1","Inflame+1","Cleave","Rampage+1","Impervious","Shrug It Off","Inflame","Iron Wave","Feed","Disarm","True Grit","Infernal Blade"],"relics":["Burning Blood","Art of War","Oddly Smooth Stone","Lantern","Bag of Marbles","White Beast Statue","Shuriken"],"potions_floor_usage":[3,5,6,16,16,20,21,21,21,22,24,25,27,31],"damage_taken":[{"damage":0,"enemies":"2 Louse","floor":1,"turns":3},{"damage":1,"enemies":"Small Slimes","floor":2,"turns":5},{"damage":1,"enemies":"Cultist","floor":3,"turns":3},{"damage":26,"enemies":"Gremlin Gang","floor":4,"turns":5},{"damage":10,"enemies":"Exordium Wildlife","floor":5,"turns":5},{"damage":10,"enemies":"3 Sentries","floor":6,"turns":11},{"damage":0,"enemies":"Large Slime","floor":11,"turns":6},{"damage":0,"enemies":"Looter","floor":13,"turns":2},{"damage":0,"enemies":"2 Fungi Beasts","floor":14,"turns":2},{"damage":0,"enemies":"Slime Boss","floor":16,"turns":9},{"damage":31,"enemies":"Shell Parasite","floor":18,"turns":7},{"damage":0,"enemies":"2 Thieves","floor":20,"turns":4},{"damage":12,"enemies":"Shelled Parasite and Fungi","floor":21,"turns":7},{"damage":29,"enemies":"Centurion and Healer","floor":22,"turns":9},{"damage":19,"enemies":"Snake Plant","floor":24,"turns":6},{"damage":2,"enemies":"Shelled Parasite and Fungi","floor":25,"turns":10},{"damage":34,"enemies":"Centurion and Healer","floor":27,"turns":9},{"damage":9,"enemies":"Snecko","floor":29,"turns":4},{"damage":67,"enemies":"3 Cultists","floor":31,"turns":6}],"seed_played":"6755907758217069024","potions_obtained":[{"floor":2,"key":"AttackPotion"},{"floor":4,"key":"Fire Potion"},{"floor":5,"key":"Energy Potion"},{"floor":6,"key":"SkillPotion"},{"floor":14,"key":"Energy Potion"},{"floor":18,"key":"AttackPotion"},{"floor":20,"key":"Poison Potion"},{"floor":21,"key":"GamblersBrew"},{"floor":22,"key":"Energy Potion"},{"floor":24,"key":"Dexterity Potion"},{"floor":25,"key":"Energy Potion"},{"floor":27,"key":"FairyPotion"},{"floor":29,"key":"GamblersBrew"}],"is_trial":false,"path_per_floor":["M","M","M","M","M","E","R","?","T","$","M","?","M","M","R","B",null,"M","$","M","M","M","R","M","M","T","M","R","M","?"],"character_chosen":"IRONCLAD","items_purchased":["Bag of Marbles","Inflame","Inflame","SkillPotion","Strength Potion"],"campfire_rested":2,"item_purchase_floors":[10,10,19,19,19],"current_hp_per_floor":[78,80,80,60,56,52,52,52,52,52,58,42,48,54,54,60,75,50,50,56,50,27,51,38,42,42,14,38,35,35,0],"gold":192,"neow_bonus":"RANDOM_COMMON_RELIC","is_prod":false,"is_daily":false,"chose_seed":false,"campfire_upgraded":2,"win_rate":0,"timestamp":1539233692,"path_taken":["M","M","M","M","M","E","R","?","T","?","?","?","M","?","R","BOSS","M","$","M","M","?","R","M","M","T","M","R","M","?","M"],"build_version":"2018-10-04v2","purchased_purges":0,"victory":false,"max_hp_per_floor":[80,80,80,80,80,80,80,80,80,80,80,80,80,80,80,80,80,80,80,80,80,80,80,80,80,80,80,80,80,80,80],"card_choices":[{"not_picked":["Rupture","Sword Boomerang"],"picked":"True Grit","floor":1},{"not_picked":["Heavy Blade","Intimidate"],"picked":"Armaments","floor":2},{"not_picked":["Anger","Seeing Red"],"picked":"Spot Weakness","floor":3},{"not_picked":["Sword Boomerang","Iron Wave"],"picked":"Clothesline","floor":4},{"not_picked":["Corruption","Anger"],"picked":"Shrug It Off","floor":5},{"not_picked":["Armaments","Perfected Strike"],"picked":"Pommel Strike","floor":6},{"not_picked":["Warcry","Power Through","Clothesline"],"picked":"SKIP","floor":11},{"not_picked":["Inflame","Juggernaut"],"picked":"Cleave","floor":13},{"not_picked":["Cleave","Second Wind"],"picked":"Rampage","floor":14},{"not_picked":["Double Tap","Fiend Fire"],"picked":"Impervious","floor":16},{"not_picked":["Pommel Strike","Warcry"],"picked":"Shrug It Off","floor":18},{"not_picked":["Bloodletting","Searing Blow"],"picked":"Iron Wave","floor":20},{"not_picked":["Pommel Strike","Shockwave","Dual Wield"],"picked":"SKIP","floor":21},{"not_picked":["Thunderclap","Clash+1"],"picked":"Feed","floor":22},{"not_picked":["Anger","Rupture","Body Slam"],"picked":"SKIP","floor":24},{"not_picked":["Thunderclap","Power Through+1"],"picked":"Disarm","floor":25},{"not_picked":["Cleave+1","Iron Wave"],"picked":"True Grit","floor":27},{"not_picked":["Dropkick","Pommel Strike"],"picked":"Infernal Blade","floor":29}],"player_experience":729313,"relics_obtained":[{"floor":6,"key":"Oddly Smooth Stone"},{"floor":9,"key":"Lantern"},{"floor":26,"key":"Shuriken"}],"event_choices":[{"event_name":"Dead Adventurer","player_choice":"Searched \u00271\u0027 times","floor":8,"damage_taken":0},{"event_name":"Shining Light","player_choice":"Entered Light","floor":12,"damage_taken":0},{"event_name":"Vampires","player_choice":"Ignored","floor":30,"damage_taken":0}],"is_beta":false,"boss_relics":[{"not_picked":["Velvet Choker","Empty Cage"],"picked":"White Beast Statue"}],"items_purged_floors":[],"is_endless":false,"potions_floor_spawned":[2,4,5,6,14,18,20,21,22,24,25,27,29],"killed_by":"3 Cultists","ascension_level":7}