{"gold_per_floor":[114,129,76,76,91,91,121,121,121,121,151,151,181,31,31,131,131,146,74,74,89,89,119,119,134,214,244,244,259,118,193,193,293,293,308,308,323,338,338,368,383,383,408,408,438,438,453,119,119,119],"floor_reached":51,"playtime":1991,"items_purged":["Pain"],"score":909,"play_id":"836b775d-ccc3-402a-89f8-e8fd42864a48","local_time":"20190125134409","daily_mods":["Draft","Red Cards","Binary"],"is_ascension_mode":false,"campfire_choices":[{"data":"Footwork","floor":6,"key":"SMITH"},{"data":"Deadly Poison","floor":8,"key":"SMITH"},{"data":"Dagger Spray","floor":12,"key":"SMITH"},{"data":"Metallicize","floor":15,"key":"SMITH"},{"data":"Malaise","floor":24,"key":"SMITH"},{"data":"Backstab","floor":28,"key":"SMITH"},{"data":"Shrug It Off","floor":32,"key":"SMITH"},{"data":"Inflame","floor":42,"key":"SMITH"},{"data":"Malaise","floor":44,"key":"SMITH"},{"data":"Cloak And Dagger","floor":46,"key":"SMITH"},{"data":"Footwork","floor":49,"key":"SMITH"}],"neow_cost":"","seed_source_timestamp":0,"circlet_count":0,"master_deck":["Poisoned Stab","Footwork+1","Evolve","Dodge and Roll","Shrug It Off+1","PiercingWail","Metallicize+1","Sucker Punch","Masterful Stab","Dagger Spray+1","Deadly Poison+1","Quick Slash","Body Slam+1","Endless Agony","Thunderclap","Calculated Gamble","Dodge and Roll","Poisoned Stab","Malaise+1","Cloak And Dagger+1","Backstab+1","Body Slam+1","True Grit+1","Inflame+1","Malaise+1","Catalyst+1","Spot Weakness+1","Backflip+1","Footwork+1","Dark Shackles"],"special_seed":17921,"relics":["Ring of the Serpent","Potion Belt","Mercury Hourglass","WarpedTongs","Snake Skull","Bottled Tornado","Coffee Dripper","MutagenicStrength","Regal Pillow","Tiny Chest","Dream Catcher","Question Card","Oddly Smooth Stone","Ornamental Fan","Blood Vial","Meat on the Bone","Kunai"],"potions_floor_usage":[23,23,27,33,33,37,50,50,50,50],"damage_taken":[{"damage":0,"enemies":"Small Slimes","floor":1,"turns":1},{"damage":0,"enemies":"2 Louse","floor":2,"turns":2},{"damage":0,"enemies":"Cultist","floor":5,"turns":2},{"damage":2,"enemies":"Gremlin Nob","floor":7,"turns":3},{"damage":6,"enemies":"Lagavulin","floor":11,"turns":6},{"damage":11,"enemies":"3 Sentries","floor":13,"turns":4},{"damage":8,"enemies":"The Guardian","floor":16,"turns":7},{"damage":0,"enemies":"Chosen","floor":18,"turns":3},{"damage":0,"enemies":"2 Thieves","floor":21,"turns":3},{"damage":0,"enemies":"Book of Stabbing","floor":23,"turns":5},{"damage":0,"enemies":"Sentry and Sphere","floor":25,"turns":3},{"damage":0,"enemies":"Slavers","floor":27,"turns":1},{"damage":0,"enemies":"Cultist and Chosen","floor":29,"turns":3},{"damage":0,"enemies":"Champ","floor":33,"turns":8},{"damage":0,"enemies":"3 Shapes","floor":35,"turns":4},{"damage":0,"enemies":"3 Darklings","floor":37,"turns":4},{"damage":0,"enemies":"Transient","floor":38,"turns":5},{"damage":0,"enemies":"Giant Head","floor":40,"turns":7},{"damage":0,"enemies":"Maw","floor":41,"turns":7},{"damage":0,"enemies":"Reptomancer","floor":45,"turns":5},{"damage":0,"enemies":"3 Darklings","floor":47,"turns":4},{"damage":10,"enemies":"Donu and Deca","floor":50,"turns":8}],"seed_played":"-8504113597204793888","potions_obtained":[{"floor":11,"key":"LiquidBronze"},{"floor":13,"key":"SteroidPotion"},{"floor":18,"key":"EssenceOfSteel"},{"floor":21,"key":"Weak Potion"},{"floor":29,"key":"Strength Potion"},{"floor":35,"key":"Fire Potion"},{"floor":41,"key":"Dexterity Potion"},{"floor":45,"key":"Weak Potion"}],"is_trial":false,"path_per_floor":["M","M","$","?","M","R","E","R","T","?","E","R","E","$","R","B",null,"M","$","?","M","?","E","R","M","T","E","R","M","$","T","R","B",null,"M","T","M","M","?","E","M","R","T","R","E","R","M","$","R","B",null],"character_chosen":"THE_SILENT","items_purchased":["Poisoned Stab","EssenceOfSteel","Backstab","Inflame","Block Potion","SteroidPotion","Kunai","Dark Shackles"],"campfire_rested":0,"item_purchase_floors":[3,14,19,30,30,30,48,48],"current_hp_per_floor":[70,70,70,70,70,70,68,68,68,68,62,62,51,51,51,43,70,70,70,70,70,70,70,70,70,70,70,70,70,70,70,70,70,70,70,70,70,70,66,66,66,66,66,66,66,66,66,66,66,56],"gold":119,"neow_bonus":"","is_prod":false,"is_daily":true,"chose_seed":false,"campfire_upgraded":11,"win_rate":0,"timestamp":1548420249,"path_taken":["M","M","$","?","M","R","E","R","T","?","E","R","E","$","R","BOSS","M","?","?","M","?","E","R","M","T","E","R","M","$","?","R","BOSS","M","?","M","M","?","E","M","R","T","R","E","R","?","$","R","BOSS"],"build_version":"2019-01-23","purchased_purges":1,"victory":true,"max_hp_per_floor":[70,70,70,70,70,70,70,70,70,70,70,70,70,70,70,70,70,70,70,70,70,70,70,70,70,70,70,70,70,70,70,70,70,70,70,70,70,70,66,66,66,66,66,66,66,66,66,66,66,66],"card_choices":[{"not_picked":["Perfected Strike","True Grit"],"picked":"Poisoned Stab","floor":0},{"not_picked":["Flying Knee","Calculated Gamble"],"picked":"Footwork","floor":0},{"not_picked":["Rage","Prepared"],"picked":"Evolve","floor":0},{"not_picked":["Dagger Spray","Anger"],"picked":"Dodge and Roll","floor":0},{"not_picked":["Dodge and Roll","Headbutt"],"picked":"Shrug It Off","floor":0},{"not_picked":["Heavy Blade","Endless Agony"],"picked":"PiercingWail","floor":0},{"not_picked":["Havoc","Outmaneuver"],"picked":"Metallicize","floor":0},{"not_picked":["Body Slam","Backflip"],"picked":"Sucker Punch","floor":0},{"not_picked":["Underhanded Strike","Dropkick"],"picked":"Masterful Stab","floor":0},{"not_picked":["Combust","Dual Wield"],"picked":"Dagger Spray","floor":0},{"not_picked":["Endless Agony","Body Slam"],"picked":"Deadly Poison","floor":0},{"not_picked":["Blood for Blood","Shockwave"],"picked":"Quick Slash","floor":0},{"not_picked":["Prepared","Setup"],"picked":"Body Slam","floor":0},{"not_picked":["Iron Wave","Thunderclap"],"picked":"Endless Agony","floor":0},{"not_picked":["Intimidate","Clothesline"],"picked":"Thunderclap","floor":0},{"not_picked":["Entrench"],"picked":"Calculated Gamble","floor":1},{"not_picked":["Bane"],"picked":"Dodge and Roll","floor":2},{"not_picked":["Combust","Power Through"],"picked":"SKIP","floor":5},{"not_picked":["Sucker Punch","Prepared"],"picked":"SKIP","floor":7},{"not_picked":["Warcry","Searing Blow"],"picked":"SKIP","floor":11},{"not_picked":["Body Slam","Bullet Time"],"picked":"SKIP","floor":13},{"not_picked":["Fiend Fire"],"picked":"Malaise","floor":16},{"not_picked":["Masterful Stab"],"picked":"Cloak And Dagger","floor":18},{"not_picked":["Clash+1"],"picked":"Body Slam+1","floor":21},{"not_picked":["Warcry","Dagger Spray"],"picked":"SKIP","floor":23},{"not_picked":["Tactician","Flex"],"picked":"SKIP","floor":25},{"not_picked":["Escape Plan"],"picked":"True Grit+1","floor":27},{"not_picked":["Body Slam","Evolve"],"picked":"SKIP","floor":29},{"not_picked":["Double Tap","Dark Embrace"],"picked":"Malaise","floor":33},{"not_picked":["Deadly Poison","Blood for Blood+1"],"picked":"Catalyst+1","floor":35},{"not_picked":["Headbutt","Blade Dance+1","Clash"],"picked":"SKIP","floor":37},{"not_picked":["Concentrate+1","Body Slam+1"],"picked":"Spot Weakness+1","floor":38},{"not_picked":["Cloak And Dagger","Perfected Strike","Warcry+1"],"picked":"SKIP","floor":40},{"not_picked":["Flying Knee+1","True Grit"],"picked":"Backflip+1","floor":41},{"not_picked":["Ghostly Armor+1","Infernal Blade+1","Anger"],"picked":"SKIP","floor":45},{"not_picked":["Armaments+1","Headbutt"],"picked":"Footwork","floor":47}],"player_experience":1931249,"relics_obtained":[{"floor":7,"key":"Potion Belt"},{"floor":9,"key":"Mercury Hourglass"},{"floor":11,"key":"Snake Skull"},{"floor":13,"key":"Bottled Tornado"},{"floor":23,"key":"Regal Pillow"},{"floor":26,"key":"Tiny Chest"},{"floor":27,"key":"Dream Catcher"},{"floor":31,"key":"Question Card"},{"floor":36,"key":"Oddly Smooth Stone"},{"floor":40,"key":"Ornamental Fan"},{"floor":43,"key":"Blood Vial"},{"floor":45,"key":"Meat on the Bone"}],"event_choices":[{"damage_healed":0,"gold_gain":0,"player_choice":"Grow","damage_taken":0,"max_hp_gain":0,"max_hp_loss":0,"event_name":"Living Wall","floor":4,"gold_loss":0,"cards_upgraded":["Body Slam"]},{"damage_healed":0,"gold_gain":0,"player_choice":"Rummage","damage_taken":0,"relics_obtained":["WarpedTongs"],"max_hp_gain":0,"max_hp_loss":0,"event_name":"Accursed Blacksmith","floor":10,"gold_loss":0,"cards_obtained":["Pain"]},{"damage_healed":0,"gold_gain":0,"player_choice":"Ignored","damage_taken":0,"max_hp_gain":0,"max_hp_loss":0,"event_name":"Beggar","floor":20,"gold_loss":0},{"damage_healed":0,"gold_gain":0,"player_choice":"Inject Mutagens","damage_taken":0,"relics_obtained":["MutagenicStrength"],"max_hp_gain":0,"max_hp_loss":0,"event_name":"Drug Dealer","floor":22,"gold_loss":0},{"damage_healed":0,"gold_gain":0,"player_choice":"Max HP","damage_taken":0,"max_hp_gain":0,"max_hp_loss":4,"event_name":"Winding Halls","floor":39,"gold_loss":0}],"is_beta":false,"boss_relics":[{"not_picked":["Fusion Hammer","Calling Bell"],"picked":"Coffee Dripper"},{"not_picked":["Empty Cage","Velvet Choker"],"picked":"Ring of the Serpent"}],"items_purged_floors":[14],"is_endless":false,"potions_floor_spawned":[11,13,18,21,29,35,41,45],"ascension_level":0}