{"gold_per_floor":[219,394,394,410,33,33,64,64,87,87,116,175,175],"floor_reached":13,"playtime":1046,"items_purged":["Defend_G"],"score":93,"play_id":"a55ad857-2f14-4930-998d-18e048657a83","local_time":"20190205173812","is_ascension_mode":true,"campfire_choices":[{"floor":6,"key":"RECALL"},{"data":"A Thousand Cuts","floor":8,"key":"SMITH"}],"neow_cost":"NONE","seed_source_timestamp":2394286247981705,"circlet_count":0,"master_deck":["Defend_G","Defend_G","Defend_G","Defend_G","Strike_G","Strike_G","Strike_G","Strike_G","Strike_G+1","Survivor","Neutralize+1","Dodge and Roll","Noxious Fumes","A Thousand Cuts+1","Die Die Die","Infinite Blades","Glass Knife","Dodge and Roll"],"relics":["Ring of the Snake","Omamori","Matryoshka","Whetstone","Vajra"],"potions_floor_usage":[7,7,11,13],"damage_taken":[{"damage":0,"enemies":"2 Louse","floor":1,"turns":3},{"damage":0,"enemies":"Small Slimes","floor":4,"turns":5},{"damage":11,"enemies":"Lagavulin","floor":7,"turns":7},{"damage":10,"enemies":"3 Sentries","floor":11,"turns":5},{"damage":33,"enemies":"Lagavulin Event","floor":12,"turns":6},{"damage":3,"enemies":"Gremlin Nob","floor":13,"turns":2}],"seed_played":"-1682980183397024486","potions_obtained":[{"floor":1,"key":"EssenceOfSteel"},{"floor":4,"key":"Fire Potion"},{"floor":7,"key":"Dexterity Potion"},{"floor":12,"key":"AttackPotion"}],"is_trial":false,"path_per_floor":["M","?","?","M","$","R","E","R","T","?","E","?","E"],"character_chosen":"THE_SILENT","items_purchased":["A Thousand Cuts","Die Die Die"],"campfire_rested":0,"item_purchase_floors":[5,5],"current_hp_per_floor":[70,70,63,63,63,63,52,52,52,45,35,2,0],"gold":175,"neow_bonus":"HUNDRED_GOLD","is_prod":false,"is_daily":false,"chose_seed":false,"campfire_upgraded":1,"win_rate":0,"timestamp":1549409892,"path_taken":["M","?","?","M","$","R","E","R","T","?","E","?","E"],"build_version":"2019-01-23","purchased_purges":1,"victory":false,"max_hp_per_floor":[70,70,70,70,70,70,70,70,70,70,70,70,70],"card_choices":[{"not_picked":["Expertise","Quick Slash"],"picked":"Dodge and Roll","floor":1},{"not_picked":["Dagger Spray","Finisher"],"picked":"Noxious Fumes","floor":4},{"not_picked":["Sucker Punch","Noxious Fumes"],"picked":"Infinite Blades","floor":7},{"not_picked":["Predator","Masterful Stab"],"picked":"Glass Knife","floor":11},{"not_picked":["Deflect","Quick Slash"],"picked":"Dodge and Roll","floor":12}],"player_experience":20628,"relics_obtained":[{"floor":7,"key":"Omamori"},{"floor":11,"key":"Whetstone"},{"floor":12,"key":"Vajra"}],"event_choices":[{"damage_healed":0,"gold_gain":175,"player_choice":"AGREE","damage_taken":0,"max_hp_gain":0,"max_hp_loss":0,"event_name":"Liars Game","floor":2,"gold_loss":0,"cards_obtained":["Doubt"]},{"cards_removed":["Doubt"],"damage_healed":0,"gold_gain":0,"player_choice":"Card Removal","damage_taken":7,"max_hp_gain":0,"max_hp_loss":0,"event_name":"Golden Wing","floor":3,"gold_loss":0},{"damage_healed":0,"gold_gain":0,"player_choice":"Success","damage_taken":7,"relics_obtained":["Matryoshka"],"max_hp_gain":0,"max_hp_loss":0,"event_name":"Scrap Ooze","floor":10,"gold_loss":0},{"damage_healed":0,"gold_gain":0,"player_choice":"Searched \u00271\u0027 times","damage_taken":0,"max_hp_gain":0,"max_hp_loss":0,"event_name":"Dead Adventurer","floor":12,"gold_loss":0}],"is_beta":true,"boss_relics":[],"items_purged_floors":[5],"is_endless":false,"potions_floor_spawned":[1,4,7,12],"killed_by":"Gremlin Nob","ascension_level":1}