{"gold_per_floor":[116,66,29,44,57,91,91,124,124,139,139,171,171,186,186,284,284,284],"floor_reached":18,"playtime":489,"items_purged":[],"score":180,"play_id":"f4233af5-6a0e-4024-b90b-3aee3d2db65e","local_time":"20180727233721","is_ascension_mode":false,"campfire_choices":[{"floor":11,"key":"REST"},{"data":"Storm of Steel","floor":13,"key":"SMITH"},{"floor":15,"key":"REST"}],"neow_cost":"NONE","seed_source_timestamp":40087941218415,"circlet_count":0,"master_deck":["Survivor","Neutralize","PiercingWail","Dodge and Roll","PiercingWail","Dagger Throw","Flying Knee","Bane","Expertise","Underhanded Strike","Quick Slash","Deadly Poison","Footwork","Choke","Catalyst","Crippling Poison","Caltrops","After Image","Storm of Steel+1","Noxious Fumes","Adrenaline"],"relics":["Pandora\u0027s Box","Shuriken","Omamori","Meat on the Bone","Sundial","Fusion Hammer"],"potions_floor_usage":[6,14,16],"damage_taken":[{"damage":0,"enemies":"Jaw Worm","floor":1,"turns":2},{"damage":6,"enemies":"2 Louse","floor":4,"turns":2},{"damage":10,"enemies":"Small Slimes","floor":5,"turns":4},{"damage":23,"enemies":"Gremlin Nob","floor":6,"turns":4},{"damage":13,"enemies":"Lagavulin","floor":8,"turns":5},{"damage":13,"enemies":"Gremlin Gang","floor":10,"turns":4},{"damage":18,"enemies":"Gremlin Nob","floor":12,"turns":4},{"damage":10,"enemies":"2 Fungi Beasts","floor":14,"turns":3},{"damage":22,"enemies":"The Guardian","floor":16,"turns":7},{"damage":0,"enemies":"3 Byrds","floor":18,"turns":1}],"seed_played":"-6630417959681101540","potions_obtained":[{"floor":4,"key":"Swift Potion"},{"floor":5,"key":"FearPotion"},{"floor":8,"key":"Explosive Potion"},{"floor":14,"key":"Energy Potion"},{"floor":16,"key":"Energy Potion"}],"is_trial":false,"path_per_floor":["M","?","$","M","M","E","?","E","T","M","R","E","R","M","R","B",null],"character_chosen":"THE_SILENT","items_purchased":["Footwork"],"campfire_rested":2,"item_purchase_floors":[3],"current_hp_per_floor":[70,70,70,64,54,31,31,18,18,17,38,32,32,34,55,45,70,70],"gold":284,"neow_bonus":"BOSS_RELIC","is_prod":false,"is_daily":false,"chose_seed":false,"campfire_upgraded":1,"win_rate":0,"timestamp":1532700441,"path_taken":["M","?","$","M","M","E","?","E","T","M","R","E","R","M","R","BOSS","M"],"build_version":"2018-07-26","purchased_purges":0,"victory":false,"max_hp_per_floor":[70,70,70,70,70,70,70,70,70,70,70,70,70,70,70,70,70,70],"card_choices":[{"not_picked":["Reflex","Endless Agony"],"picked":"Deadly Poison","floor":1},{"not_picked":["Backflip","Deadly Poison"],"picked":"Choke","floor":4},{"not_picked":["Flying Knee","Poisoned Stab"],"picked":"Catalyst","floor":5},{"not_picked":["Quick Slash","Underhanded Strike"],"picked":"Crippling Poison","floor":6},{"not_picked":["Dagger Throw","Flechettes"],"picked":"Caltrops","floor":8},{"not_picked":["Bane","Dash"],"picked":"After Image","floor":10},{"not_picked":["Underhanded Strike","Slice"],"picked":"Storm of Steel","floor":12},{"not_picked":["Endless Agony","Flying Knee"],"picked":"Noxious Fumes","floor":14},{"not_picked":["Burst","Die Die Die"],"picked":"Adrenaline","floor":16}],"player_experience":272954,"relics_obtained":[{"floor":6,"key":"Shuriken"},{"floor":8,"key":"Omamori"},{"floor":9,"key":"Meat on the Bone"},{"floor":12,"key":"Sundial"}],"event_choices":[{"event_name":"The Cleric","player_choice":"Card Removal","floor":2,"damage_taken":0},{"event_name":"Dead Adventurer","player_choice":"Searched \u00271\u0027 times","floor":7,"damage_taken":0}],"is_beta":false,"boss_relics":[{"not_picked":["Philosopher\u0027s Stone","Astrolabe"],"picked":"Fusion Hammer"}],"items_purged_floors":[],"is_endless":false,"potions_floor_spawned":[4,5,8,14,16],"killed_by":"3 Byrds","ascension_level":0}