{"gold_per_floor":[112,130,144,144,144,144,173,173,220,220,246,270,270],"floor_reached":13,"playtime":835,"items_purged":[],"score":164,"play_id":"85e56f03-80ad-40b9-9cdc-2fee585694df","local_time":"20190211180103","is_ascension_mode":true,"campfire_choices":[{"data":"Shrug It Off","floor":6,"key":"SMITH"},{"data":"Strike_R","floor":8,"key":"PURGE"},{"data":"Defend_R","floor":10,"key":"PURGE"}],"neow_cost":"NONE","seed_source_timestamp":0,"circlet_count":0,"master_deck":["AscendersBane","Strike_R","Strike_R","Strike_R","Strike_R","Defend_R","Defend_R","Defend_R","Bash","Shrug It Off+1","Battle Trance"],"special_seed":0,"relics":["Burning Blood","Pen Nib","Peace Pipe","Happy Flower","Calipers","Odd Mushroom"],"potions_floor_usage":[11,11],"damage_taken":[{"damage":18,"enemies":"Jaw Worm","floor":1,"turns":4},{"damage":4,"enemies":"Small Slimes","floor":2,"turns":4},{"damage":0,"enemies":"2 Louse","floor":3,"turns":3},{"damage":30,"enemies":"3 Sentries","floor":7,"turns":13},{"damage":28,"enemies":"Gremlin Nob","floor":11,"turns":5},{"damage":24,"enemies":"The Mushroom Lair","floor":12,"turns":6},{"damage":9,"enemies":"Red Slaver","floor":13,"turns":1}],"seed_played":"2988301861161027020","potions_obtained":[{"floor":2,"key":"Weak Potion"},{"floor":3,"key":"GamblersBrew"},{"floor":7,"key":"SteroidPotion"},{"floor":11,"key":"Poison Potion"}],"is_trial":false,"path_per_floor":["M","M","M","?","?","R","E","R","T","R","E","?","M"],"character_chosen":"IRONCLAD","items_purchased":[],"campfire_rested":0,"item_purchase_floors":[],"current_hp_per_floor":[63,65,71,66,71,71,47,47,47,47,25,7,0],"gold":270,"neow_bonus":"TEN_PERCENT_HP_BONUS","is_prod":false,"is_daily":false,"chose_seed":false,"campfire_upgraded":1,"win_rate":0,"timestamp":1549904463,"path_taken":["M","M","M","?","?","R","E","R","T","R","E","?","M"],"build_version":"2019-02-06","purchased_purges":0,"victory":false,"max_hp_per_floor":[82,82,82,82,87,87,87,87,87,87,87,87,87],"card_choices":[{"not_picked":["Anger","Blood for Blood"],"picked":"Shrug It Off","floor":1},{"not_picked":["Dropkick","Armaments"],"picked":"Battle Trance","floor":2},{"not_picked":["Perfected Strike","Thunderclap","Flex"],"picked":"SKIP","floor":3},{"not_picked":["Clash","Pummel","Corruption"],"picked":"SKIP","floor":7},{"not_picked":["Pommel Strike","Burning Pact","Battle Trance"],"picked":"SKIP","floor":11}],"player_experience":440329,"relics_obtained":[{"floor":7,"key":"Peace Pipe"},{"floor":9,"key":"Happy Flower"},{"floor":11,"key":"Calipers"},{"floor":12,"key":"Odd Mushroom"}],"event_choices":[{"damage_healed":0,"gold_gain":0,"player_choice":"Success","damage_taken":5,"relics_obtained":["Pen Nib"],"max_hp_gain":0,"max_hp_loss":0,"event_name":"Scrap Ooze","floor":4,"gold_loss":0},{"damage_healed":0,"gold_gain":0,"player_choice":"Donut","damage_taken":0,"max_hp_gain":5,"max_hp_loss":0,"event_name":"Big Fish","floor":5,"gold_loss":0},{"damage_healed":0,"gold_gain":0,"player_choice":"Fought Mushrooms","damage_taken":0,"max_hp_gain":0,"max_hp_loss":0,"event_name":"Mushrooms","floor":12,"gold_loss":0}],"is_beta":true,"boss_relics":[],"items_purged_floors":[],"is_endless":false,"potions_floor_spawned":[2,3,7,11],"killed_by":"Red Slaver","ascension_level":16}