{"gold_per_floor":[110,110,130,130,230,230,247,247,247,303,323,348,360,390,390,489,489,499,516,136,136,136,136,155,155,206,222,122,148,168,203,203,305,305,316,316,326,326,326,352,352,157,157,157,157,185,185,198,198,198],"floor_reached":50,"playtime":3914,"items_purged":["Strike_B","Strike_B","Pain"],"score":609,"play_id":"c85dcb59-420d-4be3-bcd9-efc31defbf00","local_time":"20190205171014","is_ascension_mode":true,"campfire_choices":[{"floor":6.0,"key":"RECALL"},{"data":"Cold Snap","floor":8.0,"key":"SMITH"},{"floor":15.0,"key":"REST"},{"data":"Creative AI","floor":23.0,"key":"SMITH"},{"data":"Storm","floor":25.0,"key":"SMITH"},{"data":"Electrodynamics","floor":32.0,"key":"SMITH"},{"floor":41,"key":"REST"},{"floor":44,"key":"REST"},{"data":"Apotheosis","floor":49,"key":"SMITH"}],"neow_cost":"NONE","seed_source_timestamp":0,"circlet_count":0,"master_deck":["Defend_B","Defend_B","Defend_B","Defend_B","Zap+1","Dualcast","Self Repair","Stack","Cold Snap+1","Electrodynamics+1","Storm+1","Reinforced Body","Ball Lightning","Seek","Creative AI+1","Leap","Defragment","Biased Cognition","Biased Cognition","Machine Learning","Undo+1","Heatsinks","Apotheosis+1","Good Instincts","Reinforced Body+1"],"special_seed":0,"relics":["Cracked Core","Tiny Chest","Blood Vial","Anchor","Nuclear Battery","Omamori","Matryoshka","Happy Flower","Bronze Scales","Lantern","Torii","Cursed Key","Dream Catcher","Shuriken","Mercury Hourglass","Kunai","Darkstone Periapt","Orichalcum"],"potions_floor_usage":[40,50,50,50],"damage_taken":[{"damage":0.0,"enemies":"2 Louse","floor":1.0,"turns":2.0},{"damage":6.0,"enemies":"Cultist","floor":3.0,"turns":3.0},{"damage":0.0,"enemies":"Small Slimes","floor":7.0,"turns":4.0},{"damage":41.0,"enemies":"3 Sentries","floor":10.0,"turns":10.0},{"damage":2.0,"enemies":"2 Fungi Beasts","floor":11.0,"turns":3.0},{"damage":23.0,"enemies":"Gremlin Nob","floor":12.0,"turns":4.0},{"damage":1.0,"enemies":"Exordium Thugs","floor":13.0,"turns":4.0},{"damage":24.0,"enemies":"3 Sentries","floor":14.0,"turns":4.0},{"damage":20.0,"enemies":"The Guardian","floor":16.0,"turns":14.0},{"damage":0.0,"enemies":"Chosen","floor":18.0,"turns":3.0},{"damage":1.0,"enemies":"3 Byrds","floor":19.0,"turns":4.0},{"damage":18.0,"enemies":"Shelled Parasite and Fungi","floor":24.0,"turns":4.0},{"damage":0.0,"enemies":"Cultist and Chosen","floor":27.0,"turns":3.0},{"damage":27.0,"enemies":"Book of Stabbing","floor":29.0,"turns":5.0},{"damage":3.0,"enemies":"Snecko","floor":30.0,"turns":4.0},{"damage":19.0,"enemies":"Slavers","floor":31.0,"turns":4.0},{"damage":17.0,"enemies":"Champ","floor":33.0,"turns":7.0},{"damage":0,"enemies":"3 Darklings","floor":35,"turns":2},{"damage":0,"enemies":"Orb Walker","floor":37,"turns":2},{"damage":37,"enemies":"Nemesis","floor":40,"turns":5},{"damage":36,"enemies":"Giant Head","floor":46,"turns":7},{"damage":0,"enemies":"3 Darklings","floor":48,"turns":2},{"damage":53,"enemies":"Time Eater","floor":50,"turns":9}],"seed_played":"-2461722515309975818","potions_obtained":[{"floor":1.0,"key":"SkillPotion"},{"floor":7.0,"key":"SteroidPotion"},{"floor":12.0,"key":"EntropicBrew"},{"floor":16.0,"key":"Poison Potion"},{"floor":29.0,"key":"Explosive Potion"},{"floor":33.0,"key":"Energy Potion"},{"floor":35,"key":"LiquidBronze"},{"floor":37,"key":"SkillPotion"},{"floor":48,"key":"SpeedPotion"}],"is_trial":false,"path_per_floor":["M","?","M","?","?","R","M","R","T","E","M","E","M","E","R","B",null,"M","M","$","?","?","R","M","R","T","M","$","E","M","E","R","B",null,"M","T","M","?","T","E","R","$","T","R","?","E","?","M","R","B"],"character_chosen":"DEFECT","items_purchased":["Omamori","Defragment","FocusPotion","Heatsinks"],"campfire_rested":3,"item_purchase_floors":[20,20,20,42],"current_hp_per_floor":[75,75,75,68,68,68,75,75,75,41,46,30,38,23,45,34,75,75,75,75,75,75,75,64,64,64,73,73,55,61,51,51,43,75,75,75,75,75,75,45,67,67,67,75,65,41,41,50,50,0],"gold":198,"neow_bonus":"REMOVE_CARD","is_prod":false,"is_daily":false,"chose_seed":false,"campfire_upgraded":5,"win_rate":1,"timestamp":1549408214,"path_taken":["M","?","?","?","?","R","?","R","T","E","M","E","M","E","R","BOSS","M","M","?","?","?","R","M","R","T","?","$","E","M","E","R","BOSS","M","?","M","?","?","E","R","$","T","R","?","E","?","?","R","BOSS"],"build_version":"2019-01-23","purchased_purges":3,"victory":false,"max_hp_per_floor":[75,75,75,75,75,75,75,75,75,75,75,75,75,75,75,75,75,75,75,75,75,75,75,75,75,75,75,75,75,75,75,75,75,75,75,75,75,75,75,75,75,75,75,75,75,75,75,75,75,75],"card_choices":[{"not_picked":["Aggregate","Streamline"],"picked":"Self Repair","floor":1.0},{"not_picked":["Turbo","Steam"],"picked":"Stack","floor":3.0},{"not_picked":["Streamline","Double Energy"],"picked":"Cold Snap","floor":7.0},{"not_picked":["Hologram","Streamline"],"picked":"Electrodynamics","floor":10.0},{"not_picked":["Rebound","Leap"],"picked":"Storm","floor":11.0},{"not_picked":["Lockon","Static Discharge"],"picked":"Reinforced Body","floor":12.0},{"not_picked":["Lockon","Chill"],"picked":"Ball Lightning","floor":13.0},{"not_picked":["Scrape","Loop"],"picked":"Seek","floor":14.0},{"not_picked":["All For One","Fission"],"picked":"Creative AI","floor":16.0},{"not_picked":["Compile Driver+1","Sunder"],"picked":"Leap","floor":18.0},{"not_picked":["Chaos","Coolheaded","Blizzard"],"picked":"SKIP","floor":19.0},{"not_picked":["Self Repair","Turbo","Coolheaded+1"],"picked":"SKIP","floor":24.0},{"not_picked":["Coolheaded+1","Sweeping Beam","Gash+1"],"picked":"SKIP","floor":27.0},{"not_picked":["Melter","Hologram"],"picked":"Biased Cognition","floor":29.0},{"not_picked":["Streamline+1","White Noise","Conserve Battery"],"picked":"SKIP","floor":30.0},{"not_picked":["Go for the Eyes","Aggregate"],"picked":"Biased Cognition","floor":31.0},{"not_picked":["All For One","Multi-Cast"],"picked":"Machine Learning","floor":33.0},{"not_picked":["Skim+1","Compile Driver+1","Beam Cell"],"picked":"SKIP","floor":35},{"not_picked":["Double Energy+1","Coolheaded","Sweeping Beam+1"],"picked":"SKIP","floor":37},{"not_picked":["Reprogram","Darkness+1","Blizzard"],"picked":"SKIP","floor":40},{"not_picked":["Fusion","White Noise"],"picked":"Undo+1","floor":41},{"not_picked":["Magnetism","Secret Weapon"],"picked":"Apotheosis","floor":45},{"not_picked":["Magnetism","Secret Weapon"],"picked":"Good Instincts","floor":45},{"not_picked":["Rip and Tear+1","Doom and Gloom+1"],"picked":"Reinforced Body+1","floor":46},{"not_picked":["Reinforced Body","Heatsinks","Turbo+1"],"picked":"SKIP","floor":48}],"player_experience":16135,"relics_obtained":[{"floor":10.0,"key":"Tiny Chest"},{"floor":12.0,"key":"Blood Vial"},{"floor":14.0,"key":"Anchor"},{"floor":26.0,"key":"Happy Flower"},{"floor":26.0,"key":"Bronze Scales"},{"floor":29.0,"key":"Lantern"},{"floor":31.0,"key":"Torii"},{"floor":36,"key":"Dream Catcher"},{"floor":36,"key":"Shuriken"},{"floor":39,"key":"Mercury Hourglass"},{"floor":40,"key":"Kunai"},{"floor":43,"key":"Darkstone Periapt"},{"floor":46,"key":"Orichalcum"}],"event_choices":[{"damage_healed":0.0,"max_hp_gain":0.0,"max_hp_loss":0.0,"gold_gain":0.0,"event_name":"Upgrade Shrine","player_choice":"Upgraded","floor":2.0,"gold_loss":0.0,"damage_taken":0.0,"cards_upgraded":["Zap"]},{"cards_removed":["Strike_B"],"damage_healed":0.0,"max_hp_gain":0.0,"max_hp_loss":0.0,"gold_gain":0.0,"event_name":"Golden Wing","player_choice":"Card Removal","floor":4.0,"gold_loss":0.0,"damage_taken":7.0},{"damage_healed":0.0,"max_hp_gain":0.0,"max_hp_loss":0.0,"gold_gain":100.0,"event_name":"Golden Shrine","player_choice":"Pray","floor":5.0,"gold_loss":0.0,"damage_taken":0.0},{"damage_healed":0.0,"max_hp_gain":0.0,"max_hp_loss":0.0,"gold_gain":0.0,"event_name":"Ghosts","player_choice":"Ignored","floor":21.0,"gold_loss":0.0,"damage_taken":0.0},{"damage_healed":0.0,"max_hp_gain":0.0,"max_hp_loss":0.0,"gold_gain":0.0,"event_name":"The Mausoleum","player_choice":"Opened","floor":22.0,"gold_loss":0.0,"damage_taken":0.0,"relics_obtained":["Matryoshka"],"cards_obtained":["Writhe"]},{"damage_healed":0,"gold_gain":0,"player_choice":"Ignored","damage_taken":0,"max_hp_gain":0,"max_hp_loss":0,"event_name":"Tomb of Lord Red Mask","floor":38,"gold_loss":0},{"damage_healed":0,"gold_gain":0,"player_choice":"Memory 3","damage_taken":10,"max_hp_gain":0,"max_hp_loss":0,"event_name":"SensoryStone","floor":45,"gold_loss":0},{"cards_removed":["Injury"],"damage_healed":0,"gold_gain":0,"player_choice":"Removed Curses","damage_taken":0,"max_hp_gain":0,"max_hp_loss":0,"event_name":"Fountain of Cleansing","floor":47,"gold_loss":0}],"is_beta":true,"boss_relics":[{"not_picked":["Busted Crown","Inserter"],"picked":"Nuclear Battery"},{"not_picked":["Snecko Eye","Coffee Dripper"],"picked":"Cursed Key"}],"items_purged_floors":[20,28,42],"is_endless":false,"potions_floor_spawned":[1,7,12,16,24,29,33,35,37,48],"killed_by":"Time Eater","ascension_level":1}