{"path_per_floor":["M","$","?","M","M","R","M","R","T","?","M","M","$","?","R","B",null,"M","M","$"],"character_chosen":"DEFECT","items_purchased":["Gash","Doom and Gloom","Gash"],"gold_per_floor":[113,19,19,39,58,58,70,70,70,70,82,97,48,48,48,145,145,162,179,104,104],"floor_reached":21,"campfire_rested":2,"playtime":967,"item_purchase_floors":[2,2,13],"current_hp_per_floor":[58,58,58,52,50,72,64,64,64,64,58,46,46,31,53,47,68,37,27,27,0],"items_purged":["Strike_B"],"gold":104,"score":222,"play_id":"315ed833-189c-4e86-acd6-52df04e4d99a","local_time":"20180616225810","is_prod":false,"is_daily":false,"chose_seed":false,"is_ascension_mode":true,"campfire_upgraded":1,"win_rate":0,"timestamp":1529204290,"campfire_choices":[{"floor":6,"key":"REST"},{"data":"Gash","floor":8,"key":"SMITH"},{"floor":15,"key":"REST"}],"path_taken":["M","$","?","?","M","R","?","R","T","?","M","M","?","?","R","BOSS","M","M","$","M"],"build_version":"2018-06-14v2","seed_source_timestamp":242659484724330,"purchased_purges":1,"victory":false,"master_deck":["Strike_B","Strike_B","Strike_B","Defend_B","Defend_B","Defend_B","Defend_B","Zap+1","Dualcast","FTL","Gash+1","Doom and Gloom","Beam Cell+1","Cold Snap","Beam Cell","Gash+1","Core Surge","Cold Snap","Go for the Eyes"],"max_hp_per_floor":[75,75,75,75,75,75,75,75,75,75,75,75,75,75,75,75,75,75,75,75,75],"relics":["Runic Pyramid","Darkstone Periapt","Black Star"],"card_choices":[{"not_picked":["Stack","Beam Cell"],"picked":"FTL","floor":1},{"not_picked":["Barrage","BootSequence"],"picked":"Beam Cell","floor":4},{"not_picked":["Steam","Barrage","Compile Driver"],"picked":"SKIP","floor":5},{"not_picked":["Redo","Stack"],"picked":"Cold Snap","floor":7},{"not_picked":["Storm","Electrodynamics"],"picked":"Beam Cell","floor":11},{"not_picked":["Doom and Gloom","Capacitor","Hologram"],"picked":"SKIP","floor":12},{"not_picked":["Seek","Reboot"],"picked":"Core Surge","floor":16},{"not_picked":["Barrage","Steam"],"picked":"Cold Snap","floor":18},{"not_picked":["Sunder","Barrage"],"picked":"Go for the Eyes","floor":19}],"player_experience":611112,"potions_floor_usage":[16,16,16,21],"damage_taken":[{"damage":10,"enemies":"Small Slimes","floor":1,"turns":3},{"damage":6,"enemies":"Cultist","floor":4,"turns":3},{"damage":2,"enemies":"2 Louse","floor":5,"turns":2},{"damage":8,"enemies":"Exordium Thugs","floor":7,"turns":3},{"damage":6,"enemies":"Blue Slaver","floor":11,"turns":2},{"damage":12,"enemies":"Exordium Wildlife","floor":12,"turns":5},{"damage":6,"enemies":"The Guardian","floor":16,"turns":9},{"damage":31,"enemies":"2 Thieves","floor":18,"turns":4},{"damage":10,"enemies":"3 Byrds","floor":19,"turns":4},{"damage":28,"enemies":"Snake Plant","floor":21,"turns":4}],"relics_obtained":[{"floor":9,"key":"Darkstone Periapt"}],"event_choices":[{"event_name":"Liars Game","player_choice":"disagreed","floor":3,"damage_taken":0},{"event_name":"Accursed Blacksmith","player_choice":"Forge","floor":10,"damage_taken":0},{"event_name":"Shining Light","player_choice":"Entered Light","floor":14,"damage_taken":0}],"boss_relics":[{"not_picked":["Coffee Dripper","Calling Bell"],"picked":"Black Star"}],"items_purged_floors":[20],"is_endless":false,"potions_floor_spawned":[5,7,12,16,19],"seed_played":"7072827838433429344","killed_by":"Snake Plant","ascension_level":6,"potions_obtained":[{"floor":5,"key":"SpeedPotion"},{"floor":7,"key":"Block Potion"},{"floor":12,"key":"Fire Potion"},{"floor":16,"key":"GamblersBrew"},{"floor":19,"key":"Dexterity Potion"}],"is_trial":false}