{"path_per_floor":["M","?","?","?","M","R","?","R","T","R","M","$","?","M","R","B",null,"M","M","?","$"],"character_chosen":"IRONCLAD","items_purchased":["Shrug It Off","Entrench"],"gold_per_floor":[109,109,109,109,126,126,126,126,126,126,141,15,15,31,31,131,131,145,110,310,177,177],"floor_reached":22,"campfire_rested":2,"playtime":1309,"item_purchase_floors":[12,21],"current_hp_per_floor":[42,42,42,39,31,55,55,55,55,55,63,63,63,53,77,54,80,58,29,29,29,0],"items_purged":["Strike_R","Strike_R"],"gold":177,"score":172,"play_id":"73c7aaba-50d0-4d7a-b3bd-456ad74e3ccb","local_time":"20180620222237","is_prod":false,"is_daily":false,"chose_seed":false,"is_ascension_mode":false,"campfire_upgraded":2,"win_rate":0,"timestamp":1529547757,"campfire_choices":[{"floor":6,"key":"REST"},{"data":"Juggernaut","floor":8,"key":"SMITH"},{"data":"Mind Blast","floor":10,"key":"SMITH"},{"floor":15,"key":"REST"}],"path_taken":["M","?","?","?","M","R","?","R","T","R","?","$","?","M","R","BOSS","M","M","?","$","?"],"build_version":"2018-06-14v2","seed_source_timestamp":585746084704792,"purchased_purges":2,"victory":false,"master_deck":["Strike_R","Defend_R","Defend_R","Defend_R","Bash","Headbutt","Juggernaut+1","Bash","Mind Blast+1","Armaments","Ghostly Armor","Shrug It Off","Feed","Entrench"],"max_hp_per_floor":[80,80,80,80,80,80,80,80,80,80,80,80,80,80,80,80,80,83,86,86,86,86],"relics":["Burning Blood","Art of War","Gambling Chip","Runic Cube"],"card_choices":[{"not_picked":["Wild Strike","Anger"],"picked":"Headbutt","floor":1},{"not_picked":["Warcry","Sword Boomerang"],"picked":"Armaments","floor":5},{"not_picked":["Perfected Strike","Havoc"],"picked":"Ghostly Armor","floor":11},{"not_picked":["Bloodletting","Sever Soul","Blood for Blood"],"picked":"SKIP","floor":14},{"not_picked":["Brutality","Limit Break"],"picked":"Feed","floor":16},{"not_picked":["Combust+1","Clothesline","Carnage"],"picked":"SKIP","floor":18},{"not_picked":["Havoc+1","Feel No Pain","Clash"],"picked":"SKIP","floor":19}],"player_experience":672647,"potions_floor_usage":[11],"damage_taken":[{"damage":4,"enemies":"2 Louse","floor":1,"turns":3},{"damage":14,"enemies":"Jaw Worm","floor":5,"turns":4},{"damage":6,"enemies":"Small Slimes","floor":11,"turns":3},{"damage":16,"enemies":"Gremlin Gang","floor":14,"turns":5},{"damage":29,"enemies":"The Guardian","floor":16,"turns":14},{"damage":31,"enemies":"Shell Parasite","floor":18,"turns":14},{"damage":38,"enemies":"2 Thieves","floor":19,"turns":5},{"damage":34,"floor":22,"turns":3}],"relics_obtained":[{"floor":9,"key":"Gambling Chip"}],"event_choices":[{"event_name":"Living Wall","player_choice":"Forget","floor":2,"damage_taken":0},{"event_name":"Match and Keep!","player_choice":"3 cards matched","floor":3,"damage_taken":0},{"event_name":"Scrap Ooze","player_choice":"success","floor":4,"damage_taken":3},{"event_name":"Accursed Blacksmith","player_choice":"Ignore","floor":7,"damage_taken":0},{"event_name":"The Cleric","player_choice":"Leave","floor":13,"damage_taken":0},{"event_name":"The Joust","player_choice":"Bet on Owner","floor":20,"damage_taken":0},{"event_name":"Masked Bandits","player_choice":"Fought over 177 gold","floor":22,"damage_taken":0}],"boss_relics":[{"not_picked":["Ectoplasm","Snecko Eye"],"picked":"Runic Cube"}],"items_purged_floors":[12,21],"is_endless":false,"potions_floor_spawned":[5,11,19],"seed_played":"8362315837402878239","ascension_level":0,"potions_obtained":[{"floor":5,"key":"BloodPotion"},{"floor":11,"key":"SteroidPotion"},{"floor":19,"key":"SpeedPotion"}],"is_trial":false}