{"path_per_floor":["M","M","M","M","$","R","?","M","T","E","?","E","?","E","R","B",null,"M","$","?","M","M","R"],"character_chosen":"DEFECT","items_purchased":["Happy Flower","Anchor"],"gold_per_floor":[113,130,146,159,6,6,6,19,19,51,51,85,85,112,112,210,210,222,0,0,17,30,30,30],"floor_reached":24,"campfire_rested":2,"playtime":1605,"item_purchase_floors":[5,19],"current_hp_per_floor":[73,70,70,60,60,60,60,51,51,37,37,23,23,7,29,15,75,67,67,37,22,5,16,0],"items_purged":["Strike_B"],"gold":30,"score":241,"play_id":"c5aa5839-ed3b-451c-b406-175b7cf1889f","local_time":"20180604050134","is_prod":false,"is_daily":false,"chose_seed":false,"is_ascension_mode":false,"campfire_upgraded":1,"win_rate":0,"timestamp":1528081294,"campfire_choices":[{"data":"Zap","floor":6,"key":"SMITH"},{"floor":15,"key":"REST"},{"floor":23,"key":"REST"}],"path_taken":["M","M","M","M","$","R","?","M","T","E","?","E","?","E","R","BOSS","M","$","?","M","?","R","E"],"build_version":"2018-05-30v2","seed_source_timestamp":193631202790102,"purchased_purges":1,"victory":false,"master_deck":["Strike_B","Strike_B","Defend_B","Defend_B","Defend_B+1","Defend_B","Zap+1","Dualcast+1","Auto Shields","Sweeping Beam","Streamline","All For One","Gash","Double Energy","Buffer","Gash+1","Ghostly","Ghostly","Ghostly","Ghostly","Ghostly","Redo+1"],"max_hp_per_floor":[75,75,75,75,75,75,75,75,75,75,75,75,75,75,75,75,75,75,75,37,37,37,37,37],"relics":["Cracked Core","Happy Flower","Darkstone Periapt","Bronze Scales","Peace Pipe","War Paint","Black Star","Anchor"],"card_choices":[{"not_picked":["Compile Driver","Barrage","Hologram"],"picked":"SKIP","floor":1},{"not_picked":["Sweeping Beam","Cold Snap"],"picked":"Auto Shields","floor":2},{"not_picked":["Aggregate","Conserve Battery"],"picked":"Sweeping Beam","floor":3},{"not_picked":["Tempest","Beam Cell"],"picked":"Streamline","floor":4},{"not_picked":["Compile Driver","Skim","Sweeping Beam"],"picked":"SKIP","floor":8},{"not_picked":["Redo","Conserve Battery"],"picked":"All For One","floor":10},{"not_picked":["Steam Power","Leap"],"picked":"Gash","floor":12},{"not_picked":["Reinforced Body","Compile Driver"],"picked":"Double Energy","floor":14},{"not_picked":["Echo Form","Rainbow"],"picked":"Buffer","floor":16},{"not_picked":["Blizzard","Ball Lightning+1"],"picked":"Gash+1","floor":18},{"not_picked":["Conserve Battery","Lockon","Sweeping Beam"],"picked":"SKIP","floor":21},{"not_picked":["Beam Cell","Compile Driver"],"picked":"Redo+1","floor":22}],"player_experience":35491,"potions_floor_usage":[16,18],"damage_taken":[{"damage":2,"enemies":"Small Slimes","floor":1,"turns":4},{"damage":3,"enemies":"Jaw Worm","floor":2,"turns":3},{"damage":0,"enemies":"Cultist","floor":3,"turns":4},{"damage":10,"enemies":"Lots of Slimes","floor":4,"turns":3},{"damage":9,"enemies":"2 Fungi Beasts","floor":8,"turns":4},{"damage":14,"enemies":"Gremlin Nob","floor":10,"turns":3},{"damage":14,"enemies":"3 Sentries","floor":12,"turns":7},{"damage":16,"enemies":"Gremlin Nob","floor":14,"turns":4},{"damage":29,"enemies":"Slime Boss","floor":16,"turns":10},{"damage":8,"enemies":"Chosen","floor":18,"turns":4},{"damage":15,"enemies":"Spheric Guardian","floor":21,"turns":3},{"damage":17,"enemies":"Snake Plant","floor":22,"turns":5},{"damage":16,"enemies":"Book of Stabbing","floor":24,"turns":4}],"relics_obtained":[{"floor":9,"key":"Darkstone Periapt"},{"floor":10,"key":"Bronze Scales"},{"floor":12,"key":"Peace Pipe"},{"floor":14,"key":"War Paint"}],"event_choices":[{"event_name":"Liars Game","player_choice":"disagreed","floor":7,"damage_taken":0},{"event_name":"The Lab","player_choice":"Got Potions","floor":11,"damage_taken":0},{"event_name":"Bonfire Elementals","player_choice":"BASIC","floor":13,"damage_taken":0},{"event_name":"Ghosts","player_choice":"Became a Ghost","floor":20,"damage_taken":0}],"boss_relics":[{"not_picked":["Snecko Eye","Calling Bell"],"picked":"Black Star"}],"items_purged_floors":[19],"potions_floor_spawned":[2,4,12,14],"seed_played":"2926910417458747759","killed_by":"Book of Stabbing","ascension_level":0,"potions_obtained":[{"floor":2,"key":"SkillPotion"},{"floor":4,"key":"SneckoOil"},{"floor":11,"key":"Ancient Potion"},{"floor":11,"key":"Regen Potion"},{"floor":12,"key":"LiquidBronze"}],"is_trial":false}