{"gold_per_floor":[115,125,125,125,125,125,50,70,96,125,125,141,151,164,164,164],"floor_reached":16,"playtime":861,"items_purged":[],"score":163,"play_id":"91427253-4c63-4e9b-9103-fcaaa593282d","local_time":"20181026074610","is_ascension_mode":true,"campfire_choices":[{"data":"Leg Sweep","floor":6,"key":"SMITH"},{"floor":11,"key":"REST"},{"data":"Noxious Fumes","floor":15,"key":"SMITH"}],"neow_cost":"NONE","seed_source_timestamp":1397451399056446,"circlet_count":0,"master_deck":["Defend_G","Defend_G","Defend_G","Defend_G","Defend_G","Strike_G","Strike_G","Strike_G","Strike_G","Survivor","Neutralize+1","AscendersBane","Blur","Leg Sweep+1","Predator","Backstab","Quick Slash","Footwork","Noxious Fumes+1","Choke"],"relics":["Eternal Feather","Anchor","The Specimen"],"potions_floor_usage":[10,10,10,16],"damage_taken":[{"damage":8,"enemies":"2 Louse","floor":1,"turns":4},{"damage":10,"enemies":"Small Slimes","floor":2,"turns":7},{"damage":0,"enemies":"Jaw Worm","floor":8,"turns":5},{"damage":30,"enemies":"3 Sentries","floor":10,"turns":10},{"damage":0,"enemies":"Blue Slaver","floor":12,"turns":2},{"damage":3,"enemies":"Looter","floor":13,"turns":4},{"damage":0,"enemies":"Exordium Thugs","floor":14,"turns":6},{"damage":54,"enemies":"Hexaghost","floor":16,"turns":14}],"seed_played":"8986154101156796720","potions_obtained":[{"floor":1,"key":"SpeedPotion"},{"floor":2,"key":"EntropicBrew"},{"floor":8,"key":"Explosive Potion"}],"is_trial":false,"path_per_floor":["M","M","?","?","?","R","$","M","T","E","R","M","M","M","R"],"character_chosen":"THE_SILENT","items_purchased":["Predator"],"campfire_rested":1,"item_purchase_floors":[7],"current_hp_per_floor":[55,45,45,45,38,44,44,44,44,14,44,44,41,41,53,0],"gold":164,"neow_bonus":"BOSS_RELIC","is_prod":false,"is_daily":false,"chose_seed":false,"campfire_upgraded":2,"win_rate":0,"timestamp":1540554370,"path_taken":["M","M","?","?","?","R","$","M","T","E","R","M","M","M","R","BOSS"],"build_version":"2018-10-25v2","purchased_purges":0,"victory":false,"max_hp_per_floor":[70,70,70,70,70,70,70,70,70,70,70,70,70,70,70,70],"card_choices":[{"not_picked":["Crippling Poison","Finisher"],"picked":"Blur","floor":1},{"not_picked":["Acrobatics","Underhanded Strike"],"picked":"Leg Sweep","floor":2},{"not_picked":["Reflex","Outmaneuver"],"picked":"Backstab","floor":8},{"not_picked":["Leg Sweep","Outmaneuver"],"picked":"Quick Slash","floor":10},{"not_picked":["Sucker Punch","Flechettes"],"picked":"Footwork","floor":12},{"not_picked":["Dagger Spray","Masterful Stab"],"picked":"Noxious Fumes","floor":13},{"not_picked":["Outmaneuver","Leg Sweep"],"picked":"Choke","floor":14}],"player_experience":1594299,"relics_obtained":[{"floor":9,"key":"Anchor"},{"floor":10,"key":"The Specimen"}],"event_choices":[{"damage_healed":0,"gold_gain":0,"player_choice":"Grow","damage_taken":0,"max_hp_gain":0,"max_hp_loss":0,"event_name":"Living Wall","floor":3,"gold_loss":0,"cards_upgraded":["Neutralize"]},{"damage_healed":0,"gold_gain":0,"player_choice":"Ignored","damage_taken":0,"max_hp_gain":0,"max_hp_loss":0,"event_name":"Liars Game","floor":4,"gold_loss":0},{"cards_removed":["Strike_G"],"damage_healed":0,"gold_gain":0,"player_choice":"Card Removal","damage_taken":7,"max_hp_gain":0,"max_hp_loss":0,"event_name":"Golden Wing","floor":5,"gold_loss":0}],"is_beta":false,"boss_relics":[],"items_purged_floors":[],"is_endless":false,"potions_floor_spawned":[1,2,8],"killed_by":"Hexaghost","ascension_level":12}