{"path_per_floor":["M","$","M","M","?","R","$","R","T","M","M","M","?","M","R","B",null,"M","$","?","$","M","?","M","M","T"],"character_chosen":"IRONCLAD","items_purchased":["Rampage","True Grit"],"gold_per_floor":[119,45,65,79,79,79,4,4,30,50,70,82,112,127,127,224,224,242,118,118,118,136,136,151,171,171,171],"floor_reached":27,"campfire_rested":1,"playtime":1038,"item_purchase_floors":[2,19],"current_hp_per_floor":[80,80,75,74,74,74,74,74,74,71,77,69,69,65,80,34,80,65,65,65,65,48,48,32,17,17,0],"items_purged":["Strike_R","Strike_R"],"gold":171,"score":207,"play_id":"d8a10f54-4a30-4338-828d-f95dd9388527","local_time":"20180620212954","is_prod":false,"is_daily":false,"chose_seed":false,"is_ascension_mode":false,"campfire_upgraded":2,"win_rate":0,"timestamp":1529544594,"campfire_choices":[{"data":"Rampage","floor":6,"key":"SMITH"},{"data":"Spot Weakness","floor":8,"key":"SMITH"},{"floor":15,"key":"REST"}],"path_taken":["M","?","M","M","?","R","?","R","T","M","M","M","?","M","R","BOSS","M","$","?","$","M","?","M","M","T","?"],"build_version":"2018-06-14v2","seed_source_timestamp":582857452224427,"purchased_purges":2,"victory":false,"master_deck":["Strike_R","Strike_R","Strike_R","Defend_R","Defend_R","Defend_R","Bash","Spot Weakness+1","Rampage+1","Thunderclap","Blood for Blood","Intimidate","Offering","True Grit","Headbutt"],"max_hp_per_floor":[80,80,80,80,80,80,80,80,80,80,80,80,80,80,80,80,80,80,80,80,80,80,80,80,80,80,80],"relics":["Burning Blood","Omamori","Philosopher\u0027s Stone","Pantograph"],"card_choices":[{"not_picked":["Power Through","True Grit"],"picked":"Spot Weakness","floor":1},{"not_picked":["Whirlwind","Warcry","Havoc"],"picked":"SKIP","floor":3},{"not_picked":["Rampage","Clash","Dropkick"],"picked":"SKIP","floor":4},{"not_picked":["Clothesline","Perfected Strike"],"picked":"Thunderclap","floor":10},{"not_picked":["Thunderclap","Body Slam","Combust"],"picked":"SKIP","floor":11},{"not_picked":["Inflame","Immolate"],"picked":"Blood for Blood","floor":12},{"not_picked":["Thunderclap","Dual Wield"],"picked":"Intimidate","floor":14},{"not_picked":["Barricade","Fiend Fire"],"picked":"Offering","floor":16},{"not_picked":["Shrug It Off","Dual Wield","Hemokinesis"],"picked":"SKIP","floor":18},{"not_picked":["Cleave","Heavy Blade+1","Corruption"],"picked":"SKIP","floor":22},{"not_picked":["Hemokinesis+1","Cleave+1"],"picked":"Headbutt","floor":24},{"not_picked":["Heavy Blade","Shrug It Off+1","Clothesline"],"picked":"SKIP","floor":25}],"player_experience":669810,"potions_floor_usage":[12,16,16,25],"damage_taken":[{"damage":1,"enemies":"Cultist","floor":1,"turns":3},{"damage":11,"enemies":"Jaw Worm","floor":3,"turns":2},{"damage":7,"enemies":"2 Louse","floor":4,"turns":2},{"damage":9,"enemies":"Exordium Wildlife","floor":10,"turns":4},{"damage":0,"enemies":"Large Slime","floor":11,"turns":3},{"damage":19,"enemies":"Blue Slaver","floor":12,"turns":3},{"damage":10,"enemies":"Looter","floor":14,"turns":2},{"damage":52,"enemies":"Hexaghost","floor":16,"turns":8},{"damage":21,"enemies":"Shell Parasite","floor":18,"turns":3},{"damage":23,"enemies":"Spheric Guardian","floor":22,"turns":4},{"damage":22,"enemies":"Centurion and Healer","floor":24,"turns":5},{"damage":21,"enemies":"Sentry and Sphere","floor":25,"turns":4},{"damage":18,"enemies":"Slaver and Parasite","floor":27,"turns":1}],"relics_obtained":[{"floor":9,"key":"Omamori"},{"floor":26,"key":"Pantograph"}],"event_choices":[{"event_name":"Shining Light","player_choice":"Ignored","floor":5,"damage_taken":0},{"event_name":"Dead Adventurer","player_choice":"Searched \u00271\u0027 times","floor":13,"damage_taken":0},{"event_name":"Vampires","player_choice":"Ignored","floor":20,"damage_taken":0},{"event_name":"Drug Dealer","player_choice":"Ignored","floor":23,"damage_taken":0}],"boss_relics":[{"not_picked":["Astrolabe","Fusion Hammer"],"picked":"Philosopher\u0027s Stone"}],"items_purged_floors":[7,19],"is_endless":false,"potions_floor_spawned":[1,10,11,12,24,25],"seed_played":"-1117221116774673682","killed_by":"Slaver and Parasite","ascension_level":0,"potions_obtained":[{"floor":1,"key":"Regen Potion"},{"floor":10,"key":"AttackPotion"},{"floor":11,"key":"SkillPotion"},{"floor":24,"key":"EssenceOfSteel"},{"floor":25,"key":"Dexterity Potion"}],"is_trial":false}