{"path_per_floor":["M","M","M","?","T","R","E","$","T","M","R","?","M","M","R","B",null,"M","?","M","M","M","R","?","M","T","M"],"character_chosen":"DEFECT","items_purchased":["Genetic Algorithm","Leap"],"gold_per_floor":[111,124,143,143,143,143,175,16,43,58,58,58,71,81,81,178,178,191,191,202,216,216,216,216,233,258,272,272],"floor_reached":28,"campfire_rested":4,"playtime":1680,"item_purchase_floors":[8,8],"current_hp_per_floor":[64,63,57,57,57,75,50,50,50,45,67,60,60,60,75,31,64,42,42,42,27,27,49,49,46,46,28,0],"items_purged":["Strike_B"],"gold":272,"score":291,"play_id":"be2bdac5-daa9-494f-8a82-149d03daa754","local_time":"20180622152221","is_prod":false,"is_daily":false,"chose_seed":false,"is_ascension_mode":true,"campfire_upgraded":0,"win_rate":0,"timestamp":1529695341,"campfire_choices":[{"floor":6,"key":"REST"},{"floor":11,"key":"REST"},{"floor":15,"key":"REST"},{"floor":23,"key":"REST"}],"path_taken":["M","M","M","?","?","R","E","$","T","M","R","?","M","?","R","BOSS","M","?","?","M","M","R","?","M","T","M","?"],"build_version":"2018-06-21","seed_source_timestamp":732945002746845,"purchased_purges":1,"circlet_count":0,"victory":false,"master_deck":["Strike_B+1","Strike_B+1","Strike_B+1","Defend_B+1","Defend_B+1","Defend_B+1","Defend_B+1","Zap","Dualcast","Darkness","Cold Snap","Heatsinks","Genetic Algorithm","Leap","Cold Snap","Echo Form","Double Energy+1","Redo+1","Normality","Static Discharge"],"max_hp_per_floor":[75,75,75,75,75,75,75,75,75,75,75,75,75,75,75,75,75,75,75,75,75,75,75,75,75,75,75,75],"relics":["Cracked Core","Anchor","Thread and Needle","Question Card","Oddly Smooth Stone","Cursed Key","Bag of Preparation","Juzu Bracelet"],"card_choices":[{"not_picked":["Steam","Sweeping Beam"],"picked":"Darkness","floor":1},{"not_picked":["Barrage","Streamline"],"picked":"Cold Snap","floor":2},{"not_picked":["Auto Shields","Steam"],"picked":"Heatsinks","floor":3},{"not_picked":["Force Field","Lockon","Sweeping Beam"],"picked":"SKIP","floor":7},{"not_picked":["Streamline","Scrape","Turbo"],"picked":"Cold Snap","floor":10},{"not_picked":["Steam","Sunder","Cold Snap","Compile Driver"],"picked":"SKIP","floor":13},{"not_picked":["Conserve Battery","BootSequence","Rip and Tear","Compile Driver"],"picked":"SKIP","floor":14},{"not_picked":["Rainbow","Biased Cognition","Meteor Strike"],"picked":"Echo Form","floor":16},{"not_picked":["Cold Snap+1","Conserve Battery","Turbo","Steam"],"picked":"SKIP","floor":18},{"not_picked":["Turbo","Leap","Cold Snap","Rebound"],"picked":"SKIP","floor":20},{"not_picked":["Cold Snap","Steam","Conserve Battery"],"picked":"Double Energy+1","floor":21},{"not_picked":["Blizzard","Storm","Barrage+1"],"picked":"Redo+1","floor":25},{"not_picked":["Rebound","FTL+1","All For One"],"picked":"Static Discharge","floor":27}],"player_experience":720536,"potions_floor_usage":[10,16,22],"damage_taken":[{"damage":4,"enemies":"Small Slimes","floor":1,"turns":3},{"damage":1,"enemies":"Cultist","floor":2,"turns":3},{"damage":6,"enemies":"2 Louse","floor":3,"turns":3},{"damage":25,"enemies":"Gremlin Nob","floor":7,"turns":4},{"damage":5,"enemies":"Exordium Thugs","floor":10,"turns":5},{"damage":0,"enemies":"Large Slime","floor":13,"turns":6},{"damage":0,"enemies":"Lots of Slimes","floor":14,"turns":5},{"damage":44,"enemies":"Slime Boss","floor":16,"turns":21},{"damage":22,"enemies":"Chosen","floor":18,"turns":6},{"damage":0,"enemies":"Spheric Guardian","floor":20,"turns":5},{"damage":15,"enemies":"Slaver and Parasite","floor":21,"turns":9},{"damage":0,"enemies":"3 Cultists","floor":22,"turns":1},{"damage":3,"enemies":"Centurion and Healer","floor":25,"turns":8},{"damage":18,"enemies":"Slaver and Parasite","floor":27,"turns":11},{"damage":37,"floor":28,"turns":3}],"relics_obtained":[{"floor":5,"key":"Thread and Needle"},{"floor":7,"key":"Question Card"},{"floor":9,"key":"Oddly Smooth Stone"},{"floor":26,"key":"Juzu Bracelet"}],"event_choices":[{"event_name":"The Woman in Blue","player_choice":"Bought 0 Potions","floor":4,"damage_taken":0},{"event_name":"Wheel of Change","player_choice":"Damage","floor":12,"damage_taken":0},{"event_name":"The Mausoleum","player_choice":"Yes","floor":19,"damage_taken":0},{"event_name":"Back to Basics","player_choice":"Simplicity","floor":24,"damage_taken":0},{"event_name":"Masked Bandits","player_choice":"Fought over 272 gold","floor":28,"damage_taken":0}],"boss_relics":[{"not_picked":["Runic Pyramid","Tiny House"],"picked":"Cursed Key"}],"items_purged_floors":[8],"is_endless":false,"potions_floor_spawned":[1,7,10,13,20,21,22,27],"seed_played":"-2652990487264126927","ascension_level":6,"potions_obtained":[{"floor":1,"key":"Energy Potion"},{"floor":7,"key":"SpeedPotion"},{"floor":10,"key":"Block Potion"},{"floor":13,"key":"SteroidPotion"},{"floor":20,"key":"SmokeBomb"},{"floor":27,"key":"GamblersBrew"}],"is_trial":false}