{"gold_per_floor":[113,6,16,30,44,44,55,55,55,10,30,46,46,61,61,61],"floor_reached":16,"playtime":631,"items_purged":[],"score":163,"play_id":"749dc656-4985-4774-9c09-85f056cd771f","local_time":"20180808175201","is_ascension_mode":true,"campfire_choices":[{"data":"Zap","floor":6,"key":"SMITH"},{"data":"Streamline","floor":8,"key":"SMITH"},{"floor":13,"key":"REST"},{"floor":15,"key":"REST"}],"neow_cost":"","seed_source_timestamp":102416490894155,"circlet_count":0,"master_deck":["Strike_B","Strike_B","Strike_B","Strike_B","Defend_B","Defend_B","Defend_B","Defend_B","Zap+1","Dualcast","AscendersBane","Compile Driver","Defragment","Blizzard","Undo","Redo","Coolheaded","Streamline+1","Coolheaded","Glacier","Seek","Blizzard"],"relics":["Cracked Core","Singing Bowl"],"potions_floor_usage":[5,16,16],"damage_taken":[{"damage":1,"enemies":"Cultist","floor":1,"turns":3},{"damage":7,"enemies":"Jaw Worm","floor":3,"turns":3},{"damage":0,"enemies":"2 Louse","floor":4,"turns":3},{"damage":1,"enemies":"Lots of Slimes","floor":5,"turns":2},{"damage":6,"enemies":"Blue Slaver","floor":7,"turns":4},{"damage":0,"enemies":"2 Fungi Beasts","floor":11,"turns":3},{"damage":42,"enemies":"Gremlin Gang","floor":12,"turns":4},{"damage":12,"enemies":"Looter","floor":14,"turns":3},{"damage":43,"enemies":"Slime Boss","floor":16,"turns":9}],"seed_played":"-7864824042252325762","potions_obtained":[{"floor":1,"key":"Strength Potion"},{"floor":3,"key":"Explosive Potion"},{"floor":7,"key":"Energy Potion"},{"floor":11,"key":"EssenceOfSteel"}],"is_trial":false,"path_per_floor":["M","$","M","M","M","R","M","R","T","$","M","M","R","M","R"],"character_chosen":"DEFECT","items_purchased":["Defragment","Blizzard","Coolheaded"],"campfire_rested":2,"item_purchase_floors":[2,2,10],"current_hp_per_floor":[63,63,56,56,55,55,49,49,49,49,49,7,28,16,37,0],"gold":61,"neow_bonus":"","is_prod":false,"is_daily":false,"chose_seed":false,"campfire_upgraded":2,"win_rate":0,"timestamp":1533765121,"path_taken":["M","$","?","M","M","R","M","R","T","?","?","?","R","M","R","BOSS"],"build_version":"2018-08-02","purchased_purges":0,"victory":false,"max_hp_per_floor":[71,71,71,71,71,71,71,71,71,71,71,71,71,71,71,71],"card_choices":[{"not_picked":["Darkness","Storm"],"picked":"Compile Driver","floor":1},{"not_picked":["Aggregate","Beam Cell"],"picked":"Undo","floor":3},{"not_picked":["Compile Driver","Darkness"],"picked":"Redo","floor":4},{"not_picked":["Barrage","Ball Lightning"],"picked":"Coolheaded","floor":5},{"not_picked":["Compile Driver","Undo"],"picked":"Streamline","floor":7},{"not_picked":["Steam","Hologram"],"picked":"Glacier","floor":11},{"not_picked":["Conserve Battery","Turbo"],"picked":"Seek","floor":12},{"not_picked":["Skim","Lockon"],"picked":"Blizzard","floor":14}],"player_experience":1462424,"relics_obtained":[{"floor":9,"key":"Singing Bowl"}],"event_choices":[],"is_beta":false,"boss_relics":[],"items_purged_floors":[],"is_endless":false,"potions_floor_spawned":[1,3,7,11,14],"killed_by":"Slime Boss","ascension_level":14}