{"gold_per_floor":[113,126,140,160,160,160,9,23,48,63,83,83,101,112,112,211,211,225,235,235,246,265,265,278,31,31,47,47,47,65,75,75,75],"floor_reached":33,"playtime":1171,"items_purged":[],"score":274,"play_id":"6aa176a2-bb7e-487a-81f9-cc98ae2df3fb","local_time":"20180630112600","is_ascension_mode":false,"campfire_choices":[{"data":"Whirlwind","floor":6,"key":"SMITH"},{"data":"Flex","floor":12,"key":"SMITH"},{"data":"Whirlwind","floor":15,"key":"SMITH"},{"floor":23,"key":"REST"},{"floor":29,"key":"REST"},{"floor":32,"key":"REST"}],"neow_cost":"","seed_source_timestamp":173772713069317,"circlet_count":0,"master_deck":["Strike_R","Strike_R","Strike_R+1","Strike_R","Strike_R","Defend_R","Defend_R","Defend_R","Defend_R","Bash","Thunderclap+1","Whirlwind+1","Flex+1","Whirlwind+1","Immolate","Shrug It Off+1"],"relics":["Burning Blood","Bag of Marbles","Whetstone","Runic Cube","Singing Bowl","Meat on the Bone","Regal Pillow"],"potions_floor_usage":[16,21,21,27,31],"damage_taken":[{"damage":8,"enemies":"2 Louse","floor":1,"turns":3},{"damage":13,"enemies":"Jaw Worm","floor":2,"turns":5},{"damage":0,"enemies":"Small Slimes","floor":3,"turns":3},{"damage":0,"enemies":"3 Louse","floor":4,"turns":2},{"damage":3,"enemies":"Lots of Slimes","floor":8,"turns":2},{"damage":15,"enemies":"Looter","floor":10,"turns":3},{"damage":7,"enemies":"Blue Slaver","floor":11,"turns":2},{"damage":8,"enemies":"Red Slaver","floor":13,"turns":2},{"damage":0,"enemies":"Exordium Thugs","floor":14,"turns":1},{"damage":25,"enemies":"Slime Boss","floor":16,"turns":7},{"damage":22,"enemies":"Shell Parasite","floor":18,"turns":3},{"damage":20,"enemies":"2 Thieves","floor":19,"turns":2},{"damage":37,"enemies":"Snake Plant","floor":21,"turns":4},{"damage":1,"enemies":"Centurion and Healer","floor":22,"turns":3},{"damage":5,"enemies":"Cultist and Chosen","floor":24,"turns":3},{"damage":24,"enemies":"Snecko","floor":27,"turns":5},{"damage":0,"enemies":"3 Cultists","floor":30,"turns":2},{"damage":37,"enemies":"Slaver and Parasite","floor":31,"turns":5},{"damage":110,"enemies":"Champ","floor":33,"turns":14}],"seed_played":"-1374952270067100850","potions_obtained":[{"floor":1,"key":"GamblersBrew"},{"floor":2,"key":"SpeedPotion"},{"floor":3,"key":"Swift Potion"},{"floor":10,"key":"FairyPotion"},{"floor":13,"key":"Explosive Potion"},{"floor":18,"key":"Poison Potion"},{"floor":19,"key":"Regen Potion"},{"floor":21,"key":"Swift Potion"},{"floor":27,"key":"Poison Potion"}],"is_trial":false,"path_per_floor":["M","M","M","M","?","R","$","M","T","M","M","R","M","M","R","B",null,"M","M","?","M","M","R","M","$","T","M","?","R","M","M","R"],"character_chosen":"IRONCLAD","items_purchased":["Bag of Marbles","Meat on the Bone"],"campfire_rested":3,"item_purchase_floors":[7,25],"current_hp_per_floor":[78,71,77,80,85,85,85,85,85,76,75,75,73,79,79,60,85,69,55,55,33,40,66,69,69,69,53,53,91,93,64,95,0],"gold":75,"neow_bonus":"","is_prod":false,"is_daily":false,"chose_seed":false,"campfire_upgraded":3,"win_rate":0,"timestamp":1530375960,"path_taken":["M","M","M","M","?","R","$","M","T","M","M","R","M","M","R","BOSS","M","M","?","M","M","R","M","$","T","M","?","R","M","?","R","BOSS"],"build_version":"2018-06-29","purchased_purges":0,"victory":false,"max_hp_per_floor":[80,80,80,80,85,85,85,85,85,85,85,85,85,85,85,85,85,85,85,85,85,87,87,89,89,89,91,91,91,93,95,95,95],"card_choices":[{"not_picked":["Sever Soul","True Grit"],"picked":"Thunderclap","floor":1},{"not_picked":["Hemokinesis","Cleave"],"picked":"Whirlwind","floor":2},{"not_picked":["Armaments","Metallicize","Shockwave"],"picked":"SKIP","floor":3},{"not_picked":["Anger","Exhume"],"picked":"Flex","floor":4},{"not_picked":["Rupture","Dual Wield","Perfected Strike"],"picked":"SKIP","floor":8},{"not_picked":["Uppercut","Perfected Strike"],"picked":"Whirlwind","floor":10},{"not_picked":["Rupture","Thunderclap","Blood for Blood"],"picked":"SKIP","floor":11},{"not_picked":["Evolve","Sentinel","Perfected Strike"],"picked":"SKIP","floor":13},{"not_picked":["Twin Strike","Shockwave","Heavy Blade"],"picked":"SKIP","floor":14},{"not_picked":["Limit Break","Demon Form"],"picked":"Immolate","floor":16},{"not_picked":["Infernal Blade","Armaments","Headbutt+1"],"picked":"SKIP","floor":18},{"not_picked":["Feel No Pain","True Grit","Pummel"],"picked":"SKIP","floor":19},{"not_picked":["Ghostly Armor+1","Seeing Red"],"picked":"Shrug It Off+1","floor":21},{"not_picked":["Armaments","Power Through","Cleave"],"picked":"Singing Bowl","floor":22},{"not_picked":["Warcry+1","Dual Wield","Shockwave+1"],"picked":"Singing Bowl","floor":24},{"not_picked":["Perfected Strike","Juggernaut","Body Slam"],"picked":"Singing Bowl","floor":27},{"not_picked":["Body Slam+1","Pommel Strike+1","Iron Wave"],"picked":"Singing Bowl","floor":30},{"not_picked":["Intimidate+1","Entrench","Wild Strike+1"],"picked":"Singing Bowl","floor":31}],"player_experience":304084,"relics_obtained":[{"floor":9,"key":"Whetstone"},{"floor":26,"key":"Regal Pillow"}],"event_choices":[{"event_name":"Big Fish","player_choice":"Donut","floor":5,"damage_taken":0},{"event_name":"The Mausoleum","player_choice":"Yes","floor":20,"damage_taken":0},{"event_name":"Vampires","player_choice":"Ignored","floor":28,"damage_taken":0}],"boss_relics":[{"not_picked":["Coffee Dripper","Tiny House"],"picked":"Runic Cube"}],"items_purged_floors":[],"is_endless":false,"potions_floor_spawned":[1,2,3,10,13,18,19,21,27],"killed_by":"Champ","ascension_level":0}