{"gold_per_floor":[118,137,27,41,41,41,41,6,6,25,25,25,25,58,58,161,161,173,173,30,0,0,0,0,17,43,55,67,93,118,130,142,251,263,292,318,4,4,4,4,31,31,76,76,76],"floor_reached":45,"playtime":3404,"items_purged":["Strike_G","Strike_G"],"score":721,"play_id":"3befc664-0905-474d-b6f9-78943fdd6890","local_time":"20181025113446","is_ascension_mode":true,"campfire_choices":[{"data":"Neutralize","floor":6.0,"key":"SMITH"},{"floor":11.0,"key":"REST"},{"data":"Footwork","floor":13.0,"key":"SMITH"},{"data":"Quick Slash","floor":15.0,"key":"SMITH"},{"data":"Bouncing Flask","floor":23.0,"key":"SMITH"},{"data":"Tools of the Trade","floor":27.0,"key":"SMITH"},{"floor":32.0,"key":"REST"},{"data":"After Image","floor":40,"key":"SMITH"},{"floor":44,"key":"REST"}],"neow_cost":"NONE","seed_source_timestamp":1321901546775317,"circlet_count":0,"master_deck":["Defend_G","Defend_G","Defend_G","Defend_G","Defend_G","Survivor+1","Neutralize+1","AscendersBane","Dagger Spray","Dodge and Roll","Masterful Stab","Quick Slash+1","Footwork+1","Die Die Die","Tools of the Trade+1","Night Terror+1","Flechettes+1","Bouncing Flask+1","PiercingWail","Backflip","After Image+1","Corpse Explosion","Cloak And Dagger","Dodge and Roll","Impatience","Terror+1"],"special_seed":0,"relics":["Lizard Tail","Bronze Scales","Smiling Mask","Snake Skull","Astrolabe","Pen Nib","MawBank","Eternal Feather","OrangePellets","Question Card","Dream Catcher"],"potions_floor_usage":[33,36,41],"damage_taken":[{"damage":5.0,"enemies":"Cultist","floor":1.0,"turns":5.0},{"damage":4.0,"enemies":"Small Slimes","floor":2.0,"turns":3.0},{"damage":11.0,"enemies":"Jaw Worm","floor":4.0,"turns":4.0},{"damage":19.0,"enemies":"Lots of Slimes","floor":10.0,"turns":3.0},{"damage":14.0,"enemies":"Gremlin Nob","floor":14.0,"turns":5.0},{"damage":3.0,"enemies":"The Guardian","floor":16.0,"turns":16.0},{"damage":10.0,"enemies":"Chosen","floor":18.0,"turns":7.0},{"damage":8.0,"enemies":"Spheric Guardian","floor":25.0,"turns":7.0},{"damage":8.0,"enemies":"3 Cultists","floor":29.0,"turns":7.0},{"damage":32.0,"enemies":"Shelled Parasite and Fungi","floor":30.0,"turns":7.0},{"damage":73,"enemies":"Automaton","floor":33,"turns":14},{"damage":13,"enemies":"3 Shapes","floor":35,"turns":2},{"damage":3,"enemies":"Orb Walker","floor":36,"turns":5},{"damage":72,"enemies":"Nemesis","floor":41,"turns":11},{"damage":54,"enemies":"4 Shapes","floor":45,"turns":3}],"seed_played":"-7378622708311271628","potions_obtained":[{"floor":1.0,"key":"EssenceOfSteel"},{"floor":2.0,"key":"Weak Potion"},{"floor":30.0,"key":"GamblersBrew"},{"floor":35,"key":"SkillPotion"},{"floor":38,"key":"FairyPotion"},{"floor":41,"key":"SpeedPotion"}],"is_trial":false,"path_per_floor":["M","M","$","M","T","R","?","?","T","M","R","$","R","E","R","B",null,"M","?","$","?","$","R","?","M","T","R","$","M","M","?","R","B",null,"M","M","$","?","?","R","E","$","T","R"],"character_chosen":"THE_SILENT","items_purchased":["Masterful Stab","Pen Nib","OrangePellets","Regen Potion"],"campfire_rested":3,"item_purchase_floors":[3,20,37,37],"current_hp_per_floor":[58,54,54,43,43,43,43,60,60,41,62,62,62,48,48,45,64,54,70,70,70,70,70,70,62,62,62,62,54,22,22,43,5,54,41,38,38,38,38,53,7,7,7,43,0],"gold":76,"neow_bonus":"BOSS_RELIC","is_prod":false,"is_daily":false,"chose_seed":false,"campfire_upgraded":6,"win_rate":0,"timestamp":1540481686,"path_taken":["M","?","$","M","?","R","?","?","T","?","R","?","R","E","R","BOSS","M","?","$","?","$","R","?","?","T","R","?","M","?","?","R","BOSS","M","M","$","?","?","R","E","?","T","R","?"],"build_version":"2018-10-18","purchased_purges":2,"victory":false,"max_hp_per_floor":[70,70,70,70,70,70,70,70,70,70,70,70,70,70,70,70,70,70,70,70,70,70,70,70,70,70,70,70,70,70,70,70,70,70,70,70,70,70,70,70,70,70,70,70,70],"card_choices":[{"not_picked":["Endless Agony","Bane"],"picked":"Dagger Spray","floor":1.0},{"not_picked":["Dagger Spray","Flechettes"],"picked":"Dodge and Roll","floor":2.0},{"not_picked":["Underhanded Strike","Flechettes"],"picked":"Quick Slash","floor":4.0},{"not_picked":["Skewer","Leg Sweep"],"picked":"Footwork","floor":10.0},{"not_picked":["Flying Knee","Bane"],"picked":"Die Die Die","floor":14.0},{"not_picked":["Die Die Die","Glass Knife"],"picked":"Tools of the Trade","floor":16.0},{"not_picked":["Slice","Predator"],"picked":"Bouncing Flask","floor":18.0},{"not_picked":["Acrobatics","Backflip"],"picked":"PiercingWail","floor":25.0},{"not_picked":["Underhanded Strike","Flying Knee"],"picked":"Backflip","floor":29.0},{"not_picked":["Deadly Poison","Concentrate"],"picked":"After Image","floor":30.0},{"not_picked":["Bullet Time","Malaise"],"picked":"Corpse Explosion","floor":33},{"not_picked":["Sucker Punch","Acrobatics+1"],"picked":"Cloak And Dagger","floor":35},{"not_picked":["Bane","Prepared+1"],"picked":"Dodge and Roll","floor":36},{"not_picked":["Dramatic Entrance","Panache"],"picked":"Impatience","floor":39},{"not_picked":["Underhanded Strike+1","Deflect+1"],"picked":"Terror+1","floor":41}],"player_experience":1581405,"relics_obtained":[{"floor":5.0,"key":"Bronze Scales"},{"floor":9.0,"key":"Smiling Mask"},{"floor":14.0,"key":"Snake Skull"},{"floor":26.0,"key":"MawBank"},{"floor":41,"key":"Question Card"},{"floor":43,"key":"Dream Catcher"}],"event_choices":[{"damage_healed":0.0,"max_hp_gain":0.0,"max_hp_loss":0.0,"gold_gain":0.0,"event_name":"Living Wall","player_choice":"Grow","floor":7.0,"gold_loss":0.0,"damage_taken":0.0,"cards_upgraded":["Survivor"]},{"damage_healed":17.0,"max_hp_gain":0.0,"max_hp_loss":0.0,"gold_gain":0.0,"event_name":"The Cleric","player_choice":"Healed","floor":8.0,"gold_loss":35.0,"damage_taken":0.0},{"cards_removed":["Accuracy"],"damage_healed":16.0,"max_hp_gain":0.0,"max_hp_loss":0.0,"gold_gain":0.0,"event_name":"Bonfire Elementals","player_choice":"Offered Uncommon","floor":19.0,"gold_loss":0.0,"damage_taken":0.0},{"damage_healed":0.0,"max_hp_gain":0.0,"max_hp_loss":0.0,"gold_gain":0.0,"event_name":"Masked Bandits","player_choice":"Paid Fearfully","floor":21.0,"gold_loss":30.0,"damage_taken":0.0},{"damage_healed":0.0,"max_hp_gain":0.0,"max_hp_loss":0.0,"gold_gain":0.0,"event_name":"Beggar","player_choice":"Ignored","floor":24.0,"gold_loss":0.0,"damage_taken":0.0},{"damage_healed":0.0,"max_hp_gain":0.0,"max_hp_loss":0.0,"gold_gain":0.0,"event_name":"Cursed Tome","player_choice":"Ignored","floor":31.0,"gold_loss":0.0,"damage_taken":0.0},{"damage_healed":0,"gold_gain":0,"player_choice":"Got Potions","damage_taken":0,"max_hp_gain":0,"max_hp_loss":0,"event_name":"The Lab","floor":38,"gold_loss":0},{"damage_healed":0,"gold_gain":0,"player_choice":"Memory 1","damage_taken":0,"max_hp_gain":0,"max_hp_loss":0,"event_name":"SensoryStone","floor":39,"gold_loss":0}],"is_beta":false,"boss_relics":[{"not_picked":["Calling Bell","Velvet Choker"],"picked":"Astrolabe"},{"not_picked":["Coffee Dripper","Orrery"],"picked":"Eternal Feather"}],"items_purged_floors":[3,37],"is_endless":false,"potions_floor_spawned":[1,2,30,35,41],"killed_by":"4 Shapes","ascension_level":12}