{"gold_per_floor":[99,99,99,49,49,49,49,11,11,11,11,11,11,0,0,0,0,0,0,0,0,0,0,0],"floor_reached":24,"playtime":1156,"items_purged":[],"score":255,"play_id":"a7a94f0b-bfbe-453c-85fa-cdd94de5c293","local_time":"20180802112653","is_ascension_mode":true,"campfire_choices":[{"floor":7,"key":"REST"},{"floor":15,"key":"REST"},{"floor":23,"key":"REST"}],"neow_cost":"NONE","seed_source_timestamp":668664814854489,"circlet_count":0,"master_deck":["Defend_G","Defend_G","Defend_G","Defend_G","Defend_G","Strike_G","Strike_G","Strike_G","Strike_G","Survivor","Neutralize","Quick Slash","Calculated Gamble","All Out Attack","Blade Dance","Well Laid Plans","Choke","Predator","Leg Sweep","Adrenaline","Cloak And Dagger","RitualDagger","Quick Slash+1"],"relics":["Ectoplasm","Golden Idol","Strawberry","Pen Nib","Odd Mushroom","Sozu"],"potions_floor_usage":[16,16,16],"damage_taken":[{"damage":0,"enemies":"Cultist","floor":1,"turns":5},{"damage":0,"enemies":"2 Louse","floor":2,"turns":2},{"damage":3,"enemies":"Jaw Worm","floor":5,"turns":5},{"damage":44,"enemies":"Lagavulin","floor":6,"turns":8},{"damage":16,"floor":10,"turns":4},{"damage":19,"enemies":"Exordium Wildlife","floor":11,"turns":3},{"damage":3,"enemies":"Looter","floor":14,"turns":2},{"damage":23,"enemies":"Hexaghost","floor":16,"turns":11},{"damage":11,"enemies":"2 Thieves","floor":18,"turns":4},{"damage":9,"enemies":"Shell Parasite","floor":19,"turns":4},{"damage":1,"enemies":"Centurion and Healer","floor":21,"turns":7},{"damage":55,"enemies":"Gremlin Leader","floor":24,"turns":3}],"seed_played":"222774946183551861","potions_obtained":[{"floor":1,"key":"SpeedPotion"},{"floor":5,"key":"Energy Potion"},{"floor":11,"key":"SteroidPotion"}],"is_trial":false,"path_per_floor":["M","M","?","?","M","E","R","$","T","?","M","?","$","M","R","B",null,"M","M","?","M","?","R"],"character_chosen":"THE_SILENT","items_purchased":["Well Laid Plans"],"campfire_rested":3,"item_purchase_floors":[8],"current_hp_per_floor":[63,63,63,63,60,23,44,44,44,28,9,9,9,6,27,4,55,44,35,29,28,28,49,0],"gold":0,"neow_bonus":"BOSS_RELIC","is_prod":false,"is_daily":false,"chose_seed":false,"campfire_upgraded":0,"win_rate":0,"timestamp":1533223613,"path_taken":["M","M","?","?","M","E","R","$","T","?","?","?","$","M","R","BOSS","M","M","?","M","?","R","E"],"build_version":"2018-07-26","purchased_purges":0,"victory":false,"max_hp_per_floor":[70,70,65,65,65,72,72,72,72,72,72,72,72,72,72,72,72,72,72,72,72,72,72,72],"card_choices":[{"not_picked":["Skewer","Endless Agony"],"picked":"Quick Slash","floor":1},{"not_picked":["Well Laid Plans","Eviscerate"],"picked":"Calculated Gamble","floor":2},{"not_picked":["Backstab","Choke"],"picked":"All Out Attack","floor":5},{"not_picked":["Dagger Throw","Dodge and Roll"],"picked":"Blade Dance","floor":6},{"not_picked":["Sucker Punch","Prepared"],"picked":"Choke","floor":10},{"not_picked":["Flying Knee","Dagger Spray"],"picked":"Predator","floor":11},{"not_picked":["Reflex","Dagger Spray"],"picked":"Leg Sweep","floor":14},{"not_picked":["Wraith Form v2","Tools of the Trade"],"picked":"Adrenaline","floor":16},{"not_picked":["Catalyst","Dagger Spray"],"picked":"Cloak And Dagger","floor":18},{"not_picked":["Deflect","Slice","Quick Slash"],"picked":"SKIP","floor":19},{"not_picked":["Poisoned Stab+1","Choke"],"picked":"Quick Slash+1","floor":21}],"player_experience":1390010,"relics_obtained":[{"floor":6,"key":"Strawberry"},{"floor":9,"key":"Pen Nib"},{"floor":10,"key":"Odd Mushroom"}],"event_choices":[{"event_name":"Golden Idol","player_choice":"Lose Max HP","floor":3,"damage_taken":0},{"event_name":"The Cleric","player_choice":"Card Removal","floor":4,"damage_taken":0},{"event_name":"Mushrooms","player_choice":"Fought Mushrooms","floor":10,"damage_taken":0},{"event_name":"Dead Adventurer","player_choice":"Searched \u00272\u0027 times","floor":12,"damage_taken":0},{"event_name":"Nest","player_choice":"Joined the Cult","floor":20,"damage_taken":0},{"event_name":"Cursed Tome","player_choice":"Ignored","floor":22,"damage_taken":0}],"is_beta":false,"boss_relics":[{"not_picked":["Runic Dome","Pandora\u0027s Box"],"picked":"Sozu"}],"items_purged_floors":[],"is_endless":false,"potions_floor_spawned":[1,5,11,14,21],"killed_by":"Gremlin Leader","ascension_level":6}