{"gold_per_floor":[119,119,133,133,46,46,82,98,144,144,44,67,106,131,131,229,229,245,245,245,39,39,39,72,72,72,106,106,150,150,169,169,262,262,283,299,320,347,347,347,680,680,680,715,254,264,291,309,309,309,309],"floor_reached":52,"playtime":1941,"items_purged":["Strike_G","Strike_G+1","Strike_G+1"],"score":2073,"play_id":"c2d74ae0-c8ac-432f-83bd-3e326fba7114","local_time":"20181210192025","is_ascension_mode":true,"campfire_choices":[{"data":"Catalyst","floor":6.0,"key":"SMITH"},{"floor":10.0,"key":"REST"},{"data":"Crippling Poison","floor":15.0,"key":"SMITH"},{"floor":23.0,"key":"REST"},{"floor":28.0,"key":"REST"},{"floor":30.0,"key":"REST"},{"floor":32.0,"key":"REST"},{"floor":40,"key":"REST"},{"data":"Burst","floor":42,"key":"SMITH"},{"floor":49,"key":"REST"}],"neow_cost":"NONE","seed_source_timestamp":0,"circlet_count":0,"master_deck":["AscendersBane","Defend_G+1","Defend_G+1","Defend_G+1","Defend_G+1","Defend_G+1","Strike_G+1","Strike_G+1","Survivor","Neutralize+1","Poisoned Stab","Poisoned Stab","Catalyst+1","Escape Plan","Finisher","Poisoned Stab","Crippling Poison+1","Noxious Fumes","Cloak And Dagger","Crippling Poison","Burst+1","Catalyst+1","Catalyst","Cloak And Dagger+1","PiercingWail+1","Deadly Poison+1","Deflect+1","Dark Shackles+1","Footwork"],"special_seed":0,"relics":["Ring of the Snake","Strawberry","Gremlin Horn","Lantern","Prayer Wheel","Runic Pyramid","Enchiridion","MutagenicStrength","Centennial Puzzle","Pantograph","Dodecahedron","Bag of Marbles","Runic Dome","Art of War","Pear","Bottled Tornado","War Paint","Blood Vial","Blue Candle"],"potions_floor_usage":[50],"damage_taken":[{"damage":2.0,"enemies":"Jaw Worm","floor":1.0,"turns":8.0},{"damage":4.0,"enemies":"Small Slimes","floor":3.0,"turns":3.0},{"damage":31.0,"enemies":"3 Sentries","floor":7.0,"turns":11.0},{"damage":0.0,"enemies":"2 Louse","floor":8.0,"turns":3.0},{"damage":0.0,"enemies":"2 Fungi Beasts","floor":12.0,"turns":4.0},{"damage":3.0,"enemies":"Gremlin Nob","floor":13.0,"turns":3.0},{"damage":5.0,"enemies":"Red Slaver","floor":14.0,"turns":3.0},{"damage":4.0,"enemies":"The Guardian","floor":16.0,"turns":6.0},{"damage":5.0,"enemies":"2 Thieves","floor":18.0,"turns":3.0},{"damage":36.0,"enemies":"Book of Stabbing","floor":24.0,"turns":6.0},{"damage":0.0,"enemies":"Gremlin Leader","floor":27.0,"turns":4.0},{"damage":20.0,"enemies":"Book of Stabbing","floor":29.0,"turns":4.0},{"damage":0.0,"enemies":"Chosen","floor":31.0,"turns":2.0},{"damage":22.0,"enemies":"Automaton","floor":33.0,"turns":5.0},{"damage":0,"enemies":"Orb Walker","floor":35,"turns":2},{"damage":24,"enemies":"3 Darklings","floor":36,"turns":6},{"damage":6,"enemies":"Sphere and 2 Shapes","floor":37,"turns":3},{"damage":7,"enemies":"Nemesis","floor":44,"turns":3},{"damage":23,"enemies":"Spire Growth","floor":46,"turns":4},{"damage":0,"enemies":"Giant Head","floor":47,"turns":3},{"damage":17,"enemies":"Transient","floor":48,"turns":3},{"damage":33,"enemies":"Time Eater","floor":50,"turns":6},{"damage":27,"enemies":"Awakened One","floor":51,"turns":13}],"seed_played":"-1079971767831070450","potions_obtained":[{"floor":8.0,"key":"Ancient Potion"},{"floor":12.0,"key":"SteroidPotion"},{"floor":29.0,"key":"Swift Potion"},{"floor":33.0,"key":"PowerPotion"},{"floor":44,"key":"PowerPotion"}],"is_trial":false,"path_per_floor":["M","?","M","?","$","R","E","M","T","R","$","M","E","M","R","B",null,"M","?","?","$","?","R","E","?","T","E","R","E","R","M","R","B",null,"M","M","M","T","?","R","?","R","T","E","$","M","E","M","R","B","B",null],"character_chosen":"THE_SILENT","items_purchased":["Catalyst","Poisoned Stab","Dexterity Potion","Fire Potion","War Paint","Blood Vial"],"campfire_rested":7,"item_purchase_floors":[5,11,21,21,45,45],"current_hp_per_floor":[57,57,53,49,49,49,18,18,18,38,38,38,35,30,30,26,57,52,31,31,31,31,51,15,15,15,15,35,15,35,35,55,45,62,62,38,32,32,32,52,52,52,62,55,55,34,36,21,44,38,38],"gold":309,"neow_bonus":"UPGRADE_CARD","is_prod":false,"is_daily":false,"chose_seed":false,"campfire_upgraded":3,"win_rate":0,"timestamp":1544466025,"path_taken":["M","?","M","?","$","R","E","M","T","R","$","M","E","M","R","BOSS","M","?","?","$","?","R","E","?","T","E","R","E","R","M","R","BOSS","M","M","M","?","?","R","?","R","T","E","$","M","E","M","R","BOSS","BOSS"],"build_version":"2018-12-06","purchased_purges":3,"victory":true,"max_hp_per_floor":[66,60,60,67,67,67,67,67,67,67,67,67,67,67,67,67,67,67,67,67,67,67,67,67,67,67,67,67,67,67,67,67,67,67,67,67,67,67,67,67,67,67,77,77,77,77,77,77,77,77,77],"card_choices":[{"not_picked":["Underhanded Strike","Quick Slash"],"picked":"Poisoned Stab","floor":1.0},{"not_picked":["Slice","Prepared"],"picked":"Poisoned Stab","floor":3.0},{"not_picked":["Accuracy","Blade Dance"],"picked":"Escape Plan","floor":7.0},{"not_picked":["Dagger Throw","Riddle With Holes"],"picked":"Finisher","floor":8.0},{"not_picked":["Acrobatics","Blade Dance"],"picked":"Crippling Poison","floor":12.0},{"not_picked":["Accuracy","Masterful Stab"],"picked":"Noxious Fumes","floor":13.0},{"not_picked":["Acrobatics","Dodge and Roll"],"picked":"Cloak And Dagger","floor":14.0},{"not_picked":["Acrobatics","Calculated Gamble"],"picked":"Crippling Poison","floor":14.0},{"not_picked":["Grand Finale","Wraith Form v2"],"picked":"Burst","floor":16.0},{"not_picked":["Dodge and Roll","Escape Plan","Tactician+1"],"picked":"SKIP","floor":18.0},{"not_picked":["Dagger Spray","Distraction","Outmaneuver"],"picked":"SKIP","floor":18.0},{"not_picked":["Sucker Punch","Acrobatics","Bullet Time"],"picked":"SKIP","floor":24.0},{"not_picked":["Acrobatics","Slice","Endless Agony"],"picked":"SKIP","floor":27.0},{"not_picked":["Predator","Distraction"],"picked":"Catalyst","floor":29.0},{"not_picked":["Bane","Flying Knee"],"picked":"Cloak And Dagger+1","floor":31.0},{"not_picked":["Eviscerate","Terror","Dagger Throw+1"],"picked":"SKIP","floor":31.0},{"not_picked":["Flechettes+1","Masterful Stab"],"picked":"PiercingWail","floor":35},{"not_picked":["Slice+1","Dodge and Roll","PiercingWail"],"picked":"SKIP","floor":35},{"not_picked":["Dagger Spray","Prepared"],"picked":"Deadly Poison+1","floor":36},{"not_picked":["Crippling Poison","Backflip+1","Deadly Poison"],"picked":"SKIP","floor":36},{"not_picked":["Blur","Bane"],"picked":"Deflect+1","floor":37},{"not_picked":["Terror","Dodge and Roll","Predator+1"],"picked":"SKIP","floor":37},{"not_picked":["Flash of Steel","Mayhem"],"picked":"Dark Shackles","floor":39},{"not_picked":["Dash+1","Backflip"],"picked":"Footwork","floor":44},{"not_picked":["Flying Knee","Bane","Prepared+1"],"picked":"SKIP","floor":46},{"not_picked":["Sucker Punch","Dagger Throw","Deadly Poison"],"picked":"SKIP","floor":46},{"not_picked":["Setup","Outmaneuver","Flechettes"],"picked":"SKIP","floor":47},{"not_picked":["Acrobatics","Predator","Infinite Blades"],"picked":"SKIP","floor":48},{"not_picked":["Dagger Throw","Endless Agony","Backflip"],"picked":"SKIP","floor":48}],"player_experience":1780899,"relics_obtained":[{"floor":7.0,"key":"Gremlin Horn"},{"floor":9.0,"key":"Lantern"},{"floor":13.0,"key":"Prayer Wheel"},{"floor":19.0,"key":"Enchiridion"},{"floor":24.0,"key":"Centennial Puzzle"},{"floor":26.0,"key":"Pantograph"},{"floor":27.0,"key":"Dodecahedron"},{"floor":29.0,"key":"Bag of Marbles"},{"floor":38,"key":"Art of War"},{"floor":43,"key":"Pear"},{"floor":44,"key":"Bottled Tornado"},{"floor":47,"key":"Blue Candle"}],"event_choices":[{"damage_healed":0.0,"max_hp_gain":0.0,"max_hp_loss":6.0,"gold_gain":0.0,"event_name":"Golden Idol","player_choice":"Lose Max HP","floor":2.0,"gold_loss":0.0,"damage_taken":0.0,"relics_obtained":["Golden Idol"]},{"damage_healed":0.0,"max_hp_gain":0.0,"max_hp_loss":0.0,"gold_gain":0.0,"event_name":"Scrap Ooze","player_choice":"Success","floor":4.0,"gold_loss":0.0,"damage_taken":11.0,"relics_obtained":["Strawberry"]},{"damage_healed":0.0,"max_hp_gain":0.0,"max_hp_loss":0.0,"gold_gain":0.0,"event_name":"Cursed Tome","player_choice":"Obtained Book","floor":19.0,"gold_loss":0.0,"damage_taken":21.0},{"damage_healed":0.0,"max_hp_gain":0.0,"max_hp_loss":0.0,"gold_gain":0.0,"event_name":"Back to Basics","player_choice":"Simplicity","floor":20.0,"gold_loss":0.0,"damage_taken":0.0,"cards_upgraded":["Defend_G","Defend_G","Defend_G","Defend_G","Defend_G","Strike_G","Strike_G","Strike_G","Strike_G"]},{"damage_healed":0.0,"max_hp_gain":0.0,"max_hp_loss":0.0,"gold_gain":0.0,"event_name":"Drug Dealer","player_choice":"Inject Mutagens","floor":22.0,"gold_loss":0.0,"damage_taken":0.0,"relics_obtained":["MutagenicStrength"]},{"damage_healed":0.0,"max_hp_gain":0.0,"max_hp_loss":0.0,"gold_gain":0.0,"event_name":"Duplicator","player_choice":"Copied","floor":25.0,"gold_loss":0.0,"damage_taken":0.0,"cards_obtained":["Catalyst"]},{"damage_healed":0,"gold_gain":0,"player_choice":"Memory 1","damage_taken":0,"max_hp_gain":0,"max_hp_loss":0,"event_name":"SensoryStone","floor":39,"gold_loss":0},{"damage_healed":0,"gold_gain":333,"player_choice":"Gave Idol","damage_taken":0,"max_hp_gain":0,"max_hp_loss":0,"event_name":"The Moai Head","floor":41,"relics_lost":["Golden Idol"],"gold_loss":0}],"is_beta":false,"boss_relics":[{"not_picked":["Lizard Tail","Snecko Eye"],"picked":"Runic Pyramid"},{"not_picked":["Tiny House","Coffee Dripper"],"picked":"Runic Dome"}],"items_purged_floors":[11,21,45],"is_endless":false,"potions_floor_spawned":[8,12,14,24,29,33,37,44,47],"ascension_level":20}