{"gold_per_floor":[118,43,54,54,14,40,40,75,98,98,98,112,112,131,131,205,205,237,249,279,291,303],"floor_reached":22,"playtime":921,"items_purged":[],"score":516,"play_id":"3acaa75d-0a66-47b8-811e-8617da347289","local_time":"20190208030823","is_ascension_mode":true,"campfire_choices":[{"data":"Genetic Algorithm","floor":7,"key":"SMITH"},{"data":"Zap","floor":10,"key":"SMITH"},{"floor":15,"key":"REST"}],"neow_cost":"NONE","seed_source_timestamp":1378025503731446,"circlet_count":0,"master_deck":["AscendersBane","Strike_B","Strike_B","Strike_B","Strike_B","Defend_B","Defend_B","Zap+1","Dualcast","Genetic Algorithm+1","Leap","Melter","Gash","Regret","Streamline","Seek","Decay","Parasite","Normality","Go for the Eyes"],"relics":["Cracked Core","NeowsBlessing","Dream Catcher","Du-Vu Doll","Lantern","Blue Candle","Regal Pillow","Calling Bell","MawBank","Darkstone Periapt","Girya"],"potions_floor_usage":[8,16,20,21,22],"damage_taken":[{"damage":0,"enemies":"Jaw Worm","floor":1,"turns":1},{"damage":0,"enemies":"2 Louse","floor":3,"turns":1},{"damage":0,"enemies":"Lagavulin","floor":6,"turns":1},{"damage":8,"enemies":"Gremlin Nob","floor":8,"turns":3},{"damage":7,"enemies":"Small Slimes","floor":12,"turns":2},{"damage":0,"enemies":"3 Louse","floor":14,"turns":2},{"damage":44,"enemies":"The Guardian","floor":16,"turns":10},{"damage":24,"enemies":"Chosen","floor":18,"turns":4},{"damage":15,"enemies":"2 Thieves","floor":20,"turns":4},{"damage":0,"enemies":"Snake Plant","floor":21,"turns":2},{"damage":26,"enemies":"3 Cultists","floor":22,"turns":3}],"seed_played":"-4635217478866213105","potions_obtained":[{"floor":1,"key":"Dexterity Potion"},{"floor":3,"key":"FearPotion"},{"floor":14,"key":"Block Potion"},{"floor":18,"key":"Swift Potion"},{"floor":20,"key":"SmokeBomb"}],"is_trial":false,"path_per_floor":["M","?","M","?","$","E","R","E","T","R","?","M","?","M","R","B",null,"M","$","M","M","M"],"character_chosen":"DEFECT","items_purchased":["Melter"],"campfire_rested":1,"item_purchase_floors":[5],"current_hp_per_floor":[64,64,64,57,57,57,57,49,49,49,38,31,31,31,67,23,59,35,35,20,20,0],"gold":303,"neow_bonus":"THREE_ENEMY_KILL","is_prod":false,"is_daily":false,"chose_seed":false,"campfire_upgraded":2,"win_rate":0,"timestamp":1549616903,"path_taken":["M","?","M","?","$","E","R","E","T","R","?","M","?","?","R","BOSS","M","$","M","M","M"],"build_version":"2019-02-06","purchased_purges":0,"victory":false,"max_hp_per_floor":[71,71,71,71,71,71,71,71,71,71,71,71,71,71,71,71,71,71,71,71,71,71],"card_choices":[{"not_picked":["Go for the Eyes","Force Field"],"picked":"Genetic Algorithm","floor":1},{"not_picked":["Coolheaded","Aggregate"],"picked":"Leap","floor":3},{"not_picked":["Reinforced Body","Hologram","Coolheaded"],"picked":"SKIP","floor":6},{"not_picked":["Hologram","Heatsinks","Fusion"],"picked":"SKIP","floor":8},{"not_picked":["Steam","Leap"],"picked":"Gash","floor":12},{"not_picked":["Consume","Glacier","Stack"],"picked":"SKIP","floor":14},{"not_picked":["Biased Cognition","White Noise"],"picked":"Streamline","floor":15},{"not_picked":["Buffer","Echo Form"],"picked":"Seek","floor":16},{"not_picked":["Defragment","Reprogram","Heatsinks"],"picked":"SKIP","floor":18},{"not_picked":["Conserve Battery","Blizzard+1"],"picked":"Go for the Eyes","floor":20}],"player_experience":792257,"relics_obtained":[{"floor":6,"key":"Dream Catcher"},{"floor":8,"key":"Du-Vu Doll"},{"floor":9,"key":"Lantern"},{"floor":17,"key":"MawBank"},{"floor":17,"key":"Darkstone Periapt"},{"floor":17,"key":"Girya"}],"event_choices":[{"cards_removed":["Defend_B"],"damage_healed":0,"gold_gain":0,"player_choice":"Card Removal","damage_taken":0,"max_hp_gain":0,"max_hp_loss":0,"event_name":"The Cleric","floor":2,"gold_loss":75},{"cards_removed":["Defend_B"],"damage_healed":0,"gold_gain":0,"player_choice":"Card Removal","damage_taken":7,"max_hp_gain":0,"max_hp_loss":0,"event_name":"Golden Wing","floor":4,"gold_loss":0},{"damage_healed":0,"gold_gain":0,"player_choice":"Success","damage_taken":11,"relics_obtained":["Blue Candle"],"max_hp_gain":0,"max_hp_loss":0,"event_name":"Scrap Ooze","floor":11,"gold_loss":0},{"damage_healed":0,"gold_gain":0,"player_choice":"Box","damage_taken":0,"relics_obtained":["Regal Pillow"],"max_hp_gain":0,"max_hp_loss":0,"event_name":"Big Fish","floor":13,"gold_loss":0,"cards_obtained":["Regret"]}],"is_beta":true,"boss_relics":[{"not_picked":["Eternal Feather","Lizard Tail"],"picked":"Calling Bell"}],"items_purged_floors":[],"is_endless":false,"potions_floor_spawned":[1,3,14,18,20],"killed_by":"3 Cultists","ascension_level":18}