{"gold_per_floor":[109,125,139,57,57,91,91,109,109,109,127,161,161,171,171,171],"floor_reached":16,"playtime":824,"items_purged":[],"score":151,"play_id":"93f8c097-e109-45ea-bd0f-da653bdc2bcb","local_time":"20181007162054","is_ascension_mode":true,"campfire_choices":[{"floor":7,"key":"REST"},{"data":"True Grit","floor":10,"key":"SMITH"},{"floor":15,"key":"REST"}],"neow_cost":"NONE","seed_source_timestamp":619632137308233,"circlet_count":0,"master_deck":["Strike_R+1","Strike_R","Strike_R","Strike_R","Strike_R","Defend_R","Defend_R","Defend_R","Defend_R+1","Bash","Perfected Strike","Clothesline","True Grit+1","Wild Strike","Flame Barrier","Entrench","Feed","Parasite","Iron Wave","Evolve"],"relics":["Burning Blood","Letter Opener","Champion Belt","Prayer Wheel"],"potions_floor_usage":[3,11,12,16],"damage_taken":[{"damage":3,"enemies":"Small Slimes","floor":1,"turns":3},{"damage":7,"enemies":"2 Louse","floor":2,"turns":2},{"damage":0,"enemies":"Jaw Worm","floor":3,"turns":3},{"damage":40,"enemies":"3 Sentries","floor":6,"turns":11},{"damage":10,"enemies":"3 Louse","floor":8,"turns":5},{"damage":9,"enemies":"Large Slime","floor":11,"turns":6},{"damage":8,"enemies":"Lagavulin","floor":12,"turns":5},{"damage":31,"enemies":"Exordium Wildlife","floor":14,"turns":6},{"damage":84,"enemies":"Slime Boss","floor":16,"turns":15}],"seed_played":"-6997906984343598826","potions_obtained":[{"floor":1,"key":"Block Potion"},{"floor":2,"key":"FearPotion"},{"floor":8,"key":"Energy Potion"},{"floor":14,"key":"Regen Potion"}],"is_trial":false,"path_per_floor":["M","M","M","$","?","E","R","M","T","R","M","E","?","M","R"],"character_chosen":"IRONCLAD","items_purchased":["Flame Barrier"],"campfire_rested":2,"item_purchase_floors":[4],"current_hp_per_floor":[75,74,80,80,64,30,54,50,50,50,47,45,65,43,67,0],"gold":171,"neow_bonus":"THREE_CARDS","is_prod":false,"is_daily":false,"chose_seed":false,"campfire_upgraded":1,"win_rate":0,"timestamp":1538947254,"path_taken":["M","M","M","$","?","E","R","?","T","R","M","E","?","M","R","BOSS"],"build_version":"2018-10-04v2","purchased_purges":0,"victory":false,"max_hp_per_floor":[80,80,80,80,80,80,80,80,80,80,80,80,80,83,83,83],"card_choices":[{"not_picked":["Havoc","Cleave"],"picked":"Perfected Strike","floor":0},{"not_picked":["Seeing Red","Flex"],"picked":"Clothesline","floor":1},{"not_picked":["Cleave","Sentinel"],"picked":"True Grit","floor":2},{"not_picked":["Warcry","Anger"],"picked":"Wild Strike","floor":3},{"not_picked":["Headbutt","Reckless Charge"],"picked":"Entrench","floor":6},{"not_picked":["Headbutt","Havoc"],"picked":"Feed","floor":8},{"not_picked":["Clothesline","Headbutt","Fire Breathing"],"picked":"SKIP","floor":11},{"not_picked":["Havoc","Headbutt","Sword Boomerang"],"picked":"SKIP","floor":12},{"not_picked":["Headbutt","Infernal Blade"],"picked":"Iron Wave","floor":14},{"not_picked":["Intimidate","Havoc"],"picked":"Evolve","floor":14}],"player_experience":713011,"relics_obtained":[{"floor":6,"key":"Letter Opener"},{"floor":9,"key":"Champion Belt"},{"floor":12,"key":"Prayer Wheel"}],"event_choices":[{"event_name":"Shining Light","player_choice":"Entered Light","floor":5,"damage_taken":0},{"event_name":"Mushrooms","player_choice":"Healed and dodged fight","floor":13,"damage_taken":0}],"is_beta":false,"boss_relics":[],"items_purged_floors":[],"is_endless":false,"potions_floor_spawned":[1,2,8,14],"killed_by":"Slime Boss","ascension_level":7}