{"gold_per_floor":[116,66,79,94,114,114,127,127,127,161,161,191,202,218,218,318,318,329,344,356,455,68,68,87,120,172,172,172,183,183,143,143,245,245,256,101,0,15,15,43,43,70,70,100,112,112,112,127,127,127],"floor_reached":50,"playtime":4791,"items_purged":["Decay"],"score":769,"play_id":"87a92b88-f026-4003-b749-8c2d834ee769","local_time":"20180711015422","is_ascension_mode":true,"campfire_choices":[{"data":"Eviscerate","floor":6,"key":"SMITH"},{"data":"Corpse Explosion","floor":8,"key":"SMITH"},{"data":"Crippling Poison","floor":15,"key":"SMITH"},{"floor":23,"key":"REST"},{"floor":27,"key":"REST"},{"floor":32,"key":"REST"},{"data":"Catalyst","floor":41,"key":"SMITH"},{"floor":46,"key":"REST"},{"floor":49,"key":"REST"}],"neow_cost":"NONE","seed_source_timestamp":48964035015250,"circlet_count":0,"master_deck":["Defend_G","Defend_G","Defend_G","Defend_G","Strike_G","Strike_G","Strike_G","Survivor","Neutralize","Leg Sweep+1","Calculated Gamble+1","Eviscerate+1","Corpse Explosion+1","Terror","Dagger Spray","Outmaneuver","Expertise","Adrenaline","Crippling Poison+1","Envenom","Deadly Poison","Acrobatics","Dagger Spray","Dagger Spray","Cloak And Dagger","Dodge and Roll+1","Backflip+1","Dagger Spray","Adrenaline","Calculated Gamble+1","Predator+1","Noxious Fumes","Eviscerate","Underhanded Strike","Catalyst+1","Predator","Eviscerate","Corpse Explosion","Bouncing Flask","Leg Sweep","Phantasmal Killer","Dash","Acrobatics+1","Noxious Fumes+1","Acrobatics+1","Crippling Poison+1","Bouncing Flask+1","Outmaneuver","Crippling Poison+1","Expertise+1","Poisoned Stab+1","Acrobatics+1","Burst"],"relics":["Snecko Eye","Prayer Wheel","Girya","Torii","Snake Skull","Orrery","War Paint","Blood Vial","Orichalcum","Empty Cage","Red Mask","Bag of Preparation","Happy Flower","Bottled Lightning","Anchor"],"potions_floor_usage":[12,12,16,16,25,25,25,33,33,40,44,44],"damage_taken":[{"damage":0,"enemies":"2 Louse","floor":1,"turns":3},{"damage":4,"enemies":"Jaw Worm","floor":3,"turns":9},{"damage":2,"enemies":"Small Slimes","floor":4,"turns":5},{"damage":5,"enemies":"2 Fungi Beasts","floor":5,"turns":4},{"damage":2,"enemies":"Blue Slaver","floor":7,"turns":3},{"damage":4,"enemies":"3 Sentries","floor":10,"turns":3},{"damage":12,"enemies":"Gremlin Nob","floor":12,"turns":4},{"damage":0,"enemies":"Red Slaver","floor":13,"turns":1},{"damage":0,"enemies":"Large Slime","floor":14,"turns":3},{"damage":8,"enemies":"The Guardian","floor":16,"turns":7},{"damage":16,"enemies":"Spheric Guardian","floor":18,"turns":4},{"damage":11,"enemies":"2 Thieves","floor":19,"turns":4},{"damage":35,"enemies":"Sentry and Sphere","floor":20,"turns":6},{"damage":0,"enemies":"3 Cultists","floor":24,"turns":3},{"damage":21,"enemies":"Book of Stabbing","floor":25,"turns":6},{"damage":3,"enemies":"Snake Plant","floor":29,"turns":4},{"damage":0,"enemies":"Collector","floor":33,"turns":5},{"damage":1,"enemies":"Orb Walker","floor":35,"turns":3},{"damage":19,"enemies":"3 Darklings","floor":38,"turns":5},{"damage":3,"enemies":"Giant Head","floor":40,"turns":6},{"damage":2,"enemies":"2 Orb Walkers","floor":42,"turns":4},{"damage":41,"enemies":"Nemesis","floor":44,"turns":7},{"damage":0,"enemies":"Sphere and 2 Shapes","floor":45,"turns":1},{"damage":7,"enemies":"Maw","floor":48,"turns":4},{"damage":59,"enemies":"Time Eater","floor":50,"turns":10}],"seed_played":"6144260548901867885","potions_obtained":[{"floor":1,"key":"Poison Potion"},{"floor":10,"key":"Strength Potion"},{"floor":12,"key":"SkillPotion"},{"floor":13,"key":"SkillPotion"},{"floor":14,"key":"Strength Potion"},{"floor":20,"key":"FearPotion"},{"floor":24,"key":"EssenceOfSteel"},{"floor":31,"key":"Block Potion"},{"floor":31,"key":"Weak Potion"},{"floor":31,"key":"Strength Potion"},{"floor":38,"key":"Poison Potion"},{"floor":40,"key":"Energy Potion"}],"is_trial":false,"path_per_floor":["M","?","M","M","M","R","M","R","T","E","?","E","M","M","R","B",null,"M","M","M","?","$","R","M","E","T","R","?","M","?","?","R","B",null,"M","$","?","M","?","E","R","E","T","E","M","R","?","M","R"],"character_chosen":"THE_SILENT","items_purchased":["Noxious Fumes","Eviscerate","War Paint","Underhanded Strike","Catalyst","Noxious Fumes"],"campfire_rested":5,"item_purchase_floors":[22,22,22,22,22,36],"current_hp_per_floor":[70,70,66,64,59,59,57,57,57,53,46,34,34,34,34,26,70,54,43,8,8,8,29,29,8,8,29,29,28,28,28,49,51,70,69,69,69,51,51,50,50,50,50,11,13,34,34,29,50,0],"gold":127,"neow_bonus":"BOSS_RELIC","is_prod":false,"is_daily":false,"chose_seed":false,"campfire_upgraded":4,"win_rate":0,"timestamp":1531239862,"path_taken":["M","?","?","M","M","R","M","R","T","E","?","E","M","M","R","BOSS","M","M","M","?","$","R","M","E","T","R","?","M","?","?","R","BOSS","M","$","?","M","?","E","R","E","T","E","?","R","?","M","R","BOSS"],"build_version":"2018-07-05","purchased_purges":1,"victory":false,"max_hp_per_floor":[70,70,70,70,70,70,70,70,70,70,70,70,70,70,70,70,70,70,70,70,70,70,70,70,70,70,70,70,70,70,70,70,70,70,70,70,70,70,70,70,70,70,70,70,70,70,70,70,70,70],"card_choices":[{"not_picked":["Backstab","Poisoned Stab"],"picked":"Leg Sweep","floor":1},{"not_picked":["Acrobatics","Deadly Poison"],"picked":"Calculated Gamble","floor":3},{"not_picked":["Quick Slash","Endless Agony"],"picked":"Eviscerate","floor":4},{"not_picked":["Bane","All Out Attack","PiercingWail"],"picked":"SKIP","floor":5},{"not_picked":["Underhanded Strike","Cloak And Dagger"],"picked":"Corpse Explosion","floor":7},{"not_picked":["Deflect","Escape Plan"],"picked":"Terror","floor":10},{"not_picked":["Venomology","Backflip"],"picked":"Dagger Spray","floor":12},{"not_picked":["Well Laid Plans","Prepared"],"picked":"Outmaneuver","floor":13},{"not_picked":["Sucker Punch","Backflip"],"picked":"Expertise","floor":13},{"not_picked":["Deadly Poison","Quick Slash"],"picked":"Adrenaline","floor":14},{"not_picked":["Dagger Spray","Poisoned Stab"],"picked":"Crippling Poison","floor":14},{"not_picked":["After Image","Storm of Steel"],"picked":"Envenom","floor":16},{"not_picked":["Bane","Flying Knee"],"picked":"Deadly Poison","floor":17},{"not_picked":["Sucker Punch","Prepared"],"picked":"Acrobatics","floor":17},{"not_picked":["Endless Agony","Dodge and Roll"],"picked":"Dagger Spray","floor":17},{"not_picked":["Dagger Throw","Backflip"],"picked":"Dagger Spray","floor":17},{"not_picked":["Slice","Distraction"],"picked":"Cloak And Dagger","floor":17},{"not_picked":["Sucker Punch","Expertise"],"picked":"Dodge and Roll+1","floor":18},{"not_picked":["Bane","Flying Knee+1"],"picked":"Backflip+1","floor":18},{"not_picked":["Endless Agony+1","Slice"],"picked":"Dagger Spray","floor":19},{"not_picked":["Blade Dance","Malaise"],"picked":"Adrenaline","floor":19},{"not_picked":["Cloak And Dagger+1","Endless Agony+1"],"picked":"Calculated Gamble+1","floor":20},{"not_picked":["Slice","Dodge and Roll+1"],"picked":"Predator+1","floor":20},{"not_picked":["Backflip+1","Underhanded Strike+1"],"picked":"Predator","floor":24},{"not_picked":["Sucker Punch","Bane"],"picked":"Eviscerate","floor":24},{"not_picked":["Dagger Spray","Prepared"],"picked":"Corpse Explosion","floor":25},{"not_picked":["Backflip+1","Cloak And Dagger"],"picked":"Bouncing Flask","floor":29},{"not_picked":["Acrobatics","Skewer"],"picked":"Leg Sweep","floor":29},{"not_picked":["After Image","Doppelganger"],"picked":"Phantasmal Killer","floor":33},{"not_picked":["Poisoned Stab","Quick Slash+1"],"picked":"Dash","floor":35},{"not_picked":["Underhanded Strike+1","Dagger Spray"],"picked":"Acrobatics+1","floor":35},{"not_picked":["Prepared","Poisoned Stab"],"picked":"Acrobatics+1","floor":38},{"not_picked":["Slice+1","Well Laid Plans+1","Blade Dance"],"picked":"SKIP","floor":38},{"not_picked":["Sucker Punch+1","Deflect"],"picked":"Bouncing Flask+1","floor":40},{"not_picked":["Tactician","Slice+1"],"picked":"Outmaneuver","floor":42},{"not_picked":["Backflip","Sucker Punch+1"],"picked":"Crippling Poison+1","floor":44},{"not_picked":["Prepared","Blade Dance"],"picked":"Expertise+1","floor":45},{"not_picked":["Bane","Outmaneuver"],"picked":"Poisoned Stab+1","floor":45},{"not_picked":["Escape Plan+1","Footwork+1"],"picked":"Acrobatics+1","floor":48},{"not_picked":["Slice+1","Dodge and Roll+1"],"picked":"Burst","floor":48}],"player_experience":79733,"relics_obtained":[{"floor":9,"key":"Prayer Wheel"},{"floor":10,"key":"Girya"},{"floor":12,"key":"Snake Skull"},{"floor":25,"key":"Blood Vial"},{"floor":26,"key":"Orichalcum"},{"floor":40,"key":"Bag of Preparation"},{"floor":42,"key":"Happy Flower"},{"floor":43,"key":"Bottled Lightning"},{"floor":44,"key":"Anchor"}],"event_choices":[{"event_name":"The Cleric","player_choice":"Card Removal","floor":2,"damage_taken":0},{"event_name":"Scrap Ooze","player_choice":"success","floor":11,"damage_taken":7},{"event_name":"Nest","player_choice":"Stole From Cult","floor":21,"damage_taken":0},{"event_name":"Forgotten Altar","player_choice":"Smashed Altar","floor":28,"damage_taken":0},{"event_name":"Drug Dealer","player_choice":"Ignored","floor":30,"damage_taken":0},{"event_name":"The Woman in Blue","player_choice":"Bought 3 Potions","floor":31,"damage_taken":0},{"event_name":"Tomb of Lord Red Mask","player_choice":"Paid","floor":37,"damage_taken":0},{"event_name":"Duplicator","player_choice":"One dupe","floor":39,"damage_taken":0},{"event_name":"Upgrade Shrine","player_choice":"Upgraded","floor":47,"damage_taken":0}],"boss_relics":[{"not_picked":["Calling Bell","Cursed Key"],"picked":"Orrery"},{"not_picked":["Philosopher\u0027s Stone","Runic Pyramid"],"picked":"Empty Cage"}],"items_purged_floors":[36],"is_endless":false,"potions_floor_spawned":[1,10,12,13,14,20,24,38,40],"killed_by":"Time Eater","ascension_level":1}