{"gold_per_floor":[114,114,125,125,137,170,170,95,95,107,124,138,157,176,176,271,271,253,265,180,191,209,209,222,241,241,241,241,241,241,267,267,362,362,372,372,372,133,152,152,152,152],"floor_reached":42,"playtime":3382,"items_purged":[],"score":544,"play_id":"f5e5a58e-2f66-4036-ac1c-8c6d72646376","local_time":"20190207215108","is_ascension_mode":true,"campfire_choices":[{"floor":7,"key":"REST"},{"floor":15,"key":"REST"},{"floor":23,"key":"REST"},{"floor":28,"key":"REST"},{"floor":30,"key":"REST"},{"floor":32,"key":"REST"},{"floor":40,"key":"REST"}],"neow_cost":"NONE","seed_source_timestamp":2275995777404857,"circlet_count":0,"master_deck":["Defend_G","Defend_G","Defend_G","Defend_G","Defend_G","Strike_G","Strike_G","Strike_G","Strike_G","Survivor","Neutralize","Underhanded Strike","Escape Plan","Blade Dance","Deadly Poison","Caltrops","Cloak And Dagger","Well Laid Plans+1","Quick Slash","Cloak And Dagger","Footwork+1","Bullet Time","Noxious Fumes+1","Acrobatics+1","Finisher","Quick Slash","Noxious Fumes+1","Bane","Burst+1","Envenom+1","Infinite Blades+1","Crippling Poison+1","Prepared+1","Infinite Blades+1","Deflect+1","Cloak And Dagger+1","Noxious Fumes+1","Blur+1","Madness+1","Madness+1"],"relics":["Ring of the Serpent","Happy Flower","Pear","Ice Cream","Frozen Egg 2","Sundial","Toxic Egg 2","Vajra","Orrery","Boot"],"potions_floor_usage":[6,6,6,14,22,25,25],"damage_taken":[{"damage":0,"enemies":"Cultist","floor":1,"turns":4},{"damage":5,"enemies":"Small Slimes","floor":3,"turns":5},{"damage":0,"enemies":"2 Louse","floor":5,"turns":4},{"damage":36,"enemies":"3 Sentries","floor":6,"turns":16},{"damage":6,"enemies":"2 Fungi Beasts","floor":10,"turns":4},{"damage":3,"enemies":"Looter","floor":11,"turns":3},{"damage":0,"enemies":"Large Slime","floor":12,"turns":6},{"damage":6,"enemies":"Blue Slaver","floor":13,"turns":4},{"damage":1,"enemies":"Gremlin Gang","floor":14,"turns":6},{"damage":3,"enemies":"The Guardian","floor":16,"turns":12},{"damage":16,"enemies":"2 Thieves","floor":18,"turns":4},{"damage":11,"enemies":"3 Byrds","floor":19,"turns":5},{"damage":2,"enemies":"Snecko","floor":21,"turns":5},{"damage":27,"enemies":"3 Cultists","floor":22,"turns":6},{"damage":26,"enemies":"Centurion and Healer","floor":24,"turns":8},{"damage":20,"enemies":"Snake Plant","floor":25,"turns":5},{"damage":30,"enemies":"Book of Stabbing","floor":31,"turns":6},{"damage":40,"enemies":"Automaton","floor":33,"turns":10},{"damage":17,"enemies":"Orb Walker","floor":35,"turns":5},{"damage":7,"enemies":"3 Shapes","floor":39,"turns":7},{"damage":71,"enemies":"Reptomancer","floor":42,"turns":2}],"seed_played":"-5172650659404869110","potions_obtained":[{"floor":3,"key":"EntropicBrew"},{"floor":11,"key":"EntropicBrew"},{"floor":12,"key":"GhostInAJar"},{"floor":14,"key":"SteroidPotion"},{"floor":25,"key":"SpeedPotion"},{"floor":35,"key":"SteroidPotion"}],"is_trial":false,"path_per_floor":["M","T","M","?","M","E","R","$","T","M","M","M","M","M","R","B",null,"M","M","?","M","M","R","M","M","T","$","R","?","R","E","R","B",null,"M","?","?","$","M","R","?","E"],"character_chosen":"THE_SILENT","items_purchased":["Caltrops","Boot","Noxious Fumes+1"],"campfire_rested":7,"item_purchase_floors":[8,38,38],"current_hp_per_floor":[70,80,75,75,75,54,78,78,78,72,69,69,63,62,80,77,80,64,53,53,51,24,48,22,2,2,2,26,26,50,20,44,4,80,63,63,63,63,56,80,70,0],"gold":152,"neow_bonus":"RANDOM_COMMON_RELIC","is_prod":false,"is_daily":false,"chose_seed":false,"campfire_upgraded":0,"win_rate":0,"timestamp":1549547468,"path_taken":["M","?","M","?","M","E","R","$","T","M","M","M","?","M","R","BOSS","M","M","?","M","M","R","M","M","T","$","R","?","R","E","R","BOSS","M","?","?","$","M","R","?","E"],"build_version":"2019-01-23","purchased_purges":0,"victory":false,"max_hp_per_floor":[70,80,80,80,80,80,80,80,80,80,80,80,80,80,80,80,80,80,80,80,80,80,80,80,80,80,80,80,80,80,80,80,80,80,80,80,80,80,80,80,80,80],"card_choices":[{"not_picked":["Outmaneuver","Setup"],"picked":"Underhanded Strike","floor":1},{"not_picked":["Outmaneuver","Acrobatics"],"picked":"Escape Plan","floor":3},{"not_picked":["Bane","Slice"],"picked":"Blade Dance","floor":5},{"not_picked":["Endless Agony","Choke"],"picked":"Deadly Poison","floor":6},{"not_picked":["Dagger Throw","Sucker Punch"],"picked":"Cloak And Dagger","floor":10},{"not_picked":["Backstab","Bane"],"picked":"Well Laid Plans+1","floor":11},{"not_picked":["Phantasmal Killer","Deflect"],"picked":"Quick Slash","floor":12},{"not_picked":["Accuracy+1","Reflex"],"picked":"Cloak And Dagger","floor":13},{"not_picked":["Deadly Poison","Underhanded Strike"],"picked":"Footwork+1","floor":14},{"not_picked":["Night Terror","Phantasmal Killer"],"picked":"Bullet Time","floor":16},{"not_picked":["Tactician+1","PiercingWail+1"],"picked":"Noxious Fumes+1","floor":18},{"not_picked":["Endless Agony+1","Dagger Throw"],"picked":"Acrobatics+1","floor":19},{"not_picked":["Catalyst+1","Quick Slash"],"picked":"Finisher","floor":21},{"not_picked":["Poisoned Stab","Corpse Explosion"],"picked":"Quick Slash","floor":22},{"not_picked":["Cloak And Dagger","Backstab"],"picked":"Noxious Fumes+1","floor":24},{"not_picked":["Endless Agony+1","Expertise"],"picked":"Bane","floor":25},{"not_picked":["Poisoned Stab","Dodge and Roll+1"],"picked":"Burst+1","floor":31},{"not_picked":["Unload","Phantasmal Killer+1"],"picked":"Envenom+1","floor":33},{"not_picked":["Finisher","Dagger Throw"],"picked":"Infinite Blades+1","floor":34},{"not_picked":["Sucker Punch","Calculated Gamble+1"],"picked":"Crippling Poison+1","floor":34},{"not_picked":["Deadly Poison+1","Quick Slash"],"picked":"Prepared+1","floor":34},{"not_picked":["Underhanded Strike","Deflect+1"],"picked":"Infinite Blades+1","floor":34},{"not_picked":["Prepared+1","Quick Slash"],"picked":"Deflect+1","floor":34},{"not_picked":["Expertise+1","Flying Knee"],"picked":"Cloak And Dagger+1","floor":35},{"not_picked":["Dagger Throw+1","PiercingWail+1"],"picked":"Blur+1","floor":39}],"player_experience":56310,"relics_obtained":[{"floor":2,"key":"Pear"},{"floor":6,"key":"Ice Cream"},{"floor":9,"key":"Frozen Egg 2"},{"floor":26,"key":"Toxic Egg 2"},{"floor":31,"key":"Vajra"}],"event_choices":[{"cards_removed":["Strike_G"],"damage_healed":0,"gold_gain":0,"player_choice":"Purged","damage_taken":0,"max_hp_gain":0,"max_hp_loss":0,"event_name":"Purifier","floor":4,"gold_loss":0},{"damage_healed":0,"gold_gain":0,"player_choice":"Obtained Relic","damage_taken":0,"relics_obtained":["Sundial"],"max_hp_gain":0,"max_hp_loss":0,"event_name":"Addict","floor":20,"gold_loss":85},{"damage_healed":0,"gold_gain":0,"player_choice":"Ignored","damage_taken":0,"max_hp_gain":0,"max_hp_loss":0,"event_name":"Beggar","floor":29,"gold_loss":0},{"damage_healed":0,"gold_gain":0,"player_choice":"Ignored","damage_taken":0,"max_hp_gain":0,"max_hp_loss":0,"event_name":"Tomb of Lord Red Mask","floor":36,"gold_loss":0},{"damage_healed":0,"gold_gain":0,"player_choice":"Ignored","damage_taken":0,"max_hp_gain":0,"max_hp_loss":0,"event_name":"Mysterious Sphere","floor":37,"gold_loss":0},{"damage_healed":0,"gold_gain":0,"player_choice":"Embrace Madness","damage_taken":10,"max_hp_gain":0,"max_hp_loss":0,"event_name":"Winding Halls","floor":41,"gold_loss":0,"cards_obtained":["Madness","Madness"]}],"is_beta":false,"boss_relics":[{"not_picked":["Velvet Choker","Runic Dome"],"picked":"Ring of the Serpent"},{"not_picked":["Coffee Dripper","Empty Cage"],"picked":"Orrery"}],"items_purged_floors":[],"is_endless":false,"potions_floor_spawned":[3,11,12,14,16,25,31,35],"killed_by":"Reptomancer","ascension_level":2}