{"gold_per_floor":[112,132,132,53,65,65,80,97,150,162,175,175,175,193,193,312,312,328,328,328,328,328,347,347,347],"floor_reached":25,"playtime":1514,"items_purged":[],"score":302,"play_id":"6bfa593d-d7d6-4170-999c-8709a502ea9e","local_time":"20180710212509","is_ascension_mode":true,"campfire_choices":[{"floor":6,"key":"REST"},{"floor":15,"key":"REST"},{"floor":24,"key":"REST"}],"neow_cost":"NONE","seed_source_timestamp":605356362401940,"circlet_count":0,"master_deck":["Strike_B","Defend_B","Defend_B","Defend_B","Defend_B","Zap+1","Dualcast","AscendersBane","Compile Driver","Compile Driver","Capacitor","Capacitor","Coolheaded","Redo","Leap","Machine Learning","Injury","Fission","Steam Power+1","Force Field+1","Reinforced Body+1","Genetic Algorithm"],"relics":["Cracked Core","Centennial Puzzle","Golden Idol","Astrolabe"],"potions_floor_usage":[16,16],"damage_taken":[{"damage":2,"enemies":"2 Louse","floor":1,"turns":2},{"damage":4,"enemies":"Jaw Worm","floor":2,"turns":3},{"damage":13,"enemies":"Small Slimes","floor":5,"turns":3},{"damage":13,"enemies":"3 Louse","floor":7,"turns":4},{"damage":16,"enemies":"Exordium Wildlife","floor":8,"turns":5},{"damage":14,"enemies":"Red Slaver","floor":10,"turns":3},{"damage":16,"enemies":"3 Louse","floor":11,"turns":4},{"damage":15,"enemies":"Large Slime","floor":14,"turns":5},{"damage":41,"enemies":"Slime Boss","floor":16,"turns":12},{"damage":29,"enemies":"Spheric Guardian","floor":18,"turns":12},{"damage":15,"enemies":"Shell Parasite","floor":23,"turns":17},{"damage":37,"enemies":"Snake Plant","floor":25,"turns":6}],"seed_played":"-1893902701461790145","potions_obtained":[{"floor":1,"key":"FocusPotion"},{"floor":2,"key":"EssenceOfSteel"},{"floor":23,"key":"Swift Potion"}],"is_trial":false,"path_per_floor":["M","M","?","$","M","R","M","M","T","M","M","?","?","M","R","B",null,"M","?","?","?","?","M","R"],"character_chosen":"DEFECT","items_purchased":["Capacitor"],"campfire_rested":3,"item_purchase_floors":[4],"current_hp_per_floor":[66,62,62,62,49,71,58,42,42,28,12,12,37,22,44,3,57,28,28,28,28,28,13,35,0],"gold":347,"neow_bonus":"UPGRADE_CARD","is_prod":false,"is_daily":false,"chose_seed":false,"campfire_upgraded":0,"win_rate":0,"timestamp":1531272309,"path_taken":["M","M","?","$","M","R","M","?","T","M","M","?","?","M","R","BOSS","M","?","?","?","?","M","R","M"],"build_version":"2018-07-05","purchased_purges":0,"victory":false,"max_hp_per_floor":[75,75,75,75,75,75,75,75,75,75,75,75,75,75,75,75,75,75,75,75,75,75,75,75,75],"card_choices":[{"not_picked":["Recycle","Darkness"],"picked":"Compile Driver","floor":1},{"not_picked":["Stack","Ball Lightning"],"picked":"Compile Driver","floor":2},{"not_picked":["Scrape","Streamline"],"picked":"Capacitor","floor":5},{"not_picked":["Lockon","Streamline"],"picked":"Coolheaded","floor":7},{"not_picked":["Beam Cell","Turbo"],"picked":"Redo","floor":8},{"not_picked":["Stack","Storm"],"picked":"Leap","floor":10},{"not_picked":["Beam Cell","Compile Driver"],"picked":"Machine Learning","floor":11},{"not_picked":["Stack","Redo","Gash"],"picked":"SKIP","floor":14},{"not_picked":["Thunder Strike","Hyperbeam"],"picked":"Fission","floor":16},{"not_picked":["Compile Driver","Rip and Tear+1"],"picked":"Genetic Algorithm","floor":18},{"not_picked":["Rebound","Turbo","Conserve Battery"],"picked":"SKIP","floor":23}],"player_experience":1036579,"relics_obtained":[{"floor":9,"key":"Centennial Puzzle"}],"event_choices":[{"event_name":"Shining Light","player_choice":"Ignored","floor":3,"damage_taken":0},{"event_name":"Golden Idol","player_choice":"Take Wound","floor":12,"damage_taken":0},{"event_name":"Big Fish","player_choice":"Banana","floor":13,"damage_taken":0},{"event_name":"Cursed Tome","player_choice":"Ignored","floor":19,"damage_taken":0},{"event_name":"Drug Dealer","player_choice":"Ignored","floor":20,"damage_taken":0},{"event_name":"The Woman in Blue","player_choice":"Bought 0 Potions","floor":21,"damage_taken":0},{"event_name":"Ghosts","player_choice":"Ignored","floor":22,"damage_taken":0}],"boss_relics":[{"not_picked":["Velvet Choker","White Beast Statue"],"picked":"Astrolabe"}],"items_purged_floors":[],"is_endless":false,"potions_floor_spawned":[1,2,5,7,11,23],"killed_by":"Snake Plant","ascension_level":11}