{"gold_per_floor":[119,85,104,84,104,104,131,144,144,144,93,93,103,103],"floor_reached":14,"playtime":452,"items_purged":[],"score":158,"play_id":"ea967312-9f46-4a44-91f6-4415370a6baa","local_time":"20180725134029","is_ascension_mode":true,"campfire_choices":[{"data":"Noxious Fumes","floor":6,"key":"SMITH"},{"data":"Neutralize","floor":10,"key":"SMITH"}],"neow_cost":"TEN_PERCENT_HP_LOSS","seed_source_timestamp":87766560904421,"circlet_count":0,"master_deck":["Defend_G","Defend_G","Defend_G","Defend_G","Defend_G","Strike_G","Strike_G","Strike_G","Strike_G","Strike_G","Survivor+1","Neutralize+1","AscendersBane","Deflect","Noxious Fumes+1","Dash","Escape Plan","Escape Plan","Backflip","Deflect"],"relics":["Ring of the Snake","Calipers","Sundial","Turnip"],"potions_floor_usage":[7],"damage_taken":[{"damage":1,"enemies":"Small Slimes","floor":1,"turns":5},{"damage":5,"enemies":"Cultist","floor":3,"turns":5},{"damage":0,"enemies":"Jaw Worm","floor":5,"turns":5},{"damage":15,"enemies":"Lagavulin","floor":7,"turns":9},{"damage":0,"enemies":"Red Slaver","floor":8,"turns":4},{"damage":3,"enemies":"Lots of Slimes","floor":13,"turns":6},{"damage":36,"enemies":"Exordium Thugs","floor":14,"turns":5}],"seed_played":"-4692156188698944045","potions_obtained":[{"floor":1,"key":"LiquidBronze"},{"floor":3,"key":"SkillPotion"},{"floor":4,"key":"EssenceOfSteel"}],"is_trial":false,"path_per_floor":["M","$","M","?","M","R","E","M","T","R","$","?","M"],"character_chosen":"THE_SILENT","items_purchased":["Noxious Fumes","Backflip"],"campfire_rested":0,"item_purchase_floors":[2,11],"current_hp_per_floor":[58,58,53,53,53,53,38,38,38,38,38,38,35,0],"gold":103,"neow_bonus":"ONE_RARE_RELIC","is_prod":false,"is_daily":false,"chose_seed":false,"campfire_upgraded":2,"win_rate":0,"timestamp":1532518829,"path_taken":["M","$","M","?","?","R","E","?","T","R","?","?","M","M"],"build_version":"2018-07-19v2","purchased_purges":0,"victory":false,"max_hp_per_floor":[60,60,60,60,60,60,60,60,60,60,60,60,60,60],"card_choices":[{"not_picked":["Heel Hook","Distraction"],"picked":"Deflect","floor":1},{"not_picked":["Quick Slash","Bane"],"picked":"Dash","floor":3},{"not_picked":["Backflip","Quick Slash"],"picked":"Escape Plan","floor":5},{"not_picked":["Eviscerate","Bouncing Flask","Flechettes"],"picked":"SKIP","floor":7},{"not_picked":["Acrobatics","Unload"],"picked":"Escape Plan","floor":8},{"not_picked":["Calculated Gamble","Flechettes"],"picked":"Deflect","floor":13}],"player_experience":1157834,"relics_obtained":[{"floor":7,"key":"Sundial"},{"floor":9,"key":"Turnip"}],"event_choices":[{"event_name":"The Woman in Blue","player_choice":"Bought 1 Potion","floor":4,"damage_taken":0},{"event_name":"Accursed Blacksmith","player_choice":"Forge","floor":12,"damage_taken":0}],"is_beta":false,"boss_relics":[],"items_purged_floors":[],"is_endless":false,"potions_floor_spawned":[1,3,5],"killed_by":"Exordium Thugs","ascension_level":15}