{"path_per_floor":["M","M","M","M","M","R","E","$","T","E","?","R","M","M","R","B",null,"M","$","M","?","?","R","E","M","T","M","R","?","M","M","R","B",null,"M","M","?","?","?","R","E","R","T","R","M","M","$","M","R","B"],"character_chosen":"THE_SILENT","items_purchased":["Catalyst","Toy Ornithopter","Vajra","Bag of Preparation"],"gold_per_floor":[117,133,152,141,157,157,182,72,72,103,103,103,120,136,136,233,233,244,36,56,56,56,56,91,107,134,153,153,153,168,188,188,292,292,309,326,326,326,326,326,355,355,382,382,402,422,19,33,33,33],"floor_reached":51,"campfire_rested":1,"playtime":3772,"current_hp_per_floor":[63,63,63,58,48,48,45,45,45,43,46,46,51,51,51,8,78,78,78,76,76,61,61,61,62,62,68,68,58,57,57,57,24,58,58,57,57,57,47,58,14,43,43,55,51,58,58,58,58,41],"items_purged":["Strike_G","Defend_G"],"gold":33,"score":797,"play_id":"67952e3b-d8a5-440e-a0ab-1013af081a27","local_time":"20180517113019","is_prod":false,"is_daily":false,"chose_seed":false,"is_ascension_mode":true,"campfire_upgraded":9,"timestamp":1526549419,"path_taken":["M","M","M","M","M","R","E","$","T","E","?","R","M","M","R","BOSS","M","$","M","?","?","R","E","M","T","M","R","?","M","M","R","BOSS","M","M","?","?","?","R","E","R","T","R","M","M","$","M","R","BOSS"],"build_version":"2018-05-10","seed_source_timestamp":0,"purchased_purges":2,"victory":true,"master_deck":["Defend_G","Defend_G","Defend_G","Survivor","Neutralize","Backflip","Crippling Poison+1","Deadly Poison+1","Deflect","Deflect","After Image+1","Catalyst+1","Deflect","Bane","Deflect","Sucker Punch+1","Corpse Explosion+1","Blur+1","Deflect+1","Bite","Bite","Bite","Bite","Bite","Outmaneuver+1","Deadly Poison+1","Bane","Catalyst+1","Bandage Up","Apotheosis+1","Sadistic Nature+1","After Image+1","Backflip","Crippling Poison+1"],"max_hp_per_floor":[63,63,63,63,63,63,63,63,63,63,73,73,78,78,78,78,78,78,78,78,78,83,83,83,83,83,83,83,58,58,58,58,58,58,58,58,58,58,58,58,58,58,58,58,58,58,58,58,58,58],"relics":["Ring of the Snake","Toolbox","Lantern","Pen Nib","Pear","White Beast Statue","Toy Ornithopter","The Specimen","Bronze Scales","Eternal Feather","Orichalcum","Bag of Marbles","Vajra","Bag of Preparation"],"card_choices":[{"not_picked":["Quick Slash","Underhanded Strike"],"picked":"Backflip","floor":1.0},{"not_picked":["PiercingWail","Riddle With Holes"],"picked":"Crippling Poison","floor":2.0},{"not_picked":["Sucker Punch","Dagger Spray"],"picked":"Deadly Poison","floor":3.0},{"not_picked":["Quick Slash","Burst"],"picked":"Deflect","floor":4.0},{"not_picked":["Bane","Distraction"],"picked":"Deflect","floor":5.0},{"not_picked":["Backflip","Deflect"],"picked":"After Image","floor":7.0},{"not_picked":["PiercingWail","Reflex"],"picked":"Deflect","floor":10.0},{"not_picked":["Sucker Punch","Infinite Blades"],"picked":"Bane","floor":13.0},{"not_picked":["Terror","Heel Hook"],"picked":"Deflect","floor":14.0},{"not_picked":["Underhanded Strike","Prepared"],"picked":"Sucker Punch","floor":18.0},{"not_picked":["Accuracy","Dagger Throw"],"picked":"Corpse Explosion","floor":20.0},{"not_picked":["Terror","Dagger Throw"],"picked":"Blur","floor":25.0},{"not_picked":["Leg Sweep","Dagger Spray"],"picked":"Deflect","floor":27.0},{"not_picked":["Blade Dance","Prepared"],"picked":"Outmaneuver","floor":31.0},{"not_picked":["Outmaneuver","Underhanded Strike"],"picked":"Deadly Poison","floor":35.0},{"not_picked":["Accuracy","Reflex"],"picked":"Bane","floor":36.0},{"not_picked":["Madness","Dramatic Entrance"],"picked":"Bandage Up","floor":39.0},{"not_picked":["Deep Breath","Swift Strike"],"picked":"Apotheosis","floor":39.0},{"not_picked":["Secret Technique","Dramatic Entrance"],"picked":"Sadistic Nature","floor":39.0},{"not_picked":["PiercingWail","Accuracy"],"picked":"After Image","floor":41.0},{"not_picked":["Dagger Throw","Cloak And Dagger"],"picked":"Backflip","floor":45.0},{"not_picked":["Quick Slash","Dash"],"picked":"Crippling Poison","floor":46.0}],"player_experience":82834,"potions_floor_usage":[50,50,50],"damage_taken":[{"damage":0.0,"enemies":"Jaw Worm","floor":1.0,"turns":5.0},{"damage":0.0,"enemies":"Small Slimes","floor":2.0,"turns":5.0},{"damage":0.0,"enemies":"Cultist","floor":3.0,"turns":4.0},{"damage":5.0,"enemies":"Exordium Thugs","floor":4.0,"turns":4.0},{"damage":10.0,"enemies":"Large Slime","floor":5.0,"turns":9.0},{"damage":3.0,"enemies":"3 Sentries","floor":7.0,"turns":10.0},{"damage":2.0,"enemies":"Lagavulin","floor":10.0,"turns":7.0},{"damage":0.0,"enemies":"3 Louse","floor":13.0,"turns":4.0},{"damage":0.0,"enemies":"Looter","floor":14.0,"turns":3.0},{"damage":43.0,"enemies":"Slime Boss","floor":16.0,"turns":14.0},{"damage":0.0,"enemies":"Chosen","floor":18.0,"turns":4.0},{"damage":2.0,"enemies":"Shell Parasite","floor":20.0,"turns":7.0},{"damage":0.0,"enemies":"Book of Stabbing","floor":24.0,"turns":4.0},{"damage":2.0,"enemies":"Snake Plant","floor":25.0,"turns":4.0},{"damage":0.0,"enemies":"Snecko","floor":27.0,"turns":4.0},{"damage":1.0,"enemies":"3 Cultists","floor":30.0,"turns":6.0},{"damage":0.0,"enemies":"Snake Plant","floor":31.0,"turns":2.0},{"damage":44.0,"enemies":"Collector","floor":33.0,"turns":9.0},{"damage":6.0,"enemies":"3 Darklings","floor":35.0,"turns":4.0},{"damage":1.0,"enemies":"Orb Walker","floor":36.0,"turns":4.0},{"damage":56.0,"enemies":"2 Orb Walkers","floor":41.0,"turns":5.0},{"damage":11.0,"enemies":"4 Shapes","floor":45.0,"turns":6.0},{"damage":11.0,"enemies":"3 Darklings","floor":46.0,"turns":7.0},{"damage":0.0,"enemies":"Maw","floor":48.0,"turns":5.0},{"damage":25,"enemies":"Donu and Deca","floor":50,"turns":7}],"event_choices":[{"event_name":"Scrap Ooze","player_choice":"success","floor":11.0,"damage_taken":7.0},{"event_name":"Addict","player_choice":"Ignored","floor":21.0,"damage_taken":0.0},{"event_name":"Forgotten Altar","player_choice":"Shed Blood","floor":22.0,"damage_taken":0.0},{"event_name":"Vampires","player_choice":"Became a vampire","floor":29.0,"damage_taken":0.0},{"event_name":"Duplicator","player_choice":"One dupe","floor":37.0,"damage_taken":0.0},{"event_name":"Tomb of Lord Red Mask","player_choice":"Ignored","floor":38.0,"damage_taken":0.0},{"event_name":"SensoryStone","player_choice":"Memory 3","floor":39.0,"damage_taken":0.0}],"boss_relics":[],"potions_floor_spawned":[3,5,7,10,13,18,20,24,25,27,30,31,33,35,36,41,45,46,48],"seed_played":"4635267268468920977","ascension_level":1,"is_trial":false}