{"gold_per_floor":[114,74,90,90,90,116,69,88,88,88,105,105,124,135,135,234,234,250,250,261,275,99,99,134,134,209,13,27,27,27,37,37,136,136,148,166,166,184,84,84,114,114,144,144,144,19,35,46,46,46],"floor_reached":50,"playtime":2193,"items_purged":["Defend_R","Writhe","Defend_R"],"score":492,"play_id":"2b8c2b8d-3dc3-4e2a-ba27-fcb31a77e294","local_time":"20180814222031","is_ascension_mode":false,"campfire_choices":[{"data":"Iron Wave","floor":10,"key":"SMITH"},{"data":"Perfected Strike","floor":12,"key":"SMITH"},{"data":"Wild Strike","floor":15,"key":"SMITH"},{"data":"Armaments","floor":23,"key":"SMITH"},{"data":"Perfected Strike","floor":25,"key":"SMITH"},{"data":"Perfected Strike","floor":30,"key":"SMITH"},{"data":"Flex","floor":32,"key":"SMITH"},{"data":"Pommel Strike","floor":40,"key":"SMITH"},{"data":"Shrug It Off","floor":42,"key":"SMITH"},{"floor":49,"key":"REST"}],"neow_cost":"PERCENT_DAMAGE","seed_source_timestamp":41989970871241,"circlet_count":0,"master_deck":["Strike_R","Strike_R","Strike_R","Strike_R","Strike_R","Bash","Twin Strike+1","Iron Wave+1","Headbutt","Shrug It Off+1","Perfected Strike+1","Wild Strike+1","Clash","RitualDagger+1","Flex+1","Perfected Strike+1","Perfected Strike+1","Armaments+1","Wild Strike+1","Clash","Pommel Strike+1","Pommel Strike","Twin Strike","Clothesline+1","Twin Strike"],"relics":["Burning Blood","Mango","Bag of Preparation","Frozen Egg 2","Sozu","Whetstone","Gremlin Horn","Bag of Marbles","Velvet Choker","Art of War","Tiny Chest"],"potions_floor_usage":[6,24,24],"damage_taken":[{"damage":1,"enemies":"Cultist","floor":1,"turns":4},{"damage":1,"enemies":"Jaw Worm","floor":3,"turns":3},{"damage":36,"enemies":"Lagavulin","floor":6,"turns":5},{"damage":0,"enemies":"Small Slimes","floor":8,"turns":3},{"damage":8,"enemies":"Gremlin Gang","floor":11,"turns":5},{"damage":0,"enemies":"Blue Slaver","floor":13,"turns":2},{"damage":5,"enemies":"3 Louse","floor":14,"turns":3},{"damage":55,"enemies":"The Guardian","floor":16,"turns":11},{"damage":10,"enemies":"2 Thieves","floor":18,"turns":3},{"damage":0,"enemies":"Spheric Guardian","floor":20,"turns":2},{"damage":4,"enemies":"3 Cultists","floor":21,"turns":4},{"damage":13,"enemies":"Gremlin Leader","floor":24,"turns":4},{"damage":0,"enemies":"Snecko","floor":28,"turns":2},{"damage":5,"enemies":"Cultist and Chosen","floor":31,"turns":2},{"damage":31,"enemies":"Collector","floor":33,"turns":7},{"damage":7,"enemies":"3 Darklings","floor":35,"turns":2},{"damage":3,"enemies":"3 Shapes","floor":36,"turns":1},{"damage":4,"enemies":"Spire Growth","floor":38,"turns":2},{"damage":43,"enemies":"Giant Head","floor":41,"turns":7},{"damage":28,"floor":44,"turns":4},{"damage":0,"enemies":"Flame Bruiser 2 Orb","floor":47,"turns":1},{"damage":0,"enemies":"Maw","floor":48,"turns":4},{"damage":108,"enemies":"Awakened One","floor":50,"turns":8}],"seed_played":"-8772885756636706218","potions_obtained":[{"floor":2,"key":"Poison Potion"},{"floor":2,"key":"EntropicBrew"},{"floor":2,"key":"FairyPotion"},{"floor":6,"key":"Strength Potion"},{"floor":14,"key":"SteroidPotion"},{"floor":16,"key":"Strength Potion"}],"is_trial":false,"path_per_floor":["M","?","M","?","?","E","$","M","T","R","M","R","M","M","R","B",null,"M","?","M","M","$","R","E","R","T","$","M","?","R","M","R","B",null,"M","M","?","M","$","R","E","R","T","?","?","$","M","M","R"],"character_chosen":"IRONCLAD","items_purchased":["Shrug It Off","Perfected Strike","Armaments","Bag of Marbles","Clash"],"campfire_rested":1,"item_purchase_floors":[7,22,22,27,27],"current_hp_per_floor":[75,75,80,80,80,50,50,56,56,56,54,54,60,61,61,12,94,90,84,90,92,92,92,85,85,85,85,91,91,91,92,92,67,94,93,94,94,94,94,94,57,57,57,35,35,35,41,47,75,0],"gold":46,"neow_bonus":"ONE_RARE_RELIC","is_prod":false,"is_daily":false,"chose_seed":false,"campfire_upgraded":9,"win_rate":0,"timestamp":1534251031,"path_taken":["M","?","M","?","?","E","$","M","T","R","M","R","M","?","R","BOSS","M","?","?","M","$","R","E","R","T","?","M","?","R","M","R","BOSS","M","M","?","M","$","R","E","R","T","?","?","$","?","?","R","BOSS"],"build_version":"2018-08-09","purchased_purges":3,"victory":false,"max_hp_per_floor":[94,94,94,94,94,94,94,94,94,94,94,94,94,94,94,94,94,94,94,94,94,94,94,94,94,94,94,94,94,94,94,94,94,94,94,94,94,94,94,94,94,94,94,94,94,94,94,94,94,94],"card_choices":[{"not_picked":["Iron Wave","Warcry"],"picked":"Twin Strike","floor":1},{"not_picked":["Intimidate","Anger"],"picked":"Iron Wave","floor":3},{"not_picked":["Sever Soul","Entrench"],"picked":"Headbutt","floor":6},{"not_picked":["Blood for Blood","Inflame","Bloodletting"],"picked":"SKIP","floor":8},{"not_picked":["Iron Wave","Double Tap"],"picked":"Perfected Strike","floor":11},{"not_picked":["Seeing Red","Power Through"],"picked":"Wild Strike","floor":13},{"not_picked":["Havoc","Infernal Blade","Combust+1"],"picked":"SKIP","floor":14},{"not_picked":["Cleave","Warcry"],"picked":"Clash","floor":18},{"not_picked":["Heavy Blade","Dark Embrace+1"],"picked":"Flex","floor":20},{"not_picked":["Warcry","Headbutt"],"picked":"Perfected Strike","floor":21},{"not_picked":["Pommel Strike","Havoc+1"],"picked":"Wild Strike+1","floor":24},{"not_picked":["Carnage","Shrug It Off+1"],"picked":"Pommel Strike","floor":28},{"not_picked":["Anger","Sentinel+1"],"picked":"Pommel Strike","floor":31},{"not_picked":["Combust+1","Pummel"],"picked":"Twin Strike","floor":35},{"not_picked":["Sword Boomerang+1","Clash"],"picked":"Clothesline+1","floor":36},{"not_picked":["Anger","Double Tap","Seeing Red+1"],"picked":"SKIP","floor":38},{"not_picked":["Feel No Pain+1","Spot Weakness","Battle Trance+1"],"picked":"SKIP","floor":41},{"not_picked":["Dropkick+1","Whirlwind"],"picked":"Twin Strike","floor":47},{"not_picked":["Warcry","Armaments","Hemokinesis+1"],"picked":"SKIP","floor":48}],"player_experience":348649,"relics_obtained":[{"floor":6,"key":"Bag of Preparation"},{"floor":9,"key":"Frozen Egg 2"},{"floor":24,"key":"Whetstone"},{"floor":26,"key":"Gremlin Horn"},{"floor":41,"key":"Art of War"},{"floor":43,"key":"Tiny Chest"}],"event_choices":[{"event_name":"The Woman in Blue","player_choice":"Bought 3 Potions","floor":2,"damage_taken":0},{"event_name":"Purifier","player_choice":"One Purge","floor":4,"damage_taken":0},{"event_name":"Living Wall","player_choice":"Forget","floor":5,"damage_taken":0},{"event_name":"Nest","player_choice":"Joined the Cult","floor":19,"damage_taken":0},{"event_name":"Addict","player_choice":"Ignored","floor":29,"damage_taken":0},{"event_name":"Winding Halls","player_choice":"Writhe","floor":37,"damage_taken":0},{"event_name":"MindBloom","player_choice":"Fight","floor":44,"damage_taken":0},{"event_name":"SensoryStone","player_choice":"Memory 1","floor":45,"damage_taken":0}],"is_beta":false,"boss_relics":[{"not_picked":["Runic Cube","Mark of Pain"],"picked":"Sozu"},{"not_picked":["Empty Cage","Philosopher\u0027s Stone"],"picked":"Velvet Choker"}],"items_purged_floors":[22,39,46],"is_endless":false,"potions_floor_spawned":[6,8,13,14,16,20,21,24,28,35,36,44,47,48],"killed_by":"Awakened One","ascension_level":0}