{"gold_per_floor":[115,290,52,52,66,95,95,20,20,34,34,45,55,68,68,166,166,181,194,27,27,27,27,44,62,362,362,378,378],"floor_reached":29,"playtime":855,"items_purged":["Doubt","Defend_G"],"score":227,"play_id":"aad8a493-fa13-4953-8278-f19d3e2a35b8","local_time":"20180801235833","is_ascension_mode":false,"campfire_choices":[{"floor":7,"key":"REST"},{"data":"Bouncing Flask","floor":15,"key":"SMITH"},{"data":"Infinite Blades","floor":23,"key":"SMITH"}],"neow_cost":"NONE","seed_source_timestamp":96199712147635,"circlet_count":0,"master_deck":["Defend_G","Defend_G","Defend_G","Defend_G","Strike_G","Strike_G","Strike_G","Strike_G","Survivor","Neutralize","Deadly Poison","Footwork","Footwork","Poisoned Stab","Cloak And Dagger","Outmaneuver","Bouncing Flask+1","Corpse Explosion","Blade Dance","Cloak And Dagger","Cloak And Dagger","Quick Slash","Escape Plan","Poisoned Stab","Bane+1","Infinite Blades+1","Bane","Deadly Poison+1","Writhe","Flying Knee"],"relics":["Eternal Feather","Kunai","Bird Faced Urn","Pantograph","Calipers","Orrery","Old Coin","Darkstone Periapt"],"potions_floor_usage":[13,16,16,16,25],"damage_taken":[{"damage":13,"enemies":"Jaw Worm","floor":1,"turns":4},{"damage":0,"enemies":"2 Louse","floor":5,"turns":3},{"damage":31,"enemies":"3 Sentries","floor":6,"turns":16},{"damage":0,"enemies":"Small Slimes","floor":10,"turns":5},{"damage":11,"enemies":"3 Louse","floor":12,"turns":4},{"damage":10,"enemies":"Looter","floor":13,"turns":4},{"damage":8,"enemies":"Exordium Wildlife","floor":14,"turns":5},{"damage":21,"enemies":"Hexaghost","floor":16,"turns":7},{"damage":24,"enemies":"Shell Parasite","floor":18,"turns":6},{"damage":4,"enemies":"Chosen","floor":19,"turns":5},{"damage":22,"enemies":"Snecko","floor":24,"turns":5},{"damage":5,"enemies":"Chosen and Byrds","floor":25,"turns":5},{"damage":32,"enemies":"Snake Plant","floor":28,"turns":5},{"damage":0,"enemies":"Sentry and Sphere","floor":29,"turns":1}],"seed_played":"-8651388366764018122","potions_obtained":[{"floor":6,"key":"SteroidPotion"},{"floor":10,"key":"SkillPotion"},{"floor":12,"key":"Dexterity Potion"},{"floor":13,"key":"LiquidBronze"},{"floor":14,"key":"Regen Potion"},{"floor":24,"key":"AttackPotion"},{"floor":25,"key":"GamblersBrew"}],"is_trial":false,"path_per_floor":["M","?","$","?","M","E","R","$","T","M","?","M","M","M","R","B",null,"M","M","$","?","?","R","M","M","T","?","M"],"character_chosen":"THE_SILENT","items_purchased":["Kunai","Infinite Blades"],"campfire_rested":1,"item_purchase_floors":[3,20],"current_hp_per_floor":[57,57,57,45,45,16,46,46,46,50,50,43,37,33,42,57,70,47,47,47,47,47,62,44,43,43,49,21,21],"gold":378,"neow_bonus":"BOSS_RELIC","is_prod":false,"is_daily":false,"chose_seed":false,"campfire_upgraded":2,"win_rate":0,"timestamp":1533133713,"path_taken":["M","?","$","?","M","E","R","?","T","?","?","M","?","M","R","BOSS","M","M","$","?","?","R","M","M","T","?","M","M"],"build_version":"2018-07-26","purchased_purges":2,"victory":false,"max_hp_per_floor":[70,70,70,70,70,70,70,70,70,70,70,70,70,70,70,70,70,70,70,70,70,70,70,70,70,70,76,76,76],"card_choices":[{"not_picked":["Outmaneuver","Bane"],"picked":"Deadly Poison","floor":1},{"not_picked":["Dodge and Roll","Infinite Blades"],"picked":"Footwork","floor":5},{"not_picked":["Envenom","Bane"],"picked":"Footwork","floor":6},{"not_picked":["Dodge and Roll","Bane"],"picked":"Poisoned Stab","floor":10},{"not_picked":["Burst","Heel Hook"],"picked":"Cloak And Dagger","floor":12},{"not_picked":["Deflect","Eviscerate"],"picked":"Outmaneuver","floor":13},{"not_picked":["Prepared","Outmaneuver"],"picked":"Bouncing Flask","floor":14},{"not_picked":["Tools of the Trade","Adrenaline"],"picked":"Corpse Explosion","floor":16},{"not_picked":["Dash","Outmaneuver"],"picked":"Blade Dance","floor":17},{"not_picked":["Sucker Punch","Dodge and Roll"],"picked":"Cloak And Dagger","floor":17},{"not_picked":["Deflect","Concentrate"],"picked":"Cloak And Dagger","floor":17},{"not_picked":["Concentrate","Phantasmal Killer"],"picked":"Quick Slash","floor":17},{"not_picked":["Flying Knee","Skewer"],"picked":"Escape Plan","floor":17},{"not_picked":["Dodge and Roll","Flying Knee"],"picked":"Poisoned Stab","floor":18},{"not_picked":["Dagger Throw","Deflect+1"],"picked":"Bane+1","floor":19},{"not_picked":["Distraction","Dagger Throw"],"picked":"Bane","floor":24},{"not_picked":["Backflip+1","Underhanded Strike"],"picked":"Deadly Poison+1","floor":25},{"not_picked":["Masterful Stab","Underhanded Strike"],"picked":"Flying Knee","floor":28}],"player_experience":286070,"relics_obtained":[{"floor":6,"key":"Pantograph"},{"floor":9,"key":"Calipers"},{"floor":26,"key":"Old Coin"}],"event_choices":[{"event_name":"Liars Game","player_choice":"agreed","floor":2,"damage_taken":0},{"event_name":"Scrap Ooze","player_choice":"success","floor":4,"damage_taken":12},{"event_name":"Purifier","player_choice":"One Purge","floor":11,"damage_taken":0},{"event_name":"Cursed Tome","player_choice":"Ignored","floor":21,"damage_taken":0},{"event_name":"Addict","player_choice":"Ignored","floor":22,"damage_taken":0},{"event_name":"The Mausoleum","player_choice":"Yes","floor":27,"damage_taken":0}],"is_beta":false,"boss_relics":[{"not_picked":["HoveringKite","Black Star"],"picked":"Orrery"}],"items_purged_floors":[8,20],"is_endless":false,"potions_floor_spawned":[6,10,12,13,14,24,25],"killed_by":"Sentry and Sphere","ascension_level":0}