{"path_per_floor":["M","?","?","M","M","R","M","M","T","E","M","?","R","M","R","B",null,"M","M","?","M","M","R","M","R","T","M"],"character_chosen":"DEFECT","items_purchased":[],"gold_per_floor":[99,99,99,99,99,99,99,99,99,99,84,84,84,84,84,84,84,24,24,24,24,24,24,24,24,24,24,24],"floor_reached":28,"campfire_rested":4,"playtime":1467,"item_purchase_floors":[],"current_hp_per_floor":[70,70,75,75,70,70,57,48,48,47,48,24,48,50,74,39,80,57,21,21,17,17,41,15,39,39,35,0],"items_purged":[],"gold":24,"score":271,"play_id":"bff3f12b-e9a0-4f59-afda-0c49652d5271","local_time":"20180615111620","is_prod":false,"is_daily":false,"chose_seed":false,"is_ascension_mode":true,"campfire_upgraded":1,"win_rate":0,"timestamp":1529075780,"campfire_choices":[{"data":"Streamline","floor":6,"key":"SMITH"},{"floor":13,"key":"REST"},{"floor":15,"key":"REST"},{"floor":23,"key":"REST"},{"floor":25,"key":"REST"}],"path_taken":["M","?","?","M","?","R","M","M","T","E","M","?","R","M","R","BOSS","M","M","?","M","M","R","?","R","T","M","E"],"build_version":"2018-06-14v2","seed_source_timestamp":113664910519209,"purchased_purges":0,"victory":false,"master_deck":["Strike_B","Strike_B","Strike_B","Defend_B","Defend_B","Defend_B","Defend_B","Zap","Dualcast","Loop","Streamline+1","Tempest","Static Discharge","Ball Lightning","Doom and Gloom","Defragment","Redo","Defragment","Buffer","Tempest","Steam","Conserve Battery+1","Steam"],"max_hp_per_floor":[75,75,80,80,80,80,80,80,80,80,80,80,80,80,80,80,80,80,80,80,80,80,80,80,80,80,80,80],"relics":["Ectoplasm","Meat on the Bone","Sundial","Bag of Preparation","Inserter","Regal Pillow"],"card_choices":[{"not_picked":["Sweeping Beam","Go for the Eyes"],"picked":"Loop","floor":1},{"not_picked":["Recycle","Reprogram"],"picked":"Streamline","floor":4},{"not_picked":["Compile Driver","Steam"],"picked":"Tempest","floor":5},{"not_picked":["White Noise","Redo"],"picked":"Static Discharge","floor":7},{"not_picked":["Rebound","Steam"],"picked":"Ball Lightning","floor":8},{"not_picked":["Auto Shields","Conserve Battery"],"picked":"Doom and Gloom","floor":10},{"not_picked":["Recycle","Stack"],"picked":"Defragment","floor":11},{"not_picked":["Reboot","Steam"],"picked":"Redo","floor":12},{"not_picked":["FTL","Turbo"],"picked":"Defragment","floor":14},{"not_picked":["Meteor Strike","Thunder Strike"],"picked":"Buffer","floor":16},{"not_picked":["Compile Driver","Hello World+1","Go for the Eyes"],"picked":"SKIP","floor":18},{"not_picked":["Beam Cell+1","Gash"],"picked":"Tempest","floor":19},{"not_picked":["Go for the Eyes","Streamline"],"picked":"Steam","floor":21},{"not_picked":["Streamline","Sweeping Beam"],"picked":"Conserve Battery+1","floor":22},{"not_picked":["Turbo","Beam Cell+1"],"picked":"Steam","floor":24},{"not_picked":["Biased Cognition","Sweeping Beam","Rebound"],"picked":"SKIP","floor":27}],"player_experience":573497,"potions_floor_usage":[10,10,21,21,27],"damage_taken":[{"damage":5,"enemies":"2 Louse","floor":1,"turns":3},{"damage":0,"enemies":"Cultist","floor":4,"turns":3},{"damage":5,"enemies":"Small Slimes","floor":5,"turns":3},{"damage":13,"enemies":"Blue Slaver","floor":7,"turns":2},{"damage":9,"enemies":"3 Louse","floor":8,"turns":3},{"damage":13,"enemies":"Lagavulin","floor":10,"turns":4},{"damage":11,"enemies":"Looter","floor":11,"turns":2},{"damage":36,"enemies":"3 Sentries","floor":12,"turns":5},{"damage":10,"enemies":"Exordium Wildlife","floor":14,"turns":3},{"damage":47,"enemies":"The Guardian","floor":16,"turns":7},{"damage":23,"enemies":"2 Thieves","floor":18,"turns":4},{"damage":48,"enemies":"3 Byrds","floor":19,"turns":4},{"damage":16,"enemies":"Centurion and Healer","floor":21,"turns":6},{"damage":12,"enemies":"Snecko","floor":22,"turns":4},{"damage":38,"enemies":"3 Cultists","floor":24,"turns":4},{"damage":16,"enemies":"Snake Plant","floor":27,"turns":4},{"damage":39,"enemies":"Slavers","floor":28,"turns":3}],"relics_obtained":[{"floor":9,"key":"Meat on the Bone"},{"floor":10,"key":"Sundial"},{"floor":12,"key":"Bag of Preparation"},{"floor":26,"key":"Regal Pillow"}],"event_choices":[{"event_name":"Purifier","player_choice":"One Purge","floor":2,"damage_taken":0},{"event_name":"Big Fish","player_choice":"Donut","floor":3,"damage_taken":0},{"event_name":"Dead Adventurer","player_choice":"Searched \u00272\u0027 times","floor":12,"damage_taken":0},{"event_name":"Match and Keep!","player_choice":"0 cards matched","floor":20,"damage_taken":0}],"boss_relics":[{"not_picked":["Runic Dome","Velvet Choker"],"picked":"Inserter"}],"items_purged_floors":[],"is_endless":false,"potions_floor_spawned":[5,8,10,16,19,21,22,24],"seed_played":"-49274733757773523","killed_by":"Slavers","ascension_level":4,"potions_obtained":[{"floor":5,"key":"EssenceOfSteel"},{"floor":8,"key":"Weak Potion"},{"floor":10,"key":"Energy Potion"},{"floor":16,"key":"Strength Potion"},{"floor":19,"key":"SkillPotion"},{"floor":21,"key":"Ancient Potion"},{"floor":22,"key":"Ancient Potion"}],"is_trial":false}