{"gold_per_floor":[113,113,113,10,25,25,52,52,105,105,122,154,154,183,183,258,258,272,36,36,53,53,53,73,73,124,124,134,149,49,49,49,124,124,142,142,195,195,205,236,236,256,302,302],"floor_reached":44,"playtime":2664,"items_purged":["Strike_B","Strike_B"],"score":904,"play_id":"1c03f93b-f772-44a5-8a43-083729843d62","local_time":"20190208155451","is_ascension_mode":true,"campfire_choices":[{"floor":6.0,"key":"REST"},{"data":"Sunder","floor":8.0,"key":"SMITH"},{"floor":10.0,"key":"REST"},{"floor":15.0,"key":"REST"},{"floor":23.0,"key":"REST"},{"data":"Buffer","floor":27.0,"key":"SMITH"},{"floor":32.0,"key":"REST"},{"data":"Creative AI","floor":41.0,"key":"SMITH"}],"neow_cost":"NONE","seed_source_timestamp":435952244980105,"circlet_count":0,"master_deck":["AscendersBane","Defend_B","Defend_B","Defend_B","Defend_B+1","Zap","Dualcast","Sunder+1","Rebound","Chill+1","Coolheaded","Rip and Tear","Steam","Chaos","Buffer+1","Tempest","Barrage","Self Repair","Loop","Reinforced Body","Biased Cognition","Clumsy","Defragment","Redo+1","Decay","Creative AI+1","Barrage","Blind","Heatsinks","Loop+1","Consume+1","Defragment+1","Pain"],"special_seed":0,"relics":["Inserter","Darkstone Periapt","Bag of Preparation","War Paint","Bronze Scales","Letter Opener","Cursed Key","Chemical X","Nilry\u0027s Codex","Strawberry","Sozu","Gambling Chip","Singing Bowl","Blood Vial"],"potions_floor_usage":[42],"damage_taken":[{"damage":7.0,"enemies":"2 Louse","floor":1.0,"turns":4.0},{"damage":5.0,"enemies":"Small Slimes","floor":5.0,"turns":3.0},{"damage":27.0,"enemies":"3 Sentries","floor":7.0,"turns":9.0},{"damage":0.0,"enemies":"Cultist","floor":11.0,"turns":3.0},{"damage":28.0,"enemies":"Lagavulin","floor":12.0,"turns":4.0},{"damage":24.0,"enemies":"Gremlin Nob","floor":14.0,"turns":4.0},{"damage":13.0,"enemies":"Slime Boss","floor":16.0,"turns":9.0},{"damage":0.0,"enemies":"3 Byrds","floor":18.0,"turns":2.0},{"damage":0.0,"enemies":"Spheric Guardian","floor":21.0,"turns":3.0},{"damage":0.0,"enemies":"Snecko","floor":24.0,"turns":5.0},{"damage":0.0,"enemies":"Centurion and Healer","floor":28.0,"turns":5.0},{"damage":16.0,"enemies":"Snake Plant","floor":29.0,"turns":5.0},{"damage":22.0,"enemies":"Champ","floor":33.0,"turns":13.0},{"damage":11.0,"enemies":"Orb Walker","floor":35.0,"turns":5.0},{"damage":72.0,"enemies":"2 Orb Walkers","floor":37.0,"turns":7.0},{"damage":0.0,"enemies":"3 Darklings","floor":39.0,"turns":6.0},{"damage":15.0,"enemies":"Giant Head","floor":40.0,"turns":7.0},{"damage":11,"enemies":"Spire Growth","floor":42,"turns":6},{"damage":73,"enemies":"Reptomancer","floor":44,"turns":3}],"seed_played":"-8532151301843183364","potions_obtained":[{"floor":7.0,"key":"Poison Potion"},{"floor":11.0,"key":"PowerPotion"},{"floor":14.0,"key":"SpeedPotion"},{"floor":24.0,"key":"Fire Potion"},{"floor":29.0,"key":"Ancient Potion"}],"is_trial":false,"path_per_floor":["M","?","?","$","M","R","E","R","T","R","M","E","?","E","R","B",null,"M","$","$","M","?","R","M","?","T","R","M","M","$","?","R","B",null,"M","?","?","?","M","E","R","M","T","E"],"character_chosen":"DEFECT","items_purchased":["Rebound","Chemical X","Barrage"],"campfire_rested":5,"item_purchase_floors":[4,19,19],"current_hp_per_floor":[57,57,46,46,41,62,35,35,35,56,56,28,28,4,25,12,56,56,56,56,56,35,56,56,56,69,69,76,60,60,66,90,75,86,82,82,17,74,74,66,66,62,68,0],"gold":302,"neow_bonus":"BOSS_RELIC","is_prod":false,"is_daily":false,"chose_seed":false,"campfire_upgraded":3,"win_rate":0,"timestamp":1549659291,"path_taken":["M","?","?","$","M","R","E","R","T","R","M","E","?","E","R","BOSS","M","?","$","M","?","R","M","?","T","R","M","M","$","?","R","BOSS","M","?","?","?","M","E","R","M","T","E"],"build_version":"2019-01-23","purchased_purges":2,"victory":false,"max_hp_per_floor":[71,71,71,71,71,71,71,71,71,71,71,71,71,71,71,71,71,71,71,71,71,71,71,71,71,84,84,84,84,84,90,90,90,90,90,90,90,74,74,74,74,74,80,80],"card_choices":[{"not_picked":["Rebound","Doom and Gloom"],"picked":"Sunder","floor":1.0},{"not_picked":["Cold Snap","Compile Driver"],"picked":"Chill","floor":5.0},{"not_picked":["Sunder","Recycle"],"picked":"Coolheaded","floor":7.0},{"not_picked":["Sweeping Beam","Heatsinks"],"picked":"Rip and Tear","floor":11.0},{"not_picked":["Barrage","Hologram"],"picked":"Steam","floor":12.0},{"not_picked":["Reprogram","Steam Power"],"picked":"Chaos","floor":14.0},{"not_picked":["Rainbow","Multi-Cast"],"picked":"Buffer","floor":16.0},{"not_picked":["Fusion","Steam"],"picked":"Tempest","floor":18.0},{"not_picked":["Lockon","Beam Cell"],"picked":"Self Repair","floor":21.0},{"not_picked":["Go for the Eyes","Sunder"],"picked":"Loop","floor":24.0},{"not_picked":["Loop","Barrage"],"picked":"Defragment","floor":28.0},{"not_picked":["Rebound","Beam Cell"],"picked":"Redo+1","floor":29.0},{"not_picked":["Machine Learning","Meteor Strike"],"picked":"Creative AI","floor":33.0},{"not_picked":["Compile Driver+1","Cold Snap"],"picked":"Barrage","floor":35.0},{"not_picked":["Trip","PanicButton"],"picked":"Blind","floor":36.0},{"not_picked":["Streamline","Chaos"],"picked":"Heatsinks","floor":37.0},{"not_picked":["Gash+1","Streamline"],"picked":"Loop+1","floor":39.0},{"not_picked":["Glacier","Darkness"],"picked":"Consume+1","floor":40.0},{"not_picked":["Gash","Undo"],"picked":"Defragment+1","floor":42}],"player_experience":2358795,"relics_obtained":[{"floor":7.0,"key":"Bag of Preparation"},{"floor":9.0,"key":"War Paint"},{"floor":12.0,"key":"Bronze Scales"},{"floor":14.0,"key":"Letter Opener"},{"floor":22.0,"key":"Nilry\u0027s Codex"},{"floor":26.0,"key":"Strawberry"},{"floor":37.0,"key":"Gambling Chip"},{"floor":40.0,"key":"Singing Bowl"},{"floor":43,"key":"Blood Vial"}],"event_choices":[{"damage_healed":0.0,"max_hp_gain":0.0,"max_hp_loss":0.0,"gold_gain":0.0,"event_name":"Shining Light","player_choice":"Ignored","floor":2.0,"gold_loss":0.0,"damage_taken":0.0},{"damage_healed":0.0,"max_hp_gain":0.0,"max_hp_loss":0.0,"gold_gain":0.0,"event_name":"Scrap Ooze","player_choice":"Success","floor":3.0,"gold_loss":0.0,"damage_taken":11.0,"relics_obtained":["Darkstone Periapt"]},{"damage_healed":0.0,"max_hp_gain":0.0,"max_hp_loss":0.0,"gold_gain":0.0,"event_name":"Match and Keep!","player_choice":"0 cards matched","floor":13.0,"gold_loss":0.0,"damage_taken":0.0,"cards_obtained":[]},{"damage_healed":0.0,"max_hp_gain":0.0,"max_hp_loss":0.0,"gold_gain":0.0,"event_name":"Cursed Tome","player_choice":"Obtained Book","floor":22.0,"gold_loss":0.0,"damage_taken":21.0},{"damage_healed":0.0,"max_hp_gain":0.0,"max_hp_loss":0.0,"gold_gain":0.0,"cards_transformed":["Strike_B","Strike_B"],"event_name":"Drug Dealer","player_choice":"Became Test Subject","floor":25.0,"gold_loss":0.0,"damage_taken":0.0,"cards_obtained":["Reinforced Body","Biased Cognition"]},{"damage_healed":0.0,"max_hp_gain":0.0,"max_hp_loss":0.0,"gold_gain":0.0,"event_name":"Forgotten Altar","player_choice":"Smashed Altar","floor":31.0,"gold_loss":0.0,"damage_taken":0.0,"cards_obtained":["Decay"]},{"damage_healed":0.0,"max_hp_gain":0.0,"max_hp_loss":0.0,"gold_gain":0.0,"event_name":"SensoryStone","player_choice":"Memory 1","floor":36.0,"gold_loss":0.0,"damage_taken":0.0},{"damage_healed":0.0,"max_hp_gain":0.0,"max_hp_loss":0.0,"gold_gain":0.0,"event_name":"Mysterious Sphere","player_choice":"Fight","floor":37.0,"gold_loss":0.0,"damage_taken":0.0},{"damage_healed":74.0,"max_hp_gain":0.0,"max_hp_loss":16.0,"gold_gain":0.0,"event_name":"The Moai Head","player_choice":"Heal","floor":38.0,"gold_loss":0.0,"damage_taken":0.0}],"is_beta":false,"boss_relics":[{"not_picked":["Nuclear Battery","Astrolabe"],"picked":"Cursed Key"},{"not_picked":["Lizard Tail","Runic Dome"],"picked":"Sozu"}],"items_purged_floors":[4,30],"is_endless":false,"potions_floor_spawned":[7,11,14,24,29,33,37,40,42],"killed_by":"Reptomancer","ascension_level":20}