{"gold_per_floor":[211,227,327,346,362,362,391,391,391,391,391,47,72,72,72,175,175,194,221,239,251,262,262,262],"floor_reached":24,"playtime":1353,"items_purged":["Regret"],"score":206,"play_id":"feb0398f-5071-4a7b-b91f-d817e5df7d29","local_time":"20190211170549","is_ascension_mode":true,"campfire_choices":[{"data":"Catalyst","floor":6,"key":"SMITH"},{"data":"Noxious Fumes","floor":15,"key":"SMITH"},{"data":"Catalyst","floor":23,"key":"SMITH"}],"neow_cost":"NONE","seed_source_timestamp":21745504041443,"circlet_count":0,"master_deck":["Defend_G","Defend_G","Defend_G","Defend_G","Defend_G","Strike_G","Strike_G","Strike_G","Strike_G","Strike_G","Survivor","Neutralize","Deadly Poison","Poisoned Stab","Catalyst+1","Parasite","Noxious Fumes+1","Corpse Explosion","Deadly Poison","Catalyst+1"],"relics":["Ring of the Snake","Meat on the Bone","Pocketwatch","StoneCalendar","Membership Card","Juzu Bracelet","Velvet Choker","Red Mask"],"potions_floor_usage":[7,16,16,19,22,24],"damage_taken":[{"damage":10,"enemies":"Jaw Worm","floor":1,"turns":4},{"damage":0,"enemies":"Cultist","floor":2,"turns":4},{"damage":9,"enemies":"2 Louse","floor":4,"turns":3},{"damage":5,"enemies":"Looter","floor":5,"turns":3},{"damage":6,"enemies":"Gremlin Nob","floor":7,"turns":3},{"damage":12,"enemies":"The Guardian","floor":16,"turns":6},{"damage":2,"enemies":"Shell Parasite","floor":18,"turns":4},{"damage":10,"enemies":"Masked Bandits","floor":19,"turns":2},{"damage":0,"enemies":"Chosen","floor":20,"turns":3},{"damage":15,"enemies":"Snake Plant","floor":21,"turns":3},{"damage":12,"enemies":"Shelled Parasite and Fungi","floor":22,"turns":3},{"damage":43,"enemies":"Gremlin Leader","floor":24,"turns":5}],"seed_played":"7226737854100996570","potions_obtained":[{"floor":1,"key":"Energy Potion"},{"floor":4,"key":"LiquidBronze"},{"floor":5,"key":"Poison Potion"},{"floor":18,"key":"Swift Potion"},{"floor":20,"key":"Swift Potion"},{"floor":21,"key":"Poison Potion"}],"is_trial":false,"path_per_floor":["M","M","?","M","M","R","E","?","T","?","?","$","T","?","R","B",null,"M","?","M","M","M","R","E"],"character_chosen":"THE_SILENT","items_purchased":["Noxious Fumes","Membership Card"],"campfire_rested":0,"item_purchase_floors":[12,12],"current_hp_per_floor":[60,60,60,51,46,46,40,40,40,40,57,57,57,57,57,45,70,68,58,58,43,43,43,0],"gold":262,"neow_bonus":"HUNDRED_GOLD","is_prod":false,"is_daily":false,"chose_seed":false,"campfire_upgraded":3,"win_rate":0,"timestamp":1549933549,"path_taken":["M","M","?","?","M","R","E","?","T","?","?","$","?","?","R","BOSS","M","?","M","M","M","R","E"],"build_version":"2019-01-23","purchased_purges":1,"victory":false,"max_hp_per_floor":[70,70,70,70,70,70,70,70,70,70,70,70,70,70,70,70,70,70,70,70,70,70,70,70],"card_choices":[{"not_picked":["Bane","Crippling Poison"],"picked":"Deadly Poison","floor":1},{"not_picked":["All Out Attack","Dagger Throw","Tactician"],"picked":"SKIP","floor":2},{"not_picked":["Prepared","Grand Finale"],"picked":"Poisoned Stab","floor":4},{"not_picked":["Acrobatics","Calculated Gamble"],"picked":"Catalyst","floor":5},{"not_picked":["Underhanded Strike","Blade Dance","Tactician"],"picked":"SKIP","floor":7},{"not_picked":["Wraith Form v2","Glass Knife"],"picked":"Corpse Explosion","floor":16},{"not_picked":["Bane","Deflect","Prepared"],"picked":"SKIP","floor":18},{"not_picked":["Backflip","Flying Knee"],"picked":"Deadly Poison","floor":19},{"not_picked":["Reflex","Slice+1","All Out Attack"],"picked":"SKIP","floor":20},{"not_picked":["Flying Knee","Deflect"],"picked":"Catalyst","floor":21},{"not_picked":["Backflip","Underhanded Strike","Deflect+1"],"picked":"SKIP","floor":22}],"player_experience":209783,"relics_obtained":[{"floor":7,"key":"Meat on the Bone"},{"floor":9,"key":"Pocketwatch"},{"floor":13,"key":"Juzu Bracelet"},{"floor":19,"key":"Red Mask"}],"event_choices":[{"damage_healed":0,"gold_gain":100,"player_choice":"Pray","damage_taken":0,"max_hp_gain":0,"max_hp_loss":0,"event_name":"Golden Shrine","floor":3,"gold_loss":0},{"damage_healed":0,"gold_gain":0,"player_choice":"Ignored","damage_taken":0,"max_hp_gain":0,"max_hp_loss":0,"event_name":"Golden Wing","floor":8,"gold_loss":0},{"damage_healed":0,"gold_gain":0,"player_choice":"Box","damage_taken":0,"relics_obtained":["StoneCalendar"],"max_hp_gain":0,"max_hp_loss":0,"event_name":"Big Fish","floor":10,"gold_loss":0,"cards_obtained":["Regret"]},{"damage_healed":17,"gold_gain":0,"player_choice":"Healed and dodged fight","damage_taken":0,"max_hp_gain":0,"max_hp_loss":0,"event_name":"Mushrooms","floor":11,"gold_loss":0,"cards_obtained":["Parasite"]},{"damage_healed":0,"gold_gain":0,"player_choice":"Ignored","damage_taken":0,"max_hp_gain":0,"max_hp_loss":0,"event_name":"Liars Game","floor":14,"gold_loss":0},{"damage_healed":0,"gold_gain":0,"player_choice":"Fought Bandits","damage_taken":0,"max_hp_gain":0,"max_hp_loss":0,"event_name":"Masked Bandits","floor":19,"gold_loss":0}],"is_beta":false,"boss_relics":[{"not_picked":["HoveringKite","Sozu"],"picked":"Velvet Choker"}],"items_purged_floors":[12],"is_endless":false,"potions_floor_spawned":[1,4,5,18,20,21],"killed_by":"Gremlin Leader","ascension_level":1}