{"path_per_floor":["M","?","$","M","M","R","E","R","T","M","M","M","M","?","R","B",null,"M","$","M","M","?","R","M","M","T","R","M","E","T","?","R","B",null,"M","M","M","?","$","R","?","M","T","E","?","R","M","M","R","B"],"character_chosen":"THE_SILENT","items_purchased":["Skewer","Snake Skull","After Image","Mercury Hourglass","Mummified Hand"],"gold_per_floor":[117,117,39,53,63,63,391,391,391,411,423,435,455,455,455,552,552,569,274,286,306,221,221,237,248,248,248,261,290,363,389,389,488,488,501,515,532,532,70,70,70,87,87,119,341,341,359,375,375,375],"floor_reached":51,"campfire_rested":0,"playtime":3072,"item_purchase_floors":[3,19,19,39,39],"current_hp_per_floor":[63,63,63,63,63,63,62,61,60,50,48,42,37,37,37,37,52,51,50,49,48,47,46,45,44,43,42,41,40,39,31,31,36,35,34,33,32,31,30,29,28,27,36,35,34,33,32,29,29,22],"items_purged":[],"gold":375,"score":928,"play_id":"ad736339-c543-4301-a5c7-feed131f74c2","local_time":"20180620170127","daily_mods":["Shiny","Uncertain Future","Terminal"],"is_prod":false,"is_daily":false,"chose_seed":true,"is_ascension_mode":false,"campfire_upgraded":9,"win_rate":0,"timestamp":1529506887,"campfire_choices":[{"data":"A Thousand Cuts","floor":6,"key":"SMITH"},{"data":"Skewer","floor":8,"key":"SMITH"},{"data":"Cloak And Dagger","floor":15,"key":"SMITH"},{"data":"After Image","floor":23,"key":"SMITH"},{"data":"Adrenaline","floor":27,"key":"SMITH"},{"data":"Envenom","floor":32,"key":"SMITH"},{"data":"Bullet Time","floor":40,"key":"SMITH"},{"data":"Adrenaline","floor":46,"key":"SMITH"},{"data":"Wraith Form v2","floor":49,"key":"SMITH"}],"path_taken":["M","?","$","?","M","R","E","R","T","M","M","M","M","?","R","BOSS","M","$","M","M","?","R","M","M","T","R","M","E","?","?","R","BOSS","M","M","M","?","$","R","?","M","T","E","?","R","M","M","R","BOSS"],"build_version":"2018-06-14v2","seed_source_timestamp":3684926081452118,"purchased_purges":0,"victory":true,"master_deck":["Venomology","Corpse Explosion","Phantasmal Killer","Die Die Die","Adrenaline+1","Envenom+1","Doppelganger","Burst","Wraith Form v2+1","Tools of the Trade","Night Terror","Unload","After Image+1","Tactician","Bullet Time+1","Storm of Steel","Glass Knife","A Thousand Cuts+1","Backstab","Skewer+1","Dodge and Roll","Blur","Noxious Fumes","Dodge and Roll","Deflect","Cloak And Dagger+1","Unload","Acrobatics","Escape Plan","Cloak And Dagger","Cloak And Dagger","After Image+1","Cloak And Dagger","Blade Dance","Footwork","Slice","Adrenaline+1","Well Laid Plans","Cloak And Dagger+1","Catalyst"],"max_hp_per_floor":[68,67,66,65,64,63,62,61,60,59,58,57,56,55,54,53,52,51,50,49,48,47,46,45,44,43,42,41,40,39,38,37,36,35,34,33,32,31,30,29,28,27,36,35,34,33,32,31,30,29],"special_seed":29952015251857,"relics":["Ring of the Snake","Old Coin","Ornamental Fan","Orrery","Snake Skull","Art of War","Sundial","Dead Branch","The Courier","Red Mask","Philosopher\u0027s Stone","Mercury Hourglass","Mummified Hand","Pear","Thread and Needle"],"card_choices":[{"not_picked":["Slice","Masterful Stab"],"picked":"Backstab","floor":1},{"not_picked":["Riddle With Holes","Prepared"],"picked":"Dodge and Roll","floor":4},{"not_picked":["Crippling Poison","Poisoned Stab"],"picked":"Blur","floor":5},{"not_picked":["Flechettes","Predator"],"picked":"Noxious Fumes","floor":7},{"not_picked":["Flying Knee","Eviscerate"],"picked":"Dodge and Roll","floor":10},{"not_picked":["Poisoned Stab","Deadly Poison","Skewer"],"picked":"SKIP","floor":11},{"not_picked":["Concentrate","Bouncing Flask"],"picked":"Deflect","floor":12},{"not_picked":["Prepared","Terror"],"picked":"Cloak And Dagger","floor":13},{"not_picked":["Grand Finale","Envenom"],"picked":"Unload","floor":16},{"not_picked":["Underhanded Strike","Choke"],"picked":"Acrobatics","floor":17},{"not_picked":["Acrobatics","Dagger Spray"],"picked":"Well Laid Plans","floor":17},{"not_picked":["Deflect","Underhanded Strike"],"picked":"Escape Plan","floor":17},{"not_picked":["Blade Dance","Bane"],"picked":"Cloak And Dagger","floor":17},{"not_picked":["Prepared","Acrobatics"],"picked":"Cloak And Dagger","floor":18},{"not_picked":["Deadly Poison","Skewer"],"picked":"Cloak And Dagger","floor":20},{"not_picked":["Envenom","Backflip","Dagger Spray"],"picked":"SKIP","floor":21},{"not_picked":["Accuracy","Dagger Spray"],"picked":"Blade Dance","floor":24},{"not_picked":["Night Terror","Catalyst","Dagger Throw"],"picked":"SKIP","floor":25},{"not_picked":["Dodge and Roll","Underhanded Strike"],"picked":"Footwork","floor":28},{"not_picked":["Heel Hook","Backflip"],"picked":"Slice","floor":29},{"not_picked":["Wraith Form v2","Grand Finale"],"picked":"Adrenaline","floor":33},{"not_picked":["Predator","Deadly Poison","Dagger Throw"],"picked":"SKIP","floor":35},{"not_picked":["Dash+1","Crippling Poison"],"picked":"Well Laid Plans","floor":36},{"not_picked":["Bane+1","Deadly Poison","Masterful Stab"],"picked":"SKIP","floor":37},{"not_picked":["Underhanded Strike+1","Riddle With Holes+1"],"picked":"Cloak And Dagger+1","floor":42},{"not_picked":["Leg Sweep+1","Flying Knee","Phantasmal Killer"],"picked":"SKIP","floor":44},{"not_picked":["Infinite Blades","Poisoned Stab"],"picked":"Catalyst","floor":47},{"not_picked":["Bane+1","Setup+1","Infinite Blades"],"picked":"SKIP","floor":48}],"player_experience":892648,"potions_floor_usage":[7,13,16,33,50],"damage_taken":[{"damage":6,"enemies":"Jaw Worm","floor":1,"turns":2},{"damage":0,"enemies":"2 Louse","floor":4,"turns":2},{"damage":0,"enemies":"Cultist","floor":5,"turns":2},{"damage":0,"enemies":"Lagavulin","floor":7,"turns":3},{"damage":10,"enemies":"Lots of Slimes","floor":10,"turns":2},{"damage":2,"enemies":"Looter","floor":11,"turns":3},{"damage":6,"enemies":"Red Slaver","floor":12,"turns":3},{"damage":5,"enemies":"Exordium Thugs","floor":13,"turns":2},{"damage":0,"enemies":"Slime Boss","floor":16,"turns":6},{"damage":1,"enemies":"Shell Parasite","floor":18,"turns":6},{"damage":0,"enemies":"Chosen","floor":20,"turns":5},{"damage":0,"enemies":"Snake Plant","floor":21,"turns":5},{"damage":1,"enemies":"Slaver and Parasite","floor":24,"turns":7},{"damage":0,"enemies":"Centurion and Healer","floor":25,"turns":6},{"damage":0,"enemies":"Snecko","floor":28,"turns":6},{"damage":0,"enemies":"Gremlin Leader","floor":29,"turns":6},{"damage":8,"floor":31,"turns":5},{"damage":5,"enemies":"Collector","floor":33,"turns":5},{"damage":0,"enemies":"3 Shapes","floor":35,"turns":4},{"damage":0,"enemies":"3 Darklings","floor":36,"turns":3},{"damage":0,"enemies":"4 Shapes","floor":37,"turns":6},{"damage":0,"enemies":"Maw","floor":42,"turns":5},{"damage":0,"enemies":"Giant Head","floor":44,"turns":4},{"damage":0,"enemies":"3 Darklings","floor":47,"turns":3},{"damage":3,"enemies":"Sphere and 2 Shapes","floor":48,"turns":4},{"damage":7,"enemies":"Time Eater","floor":50,"turns":7}],"relics_obtained":[{"floor":7,"key":"Old Coin"},{"floor":9,"key":"Ornamental Fan"},{"floor":26,"key":"Sundial"},{"floor":29,"key":"Dead Branch"},{"floor":30,"key":"The Courier"},{"floor":31,"key":"Red Mask"},{"floor":43,"key":"Pear"},{"floor":44,"key":"Thread and Needle"}],"event_choices":[{"event_name":"Living Wall","player_choice":"Grow","floor":2,"damage_taken":0},{"event_name":"Purifier","player_choice":"One Purge","floor":14,"damage_taken":0},{"event_name":"Addict","player_choice":"Obtained Relic","floor":22,"damage_taken":0},{"event_name":"Masked Bandits","player_choice":"Fought over 363 gold","floor":31,"damage_taken":0},{"event_name":"SensoryStone","player_choice":"Memory 1","floor":38,"damage_taken":0},{"event_name":"Falling","player_choice":"Removed Power","floor":41,"damage_taken":0},{"event_name":"Tomb of Lord Red Mask","player_choice":"Wore Mask","floor":45,"damage_taken":0}],"boss_relics":[{"not_picked":["Black Star","Calling Bell"],"picked":"Orrery"},{"not_picked":["Eternal Feather","Tiny House"],"picked":"Philosopher\u0027s Stone"}],"items_purged_floors":[],"is_endless":false,"potions_floor_spawned":[4,5,11,13,21,24,29,31,33,37,42,44,47],"seed_played":"-3783381173106437038","ascension_level":0,"potions_obtained":[{"floor":4,"key":"Regen Potion"},{"floor":5,"key":"Block Potion"},{"floor":11,"key":"SkillPotion"},{"floor":13,"key":"Fire Potion"},{"floor":33,"key":"Weak Potion"},{"floor":37,"key":"GhostInAJar"}],"is_trial":true}