{"path_per_floor":["M","?","?","?","M","E","$","R","T","E","?","R","M","M","R","B",null,"M","?","?","?","M","R"],"character_chosen":"DEFECT","items_purchased":["DataDisk"],"gold_per_floor":[113,113,113,113,130,165,9,9,9,35,35,35,54,69,69,167,167,184,184,134,134,145,145,145],"floor_reached":24,"campfire_rested":3,"playtime":886,"item_purchase_floors":[7],"current_hp_per_floor":[68,68,68,68,68,68,68,68,68,40,40,62,59,53,75,53,70,65,65,65,65,46,68,0],"items_purged":[],"gold":145,"score":295,"play_id":"b5be0a34-15c7-4752-b3e6-5ae8d01a74e3","local_time":"20180621221113","is_prod":false,"is_daily":false,"chose_seed":false,"is_ascension_mode":true,"campfire_upgraded":1,"win_rate":0,"timestamp":1529633473,"campfire_choices":[{"data":"Zap","floor":8,"key":"SMITH"},{"floor":12,"key":"REST"},{"floor":15,"key":"REST"},{"floor":23,"key":"REST"}],"path_taken":["M","?","?","?","M","E","$","R","T","E","?","R","M","M","R","BOSS","M","?","?","?","M","R","E"],"build_version":"2018-06-14v2","seed_source_timestamp":671876138004465,"purchased_purges":0,"victory":false,"master_deck":["Strike_B","Defend_B","Defend_B","Defend_B","Zap+1","Dualcast","Redo","Glacier","Streamline","Static Discharge","Heatsinks","Cold Snap","Creative AI","Fusion"],"max_hp_per_floor":[75,75,75,75,75,75,75,75,75,75,75,75,75,75,75,75,75,75,75,75,75,75,75,75],"relics":["Cracked Core","NeowsBlessing","Potion Belt","DataDisk","Orichalcum","Bag of Preparation","Nuclear Battery"],"card_choices":[{"not_picked":["Hologram","Stack"],"picked":"Redo","floor":1},{"not_picked":["Sweeping Beam","Conserve Battery"],"picked":"Glacier","floor":5},{"not_picked":["Ball Lightning","Reboot"],"picked":"Streamline","floor":6},{"not_picked":["Rebound","Amplify"],"picked":"Static Discharge","floor":10},{"not_picked":["Steam","Compile Driver"],"picked":"Cold Snap","floor":13},{"not_picked":["Ball Lightning","Streamline","Hello World"],"picked":"SKIP","floor":14},{"not_picked":["Electrodynamics","Thunder Strike"],"picked":"Creative AI","floor":16},{"not_picked":["Reinforced Body","Sweeping Beam","Blizzard+1"],"picked":"SKIP","floor":18},{"not_picked":["Stack","Coolheaded+1"],"picked":"Fusion","floor":22}],"player_experience":690780,"potions_floor_usage":[16],"damage_taken":[{"damage":0,"enemies":"Cultist","floor":1,"turns":1},{"damage":0,"enemies":"Jaw Worm","floor":5,"turns":1},{"damage":0,"enemies":"3 Sentries","floor":6,"turns":1},{"damage":28,"enemies":"Lagavulin","floor":10,"turns":5},{"damage":3,"enemies":"Small Slimes","floor":13,"turns":3},{"damage":6,"enemies":"2 Fungi Beasts","floor":14,"turns":3},{"damage":22,"enemies":"Slime Boss","floor":16,"turns":9},{"damage":5,"enemies":"Spheric Guardian","floor":18,"turns":3},{"damage":19,"enemies":"3 Byrds","floor":22,"turns":3},{"damage":69,"enemies":"Gremlin Leader","floor":24,"turns":4}],"relics_obtained":[{"floor":6,"key":"Potion Belt"},{"floor":9,"key":"Orichalcum"},{"floor":10,"key":"Bag of Preparation"}],"event_choices":[{"event_name":"Living Wall","player_choice":"Forget","floor":2,"damage_taken":0},{"event_name":"Purifier","player_choice":"One Purge","floor":3,"damage_taken":0},{"event_name":"Bonfire Elementals","player_choice":"BASIC","floor":4,"damage_taken":0},{"event_name":"Transmorgrifier","player_choice":"Transform","floor":11,"damage_taken":0},{"event_name":"Ghosts","player_choice":"Ignored","floor":19,"damage_taken":0},{"event_name":"The Joust","player_choice":"Bet on Murderer","floor":20,"damage_taken":0},{"event_name":"N\u0027loth","player_choice":"Ignored","floor":21,"damage_taken":0}],"boss_relics":[{"not_picked":["Sozu","Ectoplasm"],"picked":"Nuclear Battery"}],"items_purged_floors":[],"is_endless":false,"potions_floor_spawned":[10,13,22],"seed_played":"1083002818702749446","killed_by":"Gremlin Leader","ascension_level":6,"potions_obtained":[{"floor":10,"key":"Energy Potion"},{"floor":13,"key":"AttackPotion"},{"floor":22,"key":"Strength Potion"}],"is_trial":false}