{"gold_per_floor":[20,35,53,71,86,86,120,120,120,145,157,157,157,173,173,277,307,323,337,337,350,365,365,379,379],"floor_reached":25,"playtime":2715,"items_purged":[],"score":263,"play_id":"8bef2d46-e320-4d82-96ab-b53cfe8771c7","local_time":"20180627202034","is_ascension_mode":true,"campfire_choices":[{"data":"Juggernaut","floor":6,"key":"SMITH"},{"floor":8,"key":"REST"},{"floor":12,"key":"REST"},{"data":"Armaments","floor":15,"key":"SMITH"},{"floor":23,"key":"REST"}],"neow_cost":"NO_GOLD","seed_source_timestamp":259593569348953,"circlet_count":0,"master_deck":["Strike_R+1","Strike_R+1","Strike_R+1","Strike_R+1","Defend_R+1","Defend_R+1","Bash","Body Slam","Shrug It Off","Juggernaut+1","Armaments","Armaments+1","Offering+1","Thunderclap","Feel No Pain","Exhume","Iron Wave","Armaments+1"],"relics":["Burning Blood","Bag of Preparation","Bottled Lightning","Omamori","Tiny House"],"potions_floor_usage":[4,5,7,22,25],"damage_taken":[{"damage":10,"enemies":"Small Slimes","floor":1,"turns":4},{"damage":6,"enemies":"Cultist","floor":2,"turns":3},{"damage":8,"enemies":"2 Louse","floor":3,"turns":2},{"damage":20,"enemies":"Exordium Wildlife","floor":4,"turns":7},{"damage":11,"enemies":"Blue Slaver","floor":5,"turns":5},{"damage":14,"enemies":"Lagavulin","floor":7,"turns":6},{"damage":20,"enemies":"Gremlin Nob","floor":10,"turns":4},{"damage":11,"enemies":"Looter","floor":11,"turns":3},{"damage":8,"enemies":"2 Fungi Beasts","floor":14,"turns":3},{"damage":34,"enemies":"The Guardian","floor":16,"turns":14},{"damage":9,"enemies":"Shell Parasite","floor":18,"turns":4},{"damage":22,"enemies":"Spheric Guardian","floor":19,"turns":4},{"damage":20,"enemies":"Centurion and Healer","floor":21,"turns":9},{"damage":23,"enemies":"Snecko","floor":22,"turns":5},{"damage":49,"enemies":"Snake Plant","floor":24,"turns":5},{"damage":36,"enemies":"Sentry and Sphere","floor":25,"turns":5}],"seed_played":"-7302354581059102756","potions_obtained":[{"floor":2,"key":"FearPotion"},{"floor":3,"key":"FearPotion"},{"floor":4,"key":"Fruit Juice"},{"floor":10,"key":"SpeedPotion"},{"floor":14,"key":"FairyPotion"},{"floor":17,"key":"EssenceOfSteel"},{"floor":19,"key":"Block Potion"}],"is_trial":false,"path_per_floor":["M","M","M","M","M","R","E","R","T","E","M","R","?","M","R","B",null,"M","M","?","M","M","R","M"],"character_chosen":"IRONCLAD","items_purchased":[],"campfire_rested":3,"item_purchase_floors":[],"current_hp_per_floor":[76,76,74,60,60,60,52,77,77,63,58,83,83,81,81,53,90,87,71,71,57,40,67,24,0],"gold":379,"neow_bonus":"REMOVE_TWO","is_prod":false,"is_daily":false,"chose_seed":false,"campfire_upgraded":2,"win_rate":0,"timestamp":1530145234,"path_taken":["M","M","M","M","M","R","E","R","T","E","M","R","?","M","R","BOSS","M","?","?","M","M","R","M","M"],"build_version":"2018-06-21v2","purchased_purges":0,"victory":false,"max_hp_per_floor":[80,80,80,80,85,85,85,85,85,85,85,85,85,85,85,85,90,90,90,90,90,90,90,90,90],"card_choices":[{"not_picked":["Combust","Pommel Strike"],"picked":"Body Slam","floor":1},{"not_picked":["Flex","Heavy Blade"],"picked":"Shrug It Off","floor":2},{"not_picked":["Clash","Sword Boomerang","Twin Strike"],"picked":"SKIP","floor":3},{"not_picked":["Battle Trance","Twin Strike"],"picked":"Juggernaut","floor":4},{"not_picked":["Cleave","Hemokinesis"],"picked":"Armaments","floor":5},{"not_picked":["Flex","Feel No Pain"],"picked":"Armaments","floor":7},{"not_picked":["Dual Wield","Carnage"],"picked":"Offering","floor":10},{"not_picked":["Perfected Strike","Evolve"],"picked":"Thunderclap","floor":11},{"not_picked":["Perfected Strike","Intimidate"],"picked":"Feel No Pain","floor":14},{"not_picked":["Fiend Fire","Brutality"],"picked":"Exhume","floor":16},{"not_picked":["Seeing Red","Pommel Strike"],"picked":"Iron Wave","floor":17},{"not_picked":["Rampage","Wild Strike"],"picked":"Armaments+1","floor":18},{"not_picked":["Corruption","Flex","Fire Breathing"],"picked":"SKIP","floor":19},{"not_picked":["Carnage","Second Wind","Anger"],"picked":"SKIP","floor":21},{"not_picked":["Perfected Strike","Heavy Blade","Pommel Strike"],"picked":"SKIP","floor":22},{"not_picked":["Flex+1","Cleave","Twin Strike+1"],"picked":"SKIP","floor":24}],"player_experience":816962,"relics_obtained":[{"floor":7,"key":"Bag of Preparation"},{"floor":9,"key":"Bottled Lightning"},{"floor":10,"key":"Omamori"}],"event_choices":[{"event_name":"Purifier","player_choice":"One Purge","floor":13,"damage_taken":0},{"event_name":"Back to Basics","player_choice":"Simplicity","floor":20,"damage_taken":0}],"boss_relics":[{"not_picked":["Pandora\u0027s Box","Coffee Dripper"],"picked":"Tiny House"}],"items_purged_floors":[],"is_endless":false,"potions_floor_spawned":[2,3,4,10,14,18,19],"killed_by":"Sentry and Sphere","ascension_level":4}