{"gold_per_floor":[111,111,70,81,81,109,109,122,122,138,166,166,166,10,10,109,109,128,139,139,153,153,153,163,163,163,9,29,49,65,82,82,82],"floor_reached":33,"playtime":1510,"items_purged":["Strike_R","Strike_R"],"score":383,"play_id":"b8596957-d86d-4636-a5e9-4d96f11cd8d4","local_time":"20180720103710","is_ascension_mode":true,"campfire_choices":[{"data":"Shrug It Off","floor":7,"key":"SMITH"},{"data":"Bash","floor":13,"key":"SMITH"},{"floor":15,"key":"REST"},{"floor":23,"key":"REST"},{"floor":25,"key":"REST"},{"floor":32,"key":"REST"}],"neow_cost":"NONE","seed_source_timestamp":560352301611780,"circlet_count":0,"master_deck":["Strike_R","Strike_R+1","Defend_R","Defend_R","Defend_R","Defend_R","Bash+1","Shrug It Off+1","Pummel+1","Warcry","Flex","Headbutt","Iron Wave","Dual Wield","Rampage","Offering","Cleave","Headbutt","Pommel Strike","Clothesline","Iron Wave+1"],"relics":["Burning Blood","NeowsBlessing","Potion Belt","Mummified Hand","Pen Nib","Busted Crown","CultistMask","Meat on the Bone"],"potions_floor_usage":[16,16,21,29,29,29,30,33],"damage_taken":[{"damage":0,"enemies":"Small Slimes","floor":1,"turns":1},{"damage":0,"enemies":"Cultist","floor":4,"turns":1},{"damage":0,"enemies":"Lagavulin","floor":6,"turns":1},{"damage":6,"enemies":"2 Louse","floor":8,"turns":3},{"damage":3,"enemies":"Red Slaver","floor":10,"turns":4},{"damage":26,"enemies":"3 Sentries","floor":11,"turns":8},{"damage":38,"enemies":"The Guardian","floor":16,"turns":12},{"damage":9,"enemies":"3 Byrds","floor":18,"turns":4},{"damage":10,"enemies":"2 Thieves","floor":19,"turns":3},{"damage":37,"enemies":"Slaver and Parasite","floor":21,"turns":4},{"damage":27,"enemies":"Centurion and Healer","floor":24,"turns":6},{"damage":15,"enemies":"3 Cultists","floor":28,"turns":4},{"damage":33,"enemies":"Slaver and Parasite","floor":29,"turns":4},{"damage":19,"enemies":"Chosen and Byrds","floor":30,"turns":4},{"damage":33,"enemies":"Snake Plant","floor":31,"turns":5},{"damage":91,"enemies":"Champ","floor":33,"turns":9}],"seed_played":"-520863118214686980","potions_obtained":[{"floor":1,"key":"Fire Potion"},{"floor":4,"key":"FairyPotion"},{"floor":8,"key":"SteroidPotion"},{"floor":16,"key":"Poison Potion"},{"floor":21,"key":"Weak Potion"},{"floor":24,"key":"FearPotion"},{"floor":28,"key":"Explosive Potion"},{"floor":29,"key":"SteroidPotion"},{"floor":31,"key":"Strength Potion"}],"is_trial":false,"path_per_floor":["M","?","$","M","?","E","R","M","T","M","E","?","R","$","R","B",null,"M","M","?","M","?","R","M","R","T","$","M","M","M","M","R"],"character_chosen":"IRONCLAD","items_purchased":["Pummel","Rampage","Pommel Strike"],"campfire_rested":4,"item_purchase_floors":[3,14,27],"current_hp_per_floor":[78,78,78,80,64,70,70,70,70,73,53,53,53,53,77,45,71,68,64,64,33,33,57,36,60,60,60,51,36,35,20,44,0],"gold":82,"neow_bonus":"THREE_ENEMY_KILL","is_prod":false,"is_daily":false,"chose_seed":false,"campfire_upgraded":2,"win_rate":0,"timestamp":1532097430,"path_taken":["M","?","$","M","?","E","R","M","T","?","E","?","R","$","R","BOSS","M","M","?","M","?","R","M","R","T","$","M","M","M","M","R","BOSS"],"build_version":"2018-07-12","purchased_purges":2,"victory":false,"max_hp_per_floor":[80,80,80,80,80,80,80,80,80,80,80,80,80,80,80,80,80,80,80,80,80,80,80,80,80,80,80,80,80,80,80,80,80],"card_choices":[{"not_picked":["Pummel","Pommel Strike"],"picked":"Shrug It Off","floor":1},{"not_picked":["Fire Breathing","Sword Boomerang"],"picked":"Warcry","floor":4},{"not_picked":["Barricade","Shrug It Off"],"picked":"Flex","floor":6},{"not_picked":["Searing Blow","Clash"],"picked":"Headbutt","floor":8},{"not_picked":["Armaments","Combust"],"picked":"Iron Wave","floor":10},{"not_picked":["Anger","Twin Strike"],"picked":"Wild Strike","floor":11},{"not_picked":["Berserk","Impervious"],"picked":"Offering","floor":16},{"not_picked":[],"picked":"Cleave","floor":18},{"not_picked":["Entrench"],"picked":"SKIP","floor":19},{"not_picked":["Entrench"],"picked":"SKIP","floor":21},{"not_picked":["Feel No Pain"],"picked":"SKIP","floor":24},{"not_picked":[],"picked":"Clothesline","floor":28},{"not_picked":[],"picked":"Iron Wave+1","floor":29},{"not_picked":["Havoc"],"picked":"SKIP","floor":30},{"not_picked":["Sword Boomerang"],"picked":"SKIP","floor":31}],"player_experience":1182736,"relics_obtained":[{"floor":6,"key":"Potion Belt"},{"floor":9,"key":"Mummified Hand"},{"floor":11,"key":"Pen Nib"},{"floor":26,"key":"Meat on the Bone"}],"event_choices":[{"event_name":"Purifier","player_choice":"One Purge","floor":2,"damage_taken":0},{"event_name":"Shining Light","player_choice":"Entered Light","floor":5,"damage_taken":0},{"event_name":"Transmorgrifier","player_choice":"Transform","floor":12,"damage_taken":0},{"event_name":"Duplicator","player_choice":"One dupe","floor":20,"damage_taken":0},{"event_name":"FaceTrader","player_choice":"Trade","floor":22,"damage_taken":0}],"boss_relics":[{"not_picked":["Black Star","Orrery"],"picked":"Busted Crown"}],"items_purged_floors":[14,27],"is_endless":false,"potions_floor_spawned":[1,4,8,16,21,24,28,29,31],"killed_by":"Champ","ascension_level":7}