{"gold_per_floor":[114,124,144,164,164,208,208,252,252,252],"floor_reached":10,"playtime":658,"items_purged":[],"score":105,"play_id":"b89647b2-0799-4b24-8f9e-07ac607cc931","local_time":"20180731083313","is_ascension_mode":true,"campfire_choices":[],"neow_cost":"","seed_source_timestamp":368340524554557,"circlet_count":0,"master_deck":["Strike_R","Strike_R","Strike_R","Strike_R","Strike_R","Defend_R","Defend_R","Defend_R","Defend_R","Bash","Twin Strike","Feel No Pain","Disarm","Limit Break"],"relics":["Burning Blood","Golden Idol","Blood Vial","Vajra","Mummified Hand"],"potions_floor_usage":[8,8,10],"damage_taken":[{"damage":11,"enemies":"Jaw Worm","floor":1,"turns":5},{"damage":10,"enemies":"Small Slimes","floor":2,"turns":3},{"damage":0,"enemies":"2 Louse","floor":3,"turns":2},{"damage":27,"enemies":"Large Slime","floor":4,"turns":8},{"damage":24,"enemies":"3 Sentries","floor":6,"turns":11},{"damage":20,"enemies":"Gremlin Nob","floor":8,"turns":4},{"damage":42,"floor":10,"turns":5}],"seed_played":"-7744406799907694902","potions_obtained":[{"floor":1,"key":"Swift Potion"},{"floor":2,"key":"SpeedPotion"},{"floor":4,"key":"AttackPotion"}],"is_trial":false,"path_per_floor":["M","M","M","M","?","E","?","E","T"],"character_chosen":"IRONCLAD","items_purchased":[],"campfire_rested":0,"item_purchase_floors":[],"current_hp_per_floor":[67,63,69,48,48,30,35,23,23,0],"gold":252,"neow_bonus":"","is_prod":false,"is_daily":false,"chose_seed":false,"campfire_upgraded":0,"win_rate":0,"timestamp":1533043993,"path_taken":["M","M","M","M","?","E","?","E","T","?"],"build_version":"2018-07-30","purchased_purges":0,"victory":false,"max_hp_per_floor":[80,80,80,80,74,74,79,79,79,79],"card_choices":[{"not_picked":["Ghostly Armor","Shockwave"],"picked":"Twin Strike","floor":1},{"not_picked":["Dropkick","Rage"],"picked":"Feel No Pain","floor":2},{"not_picked":["Heavy Blade","Entrench","Headbutt"],"picked":"SKIP","floor":3},{"not_picked":["Rage","Evolve","Clash"],"picked":"SKIP","floor":4},{"not_picked":["Havoc","Dropkick"],"picked":"Disarm","floor":6},{"not_picked":["Perfected Strike","Headbutt"],"picked":"Limit Break","floor":8}],"player_experience":302059,"relics_obtained":[{"floor":6,"key":"Blood Vial"},{"floor":8,"key":"Vajra"},{"floor":9,"key":"Mummified Hand"}],"event_choices":[{"event_name":"Golden Idol","player_choice":"Lose Max HP","floor":5,"damage_taken":0},{"event_name":"Big Fish","player_choice":"Donut","floor":7,"damage_taken":0},{"event_name":"Mushrooms","player_choice":"Fought Mushrooms","floor":10,"damage_taken":0}],"is_beta":true,"boss_relics":[],"items_purged_floors":[],"is_endless":false,"potions_floor_spawned":[1,2,4,6],"ascension_level":7}