{"gold_per_floor":[112,92,111,126,145,178,178,210,265,284,299,310,321,63,63,139,139,149,71,87,100,100],"floor_reached":22,"playtime":1525,"items_purged":["Strike_R"],"score":333,"play_id":"921b247f-c34e-4f44-9d26-ff3a0ce22a02","local_time":"20190114221735","is_ascension_mode":true,"campfire_choices":[{"floor":7,"key":"REST"},{"floor":15,"key":"REST"}],"neow_cost":"NONE","seed_source_timestamp":498735792235675,"circlet_count":0,"master_deck":["AscendersBane","Strike_R","Strike_R","Strike_R","Strike_R","Defend_R","Defend_R","Defend_R","Defend_R","Bash","True Grit","Rage","Feel No Pain","Pommel Strike","Anger","Shrug It Off","Demon Form","Anger","Rampage","Inflame","Shrug It Off","Limit Break","Battle Trance","Metallicize","Feel No Pain","Dark Embrace"],"relics":["Burning Blood","NeowsBlessing","Bag of Preparation","Gremlin Horn","Centennial Puzzle","Anchor","Cursed Key"],"potions_floor_usage":[5,5,6,16],"damage_taken":[{"damage":0,"enemies":"Small Slimes","floor":1,"turns":1},{"damage":0,"enemies":"Cultist","floor":3,"turns":1},{"damage":0,"enemies":"Jaw Worm","floor":4,"turns":1},{"damage":25,"enemies":"Gremlin Gang","floor":5,"turns":6},{"damage":18,"enemies":"3 Sentries","floor":6,"turns":19},{"damage":20,"enemies":"Lagavulin","floor":8,"turns":6},{"damage":6,"enemies":"Lots of Slimes","floor":10,"turns":4},{"damage":10,"enemies":"2 Fungi Beasts","floor":11,"turns":5},{"damage":12,"enemies":"Large Slime","floor":12,"turns":7},{"damage":1,"enemies":"Exordium Wildlife","floor":13,"turns":4},{"damage":30,"enemies":"Hexaghost","floor":16,"turns":8},{"damage":16,"enemies":"Spheric Guardian","floor":18,"turns":5},{"damage":29,"enemies":"3 Byrds","floor":20,"turns":6},{"damage":2,"enemies":"Cultist and Chosen","floor":21,"turns":7},{"damage":53,"enemies":"3 Cultists","floor":22,"turns":5}],"seed_played":"4883509444583370751","potions_obtained":[{"floor":2,"key":"SkillPotion"},{"floor":4,"key":"AttackPotion"},{"floor":5,"key":"PowerPotion"},{"floor":6,"key":"SneckoOil"},{"floor":8,"key":"Weak Potion"},{"floor":20,"key":"GamblersBrew"}],"is_trial":false,"path_per_floor":["M","?","M","M","M","E","R","E","T","M","M","M","M","$","R","B",null,"M","$","M","M","M"],"character_chosen":"IRONCLAD","items_purchased":["Anchor","Shrug It Off","Metallicize"],"campfire_rested":2,"item_purchase_floors":[14,14,19],"current_hp_per_floor":[78,78,80,80,61,49,73,59,59,59,55,49,54,54,78,54,74,64,64,41,45,0],"gold":100,"neow_bonus":"THREE_ENEMY_KILL","is_prod":false,"is_daily":false,"chose_seed":false,"campfire_upgraded":0,"win_rate":0,"timestamp":1547522255,"path_taken":["M","?","M","M","M","E","R","E","T","M","M","M","M","$","R","BOSS","M","$","?","M","M"],"build_version":"2019-01-10","purchased_purges":1,"victory":false,"max_hp_per_floor":[80,80,80,80,80,80,80,80,80,80,80,80,80,80,80,80,80,80,80,80,80,80],"card_choices":[{"not_picked":["Body Slam","Armaments"],"picked":"True Grit","floor":1},{"not_picked":["Burning Pact","Wild Strike"],"picked":"Rage","floor":3},{"not_picked":["Armaments","Pommel Strike"],"picked":"Feel No Pain","floor":4},{"not_picked":["Warcry","Havoc"],"picked":"Pommel Strike","floor":5},{"not_picked":["Double Tap","True Grit"],"picked":"Anger","floor":6},{"not_picked":["Cleave","Clash"],"picked":"Shrug It Off","floor":8},{"not_picked":["Iron Wave","Thunderclap"],"picked":"Demon Form","floor":10},{"not_picked":["Cleave","Body Slam"],"picked":"Anger","floor":11},{"not_picked":["Twin Strike","Flex"],"picked":"Rampage","floor":12},{"not_picked":["Perfected Strike","Clash"],"picked":"Inflame","floor":13},{"not_picked":["Feed","Berserk"],"picked":"Limit Break","floor":16},{"not_picked":["Armaments","Body Slam"],"picked":"Battle Trance","floor":18},{"not_picked":["Thunderclap","Twin Strike"],"picked":"Feel No Pain","floor":20},{"not_picked":["Havoc","Clothesline"],"picked":"Dark Embrace","floor":21}],"player_experience":2124724,"relics_obtained":[{"floor":6,"key":"Bag of Preparation"},{"floor":8,"key":"Gremlin Horn"},{"floor":9,"key":"Centennial Puzzle"}],"event_choices":[{"damage_healed":0,"gold_gain":0,"player_choice":"Bought 1 Potion","damage_taken":0,"max_hp_gain":0,"max_hp_loss":0,"event_name":"The Woman in Blue","floor":2,"gold_loss":0}],"is_beta":false,"boss_relics":[{"not_picked":["Runic Cube","Black Star"],"picked":"Cursed Key"}],"items_purged_floors":[14],"is_endless":false,"potions_floor_spawned":[4,5,6,8,20],"killed_by":"3 Cultists","ascension_level":13}