{"gold_per_floor":[111,129,129,139,139,139,58,84,108,119,119,151,164,177,177,248,248,248,248,248,56,56,56,56,56,56,56,56,56,56,56,56,56,56,56,56,56,56,36,36,36,36,36,36,36,36],"floor_reached":46,"playtime":2023,"items_purged":[],"score":1012,"play_id":"25d3c567-59c5-465f-bc40-359784654e58","local_time":"20180727115358","is_ascension_mode":true,"campfire_choices":[{"data":"Neutralize","floor":6,"key":"SMITH"},{"floor":11,"key":"REST"},{"data":"Cloak And Dagger","floor":15,"key":"SMITH"},{"floor":24,"key":"REST"},{"floor":27,"key":"REST"},{"floor":32,"key":"REST"},{"data":"After Image","floor":40,"key":"SMITH"},{"data":"Infinite Blades","floor":44,"key":"SMITH"}],"neow_cost":"","seed_source_timestamp":252603733902537,"circlet_count":0,"master_deck":["Defend_G","Defend_G","Defend_G","Defend_G","Defend_G","Strike_G+1","Strike_G","Strike_G+1","Survivor","Neutralize+1","AscendersBane","Noxious Fumes+1","Dagger Spray","Infinite Blades+1","Finisher","Leg Sweep","Well Laid Plans","Slice","Cloak And Dagger+1","After Image+1","Sucker Punch+1","Deflect","Crippling Poison","Blur","Backflip","Wraith Form v2","Night Terror","Cloak And Dagger","Enlightenment","Dash","PiercingWail","Finisher+1"],"relics":["Ring of the Serpent","Whetstone","Oddly Smooth Stone","Bronze Scales","Ectoplasm","Dream Catcher","Enchiridion","Lantern","Smiling Mask","Pear","GremlinMask","Boot","Bottled Flame","Pantograph"],"potions_floor_usage":[2,10,14,25,28,30,33],"damage_taken":[{"damage":1,"enemies":"Jaw Worm","floor":1,"turns":4},{"damage":0,"enemies":"Small Slimes","floor":2,"turns":5},{"damage":1,"enemies":"Cultist","floor":4,"turns":5},{"damage":26,"enemies":"Gremlin Nob","floor":8,"turns":4},{"damage":5,"enemies":"2 Fungi Beasts","floor":10,"turns":4},{"damage":5,"enemies":"Lagavulin","floor":12,"turns":7},{"damage":0,"enemies":"Red Slaver","floor":13,"turns":4},{"damage":0,"enemies":"3 Louse","floor":14,"turns":3},{"damage":42,"enemies":"Slime Boss","floor":16,"turns":10},{"damage":11,"enemies":"Chosen","floor":18,"turns":5},{"damage":0,"enemies":"Shell Parasite","floor":20,"turns":6},{"damage":3,"enemies":"Book of Stabbing","floor":25,"turns":5},{"damage":9,"enemies":"Gremlin Leader","floor":28,"turns":8},{"damage":2,"enemies":"Centurion and Healer","floor":30,"turns":7},{"damage":4,"enemies":"Book of Stabbing","floor":31,"turns":6},{"damage":0,"enemies":"Champ","floor":33,"turns":13},{"damage":7,"enemies":"Orb Walker","floor":35,"turns":5},{"damage":0,"enemies":"Flame Bruiser 1 Orb","floor":38,"turns":5},{"damage":27,"enemies":"Giant Head","floor":42,"turns":10},{"damage":26,"enemies":"Sphere and 2 Shapes","floor":45,"turns":7},{"damage":15,"enemies":"Transient","floor":46,"turns":2}],"seed_played":"-1607407393558524900","potions_obtained":[{"floor":1,"key":"Regen Potion"},{"floor":4,"key":"Swift Potion"},{"floor":10,"key":"EssenceOfSteel"},{"floor":12,"key":"Block Potion"},{"floor":18,"key":"GhostInAJar"},{"floor":28,"key":"Fire Potion"},{"floor":30,"key":"Strength Potion"},{"floor":38,"key":"EssenceOfSteel"},{"floor":39,"key":"Strength Potion"}],"is_trial":false,"path_per_floor":["M","M","?","M","?","R","$","E","T","M","R","E","M","M","R","B",null,"M","?","M","$","?","?","R","E","T","R","E","?","M","E","R","B",null,"M","?","?","M","?","R","$","E","T","R","M"],"character_chosen":"THE_SILENT","items_purchased":["Finisher","Dream Catcher","Crippling Poison"],"campfire_rested":4,"item_purchase_floors":[7,21,21],"current_hp_per_floor":[58,66,66,65,65,65,65,39,39,34,53,48,48,48,48,6,51,40,40,40,40,40,19,38,35,35,54,55,55,53,49,71,71,75,68,68,68,68,68,68,68,41,41,41,15,0],"gold":36,"neow_bonus":"","is_prod":false,"is_daily":false,"chose_seed":false,"campfire_upgraded":4,"win_rate":0,"timestamp":1532685238,"path_taken":["M","M","?","M","?","R","?","E","T","M","R","E","?","M","R","BOSS","M","?","?","$","?","?","R","E","T","R","E","?","?","E","R","BOSS","M","?","?","?","?","R","?","E","T","R","M","M"],"build_version":"2018-07-26","purchased_purges":0,"victory":false,"max_hp_per_floor":[66,66,66,66,66,66,66,66,66,66,66,66,66,66,66,66,66,66,66,66,66,66,66,66,66,66,66,76,76,76,76,76,76,76,76,76,76,76,76,76,76,76,76,76,76,76],"card_choices":[{"not_picked":["All Out Attack","Blur"],"picked":"Noxious Fumes","floor":1},{"not_picked":["Outmaneuver","Slice"],"picked":"Dagger Spray","floor":2},{"not_picked":["Dagger Spray","Heel Hook"],"picked":"Infinite Blades","floor":4},{"not_picked":["Concentrate","Flying Knee"],"picked":"Leg Sweep","floor":8},{"not_picked":["Sucker Punch","Acrobatics","Dagger Throw"],"picked":"SKIP","floor":10},{"not_picked":["PiercingWail","Tactician"],"picked":"Well Laid Plans","floor":12},{"not_picked":["Poisoned Stab","Sucker Punch"],"picked":"Slice","floor":13},{"not_picked":["Wraith Form v2","Acrobatics"],"picked":"Cloak And Dagger","floor":14},{"not_picked":["Burst","Malaise"],"picked":"After Image","floor":16},{"not_picked":["Underhanded Strike","Bane"],"picked":"Sucker Punch+1","floor":18},{"not_picked":["Poisoned Stab","Storm of Steel"],"picked":"Deflect","floor":20},{"not_picked":["Outmaneuver+1","Terror","Acrobatics+1"],"picked":"SKIP","floor":25},{"not_picked":["Underhanded Strike","Sucker Punch","Accuracy"],"picked":"SKIP","floor":28},{"not_picked":["Quick Slash","Poisoned Stab"],"picked":"Blur","floor":30},{"not_picked":["Quick Slash+1","Flechettes"],"picked":"Backflip","floor":31},{"not_picked":["Deflect","Cloak And Dagger"],"picked":"Wraith Form v2","floor":32},{"not_picked":["Unload","Phantasmal Killer"],"picked":"Night Terror","floor":33},{"not_picked":["Dodge and Roll","Acrobatics"],"picked":"Cloak And Dagger","floor":35},{"not_picked":["Transmutation","Madness"],"picked":"Enlightenment","floor":37},{"not_picked":["Sucker Punch","Poisoned Stab"],"picked":"Dash","floor":38},{"not_picked":["Dash","Dagger Spray"],"picked":"PiercingWail","floor":42},{"not_picked":["Underhanded Strike","Bullet Time"],"picked":"Finisher+1","floor":45}],"player_experience":1174216,"relics_obtained":[{"floor":8,"key":"Whetstone"},{"floor":9,"key":"Oddly Smooth Stone"},{"floor":12,"key":"Bronze Scales"},{"floor":23,"key":"Enchiridion"},{"floor":25,"key":"Lantern"},{"floor":26,"key":"Smiling Mask"},{"floor":28,"key":"Pear"},{"floor":31,"key":"Boot"},{"floor":42,"key":"Bottled Flame"},{"floor":43,"key":"Pantograph"}],"event_choices":[{"event_name":"The Cleric","player_choice":"Leave","floor":3,"damage_taken":0},{"event_name":"Accursed Blacksmith","player_choice":"Forge","floor":5,"damage_taken":0},{"event_name":"Ghosts","player_choice":"Ignored","floor":19,"damage_taken":0},{"event_name":"Bonfire Elementals","player_choice":"BASIC","floor":22,"damage_taken":0},{"event_name":"Cursed Tome","player_choice":"Obtained Book","floor":23,"damage_taken":0},{"event_name":"FaceTrader","player_choice":"Trade","floor":29,"damage_taken":0},{"event_name":"Falling","player_choice":"Removed Attack","floor":36,"damage_taken":0},{"event_name":"SensoryStone","player_choice":"Memory 1","floor":37,"damage_taken":0},{"event_name":"The Woman in Blue","player_choice":"Bought 1 Potion","floor":39,"damage_taken":0}],"is_beta":false,"boss_relics":[{"not_picked":["HoveringKite","Velvet Choker"],"picked":"Ectoplasm"},{"not_picked":["White Beast Statue","Tiny House"],"picked":"Ring of the Serpent"}],"items_purged_floors":[],"is_endless":false,"potions_floor_spawned":[1,4,10,12,18,28,30,38,42,45],"killed_by":"Transient","ascension_level":15}