{"path_per_floor":["M","M","M","M","$","R","M","R","T","?","E","R","?","M","R","B",null,"M","M","?","$","?","R","M","$","T","R","T","?","R","M","R"],"character_chosen":"DEFECT","items_purchased":["Doom and Gloom","Gash","FTL"],"gold_per_floor":[110,125,139,149,6,6,17,17,17,17,42,42,18,29,29,127,127,140,150,150,97,197,197,213,77,126,126,126,225,225,243,243,243],"floor_reached":33,"campfire_rested":3,"playtime":905,"item_purchase_floors":[5,21,25],"current_hp_per_floor":[69,69,63,63,63,63,49,71,71,71,53,53,53,53,53,35,65,57,51,51,51,51,73,66,66,66,66,66,66,66,46,68,0],"items_purged":["Defend_B","Strike_B"],"gold":243,"score":306,"play_id":"5d1a2652-8ffb-4d3a-ad20-271c6769a2fa","local_time":"20180616134026","is_prod":false,"is_daily":false,"chose_seed":false,"is_ascension_mode":true,"campfire_upgraded":5,"win_rate":0,"timestamp":1529170826,"campfire_choices":[{"data":"Gash","floor":6,"key":"SMITH"},{"floor":8,"key":"REST"},{"data":"Gash","floor":12,"key":"SMITH"},{"data":"Go for the Eyes","floor":15,"key":"SMITH"},{"floor":23,"key":"REST"},{"data":"Gash","floor":27,"key":"SMITH"},{"data":"Beam Cell","floor":30,"key":"SMITH"},{"floor":32,"key":"REST"}],"path_taken":["M","M","?","M","$","R","?","R","T","?","E","R","?","M","R","BOSS","M","M","?","$","?","R","M","?","T","R","?","?","R","M","R","BOSS"],"build_version":"2018-06-14v2","seed_source_timestamp":209258453702387,"purchased_purges":2,"victory":false,"master_deck":["Strike_B","Strike_B","Strike_B","Defend_B","Defend_B","Defend_B","Zap","Dualcast","Gash+1","Go for the Eyes+1","Sweeping Beam","Doom and Gloom","Gash+1","All For One","FTL+1","Gash+1","Beam Cell+1","FTL","FTL+1"],"max_hp_per_floor":[75,75,75,75,75,75,75,75,75,75,75,75,75,75,75,75,75,75,75,75,75,75,75,75,75,75,75,75,75,75,75,75,75],"relics":["Cracked Core","Meat on the Bone","Frozen Egg 2","Sozu","Oddly Smooth Stone","Dodecahedron"],"card_choices":[{"not_picked":["Steam","Heatsinks"],"picked":"Gash","floor":1},{"not_picked":["Recycle","Glacier","Loop"],"picked":"SKIP","floor":2},{"not_picked":["Redo","Ball Lightning"],"picked":"Go for the Eyes","floor":3},{"not_picked":["Cold Snap","Darkness"],"picked":"Sweeping Beam","floor":4},{"not_picked":["Rebound","Conserve Battery"],"picked":"Gash","floor":7},{"not_picked":["Hologram","Electrodynamics","Conserve Battery"],"picked":"SKIP","floor":11},{"not_picked":["Force Field","Rebound","Streamline"],"picked":"SKIP","floor":14},{"not_picked":["Seek","Amplify"],"picked":"All For One","floor":16},{"not_picked":["Steam","Recycle","Auto Shields+1"],"picked":"SKIP","floor":18},{"not_picked":["Steam+1","Defragment+1"],"picked":"FTL+1","floor":19},{"not_picked":["Turbo","Hello World+1"],"picked":"Beam Cell","floor":24},{"not_picked":["Steam Power","Static Discharge+1"],"picked":"FTL+1","floor":31}],"player_experience":599005,"potions_floor_usage":[16,16,33],"damage_taken":[{"damage":6,"enemies":"Cultist","floor":1,"turns":3},{"damage":0,"enemies":"Small Slimes","floor":2,"turns":3},{"damage":6,"enemies":"2 Louse","floor":3,"turns":2},{"damage":0,"enemies":"Large Slime","floor":4,"turns":4},{"damage":14,"enemies":"Blue Slaver","floor":7,"turns":3},{"damage":18,"enemies":"3 Sentries","floor":11,"turns":4},{"damage":0,"enemies":"2 Fungi Beasts","floor":14,"turns":2},{"damage":45,"enemies":"Hexaghost","floor":16,"turns":8},{"damage":8,"enemies":"3 Byrds","floor":18,"turns":4},{"damage":6,"enemies":"Spheric Guardian","floor":19,"turns":3},{"damage":7,"enemies":"3 Cultists","floor":24,"turns":3},{"damage":20,"enemies":"Slaver and Parasite","floor":31,"turns":3},{"damage":80,"enemies":"Automaton","floor":33,"turns":6}],"relics_obtained":[{"floor":9,"key":"Meat on the Bone"},{"floor":11,"key":"Frozen Egg 2"},{"floor":26,"key":"Oddly Smooth Stone"},{"floor":28,"key":"Dodecahedron"}],"event_choices":[{"event_name":"The Cleric","player_choice":"Leave","floor":10,"damage_taken":0},{"event_name":"World of Goop","player_choice":"Left","floor":13,"damage_taken":0},{"event_name":"Ghosts","player_choice":"Ignored","floor":20,"damage_taken":0},{"event_name":"Golden Shrine","player_choice":"Pray","floor":22,"damage_taken":0},{"event_name":"Nest","player_choice":"Stole From Cult","floor":29,"damage_taken":0}],"boss_relics":[{"not_picked":["Nuclear Battery","Inserter"],"picked":"Sozu"}],"items_purged_floors":[5,25],"is_endless":false,"potions_floor_spawned":[3,7,16,31],"seed_played":"869999741877741172","killed_by":"Automaton","ascension_level":5,"potions_obtained":[{"floor":3,"key":"Swift Potion"},{"floor":7,"key":"Regen Potion"},{"floor":16,"key":"Energy Potion"}],"is_trial":false}