{"gold_per_floor":[212,229,229,26,26,26,45,74,146,146,146,164,180,207,207,207],"floor_reached":16,"playtime":572,"items_purged":[],"score":209,"play_id":"73a35e05-5396-4e40-b20d-8d1658a25ff1","local_time":"20181222205108","is_ascension_mode":true,"campfire_choices":[{"data":"Static Discharge","floor":6,"key":"SMITH"},{"data":"Go for the Eyes","floor":10,"key":"SMITH"},{"floor":15,"key":"REST"}],"neow_cost":"NONE","seed_source_timestamp":235504432399751,"circlet_count":0,"master_deck":["AscendersBane","Strike_B","Strike_B","Defend_B","Defend_B","Defend_B","Defend_B","Zap","Dualcast","Go for the Eyes+1","Static Discharge+1","Self Repair","Reinforced Body","Genetic Algorithm","Go for the Eyes","BootSequence+1","Cold Snap","Electrodynamics"],"relics":["Cracked Core","Dream Catcher","Centennial Puzzle","Toxic Egg 2","Nunchaku"],"potions_floor_usage":[8,14,14],"damage_taken":[{"damage":7,"enemies":"Cultist","floor":1,"turns":4},{"damage":2,"enemies":"Jaw Worm","floor":2,"turns":3},{"damage":4,"enemies":"Small Slimes","floor":7,"turns":4},{"damage":25,"enemies":"Lagavulin","floor":8,"turns":5},{"damage":16,"enemies":"3 Louse","floor":12,"turns":3},{"damage":6,"enemies":"Exordium Wildlife","floor":13,"turns":3},{"damage":22,"enemies":"3 Sentries","floor":14,"turns":7},{"damage":32,"enemies":"The Guardian","floor":16,"turns":8}],"seed_played":"223280837403071589","potions_obtained":[{"floor":2,"key":"FocusPotion"},{"floor":8,"key":"FocusPotion"},{"floor":12,"key":"AttackPotion"}],"is_trial":false,"path_per_floor":["M","M","?","$","?","R","M","E","T","R","?","M","M","E","R","B"],"character_chosen":"DEFECT","items_purchased":["Self Repair","Dream Catcher"],"campfire_rested":1,"item_purchase_floors":[4,4],"current_hp_per_floor":[57,55,48,48,48,48,51,33,33,33,33,24,25,10,31,0],"gold":207,"neow_bonus":"HUNDRED_GOLD","is_prod":false,"is_daily":false,"chose_seed":false,"campfire_upgraded":2,"win_rate":0,"timestamp":1545529868,"path_taken":["M","?","?","$","?","R","M","E","T","R","?","?","M","E","R","BOSS"],"build_version":"2018-12-20","purchased_purges":0,"victory":false,"max_hp_per_floor":[71,71,71,71,71,71,71,71,71,71,71,71,71,71,71,71],"card_choices":[{"not_picked":["Barrage","Redo"],"picked":"Go for the Eyes","floor":1},{"not_picked":["Stack","Ball Lightning"],"picked":"Static Discharge","floor":2},{"not_picked":["Streamline","Rebound"],"picked":"Reinforced Body","floor":7},{"not_picked":["Chill","Rebound"],"picked":"Genetic Algorithm","floor":8},{"not_picked":["Melter","Sweeping Beam"],"picked":"Go for the Eyes","floor":12},{"not_picked":["Compile Driver","Coolheaded+1"],"picked":"BootSequence+1","floor":13},{"not_picked":["Doom and Gloom","Scrape"],"picked":"Cold Snap","floor":14},{"not_picked":["Double Energy+1","Conserve Battery+1"],"picked":"Electrodynamics","floor":15}],"player_experience":1937093,"relics_obtained":[{"floor":8,"key":"Centennial Puzzle"},{"floor":9,"key":"Toxic Egg 2"},{"floor":14,"key":"Nunchaku"}],"event_choices":[{"cards_removed":["Strike_B"],"damage_healed":0,"gold_gain":0,"player_choice":"Card Removal","damage_taken":7,"max_hp_gain":0,"max_hp_loss":0,"event_name":"Golden Wing","floor":3,"gold_loss":0},{"damage_healed":0,"gold_gain":0,"player_choice":"Leave","damage_taken":0,"max_hp_gain":0,"max_hp_loss":0,"event_name":"The Cleric","floor":5,"gold_loss":0},{"cards_removed":["Strike_B"],"damage_healed":0,"gold_gain":0,"player_choice":"Forget","damage_taken":0,"max_hp_gain":0,"max_hp_loss":0,"event_name":"Living Wall","floor":11,"gold_loss":0}],"is_beta":false,"boss_relics":[],"items_purged_floors":[],"is_endless":false,"potions_floor_spawned":[2,8,12],"killed_by":"The Guardian","ascension_level":18}