{"path_per_floor":["M","M","$","M","M","E","R","M","T","?","$","M","?","M","R","B",null,"M","M"],"character_chosen":"THE_SILENT","items_purchased":["Dagger Spray","Bag of Preparation","Acrobatics","Swift Potion"],"gold_per_floor":[114,131,29,45,61,90,90,109,159,334,3,14,14,26,26,130,130,143,159,159],"floor_reached":20,"campfire_rested":2,"playtime":1648,"item_purchase_floors":[3,11,11,11],"current_hp_per_floor":[70,62,62,59,59,15,36,29,29,29,29,26,26,20,41,25,70,23,10,0],"items_purged":["Strike_G","Doubt"],"gold":159,"score":178,"play_id":"397b883c-9644-46b4-9494-44ee10d2d843","local_time":"20180525082210","is_prod":false,"is_daily":false,"chose_seed":false,"is_ascension_mode":false,"campfire_upgraded":0,"win_rate":0.0,"timestamp":1527250930,"campfire_choices":[{"floor":7,"key":"REST"},{"floor":15,"key":"REST"}],"path_taken":["M","M","$","M","?","E","R","M","T","?","$","?","?","M","R","BOSS","M","M","M"],"build_version":"2018-05-24","seed_source_timestamp":362160223941463,"purchased_purges":2,"victory":false,"master_deck":["Defend_G","Defend_G","Defend_G","Defend_G","Defend_G","Strike_G","Strike_G","Strike_G","Survivor","Neutralize","Terror","Dagger Spray","Dagger Spray","Noxious Fumes","Noxious Fumes","Cloak And Dagger","Cloak And Dagger","Acrobatics","Flying Knee","Quick Slash","Corpse Explosion","Dagger Spray","Backstab"],"max_hp_per_floor":[70,70,70,70,70,70,70,70,70,70,70,70,70,70,70,70,70,70,70,70],"relics":["Ring of the Snake","Ninja Scroll","Pen Nib","Bag of Preparation","Runic Pyramid"],"card_choices":[{"not_picked":["Sucker Punch","Dagger Spray"],"picked":"Terror","floor":1},{"not_picked":["Quick Slash","Flying Knee"],"picked":"Dagger Spray","floor":2},{"not_picked":["Crippling Poison","Bane"],"picked":"Noxious Fumes","floor":4},{"not_picked":["Quick Slash","Underhanded Strike"],"picked":"Noxious Fumes","floor":5},{"not_picked":["Skewer","Poisoned Stab"],"picked":"Cloak And Dagger","floor":6},{"not_picked":["Outmaneuver","Riddle With Holes"],"picked":"Cloak And Dagger","floor":8},{"not_picked":["Dagger Throw","Underhanded Strike"],"picked":"Flying Knee","floor":12},{"not_picked":["Terror","Well Laid Plans"],"picked":"Quick Slash","floor":14},{"not_picked":["A Thousand Cuts","Wraith Form v2"],"picked":"Corpse Explosion","floor":16},{"not_picked":["Well Laid Plans+1","Eviscerate"],"picked":"Dagger Spray","floor":18},{"not_picked":["Bane","Prepared"],"picked":"Backstab","floor":19}],"player_experience":124877,"potions_floor_usage":[5,16,16,16,19],"damage_taken":[{"damage":0,"enemies":"Cultist","floor":1,"turns":5},{"damage":8,"enemies":"Small Slimes","floor":2,"turns":4},{"damage":3,"enemies":"2 Louse","floor":4,"turns":2},{"damage":0,"enemies":"Lots of Slimes","floor":5,"turns":2},{"damage":44,"enemies":"Gremlin Nob","floor":6,"turns":5},{"damage":7,"enemies":"3 Louse","floor":8,"turns":2},{"damage":3,"enemies":"Exordium Wildlife","floor":12,"turns":3},{"damage":6,"enemies":"Blue Slaver","floor":14,"turns":3},{"damage":16,"enemies":"Slime Boss","floor":16,"turns":6},{"damage":47,"enemies":"2 Thieves","floor":18,"turns":4},{"damage":13,"enemies":"Shell Parasite","floor":19,"turns":5},{"damage":19,"enemies":"Centurion and Healer","floor":20,"turns":2}],"relics_obtained":[{"floor":6,"key":"Ninja Scroll"},{"floor":9,"key":"Pen Nib"}],"event_choices":[{"event_name":"Liars Game","player_choice":"agreed","floor":10,"damage_taken":0},{"event_name":"The Cleric","player_choice":"Leave","floor":13,"damage_taken":0}],"boss_relics":[{"not_picked":["Black Star","Sozu"],"picked":"Runic Pyramid"}],"items_purged_floors":[3,11],"potions_floor_spawned":[1,8,14,18],"seed_played":"2300862402112443925","killed_by":"Centurion and Healer","ascension_level":0,"potions_obtained":[{"floor":1,"key":"GhostInAJar"},{"floor":8,"key":"Dexterity Potion"},{"floor":14,"key":"AttackPotion"},{"floor":18,"key":"Strength Potion"}],"is_trial":false}