{"gold_per_floor":[113,113,131,131,155,155,180,32,32,32,32,48,48,72,72,72],"floor_reached":16,"playtime":960,"items_purged":["Strike_G"],"score":110,"play_id":"a377dffa-0c39-4319-98af-31026f85c423","local_time":"20180626110337","is_ascension_mode":true,"campfire_choices":[{"floor":6,"key":"REST"},{"floor":15,"key":"REST"}],"neow_cost":"FIFTY_PERCENT_DAMAGE","seed_source_timestamp":141550376651792,"circlet_count":0,"master_deck":["Defend_G","Defend_G","Defend_G","Defend_G","Defend_G","Strike_G","Strike_G","Strike_G","Survivor","Neutralize","Backflip","Injury","PiercingWail","Dagger Throw","Backflip","Choke+1","Injury","Adrenaline","Underhanded Strike"],"special_seed":17708,"relics":["Ring of the Snake","Unceasing Top","Golden Idol","Shuriken"],"potions_floor_usage":[14,16,16,16,16,16],"damage_taken":[{"damage":11,"enemies":"Jaw Worm","floor":1,"turns":8},{"damage":0,"enemies":"Small Slimes","floor":3,"turns":6},{"damage":1,"enemies":"Cultist","floor":5,"turns":5},{"damage":5,"enemies":"3 Louse","floor":7,"turns":6},{"damage":14,"enemies":"Looter","floor":12,"turns":3},{"damage":1,"enemies":"Large Slime","floor":14,"turns":5},{"damage":61,"enemies":"Hexaghost","floor":16,"turns":13}],"seed_played":"-5413469165336741217","potions_obtained":[{"floor":3,"key":"Swift Potion"},{"floor":7,"key":"EntropicBrew"},{"floor":14,"key":"Poison Potion"}],"is_trial":false,"path_per_floor":["M","?","M","?","M","R","M","$","T","?","?","M","$","M","R"],"character_chosen":"THE_SILENT","items_purchased":["Choke"],"campfire_rested":2,"item_purchase_floors":[8],"current_hp_per_floor":[24,24,24,24,23,44,39,39,39,39,39,25,25,24,45,0],"gold":72,"neow_bonus":"ONE_RARE_RELIC","is_prod":false,"is_daily":false,"chose_seed":false,"campfire_upgraded":0,"win_rate":0,"timestamp":1530025417,"path_taken":["M","?","?","?","M","R","M","$","T","?","?","M","$","?","R","BOSS"],"build_version":"2018-06-21v2","purchased_purges":1,"victory":false,"max_hp_per_floor":[70,70,70,70,70,70,70,70,70,70,70,70,70,70,70,70],"card_choices":[{"not_picked":["Prepared","Acrobatics"],"picked":"Backflip","floor":1},{"not_picked":["Dagger Spray","Skewer"],"picked":"PiercingWail","floor":3},{"not_picked":["Slice","Quick Slash"],"picked":"Dagger Throw","floor":5},{"not_picked":["Outmaneuver","Underhanded Strike"],"picked":"Backflip","floor":7},{"not_picked":["Sucker Punch","Dodge and Roll"],"picked":"Adrenaline","floor":12},{"not_picked":["Dodge and Roll","Sucker Punch"],"picked":"Underhanded Strike","floor":14}],"player_experience":786027,"relics_obtained":[{"floor":9,"key":"Shuriken"}],"event_choices":[{"event_name":"Golden Idol","player_choice":"Take Wound","floor":2,"damage_taken":0},{"event_name":"Shining Light","player_choice":"Ignored","floor":4,"damage_taken":0},{"event_name":"Purifier","player_choice":"One Purge","floor":10,"damage_taken":0},{"event_name":"Accursed Blacksmith","player_choice":"Forge","floor":11,"damage_taken":0}],"boss_relics":[],"items_purged_floors":[8],"is_endless":false,"potions_floor_spawned":[3,7,14],"killed_by":"Hexaghost","ascension_level":4}