{"path_per_floor":["M","M","?","M","$","E","?","R","T","M","E","R","M","T","R","B",null,"M","?","?","?","M","E","?","M","T","$","?","R","M","M","R","B",null,"M","?","?","$","?","E","R","M","T","M","T","?","E","M","R"],"character_chosen":"DEFECT","items_purchased":["Medical Kit","Apotheosis","Vajra","Mind Blast","Defragment"],"gold_per_floor":[118,132,382,402,122,154,184,184,209,224,253,253,267,315,315,415,415,428,527,527,527,545,577,577,595,595,60,60,60,72,85,85,181,181,192,0,52,15,15,41,41,54,54,71,371,371,399,410,410,410],"floor_reached":50,"campfire_rested":1,"playtime":4020,"item_purchase_floors":[],"current_hp_per_floor":[75,74,74,74,74,56,56,56,56,56,55,55,55,55,55,16,75,62,62,52,52,51,33,33,36,36,36,36,36,48,44,44,35,52,52,52,52,52,52,27,27,31,31,43,43,36,27,20,35,0],"items_purged":["Regret","Writhe"],"gold":410,"score":734,"play_id":"1e4f04a1-e345-49c0-95a0-ef216faae360","local_time":"20180614121557","is_prod":false,"is_daily":false,"chose_seed":false,"is_ascension_mode":true,"campfire_upgraded":5,"win_rate":0,"timestamp":1528971357,"campfire_choices":[{"data":"Zap","floor":8.0,"key":"SMITH"},{"data":"Dualcast","floor":12,"key":"SMITH"},{"data":"Go for the Eyes","floor":15,"key":"SMITH"},{"data":"Apotheosis","floor":29,"key":"SMITH"},{"data":"Mind Blast","floor":32,"key":"SMITH"},{"floor":41,"key":"DIG"},{"floor":49,"key":"REST"}],"path_taken":["M","M","?","M","$","E","?","R","T","?","E","R","?","?","R","BOSS","M","?","?","?","?","E","?","M","T","?","?","R","M","M","R","BOSS","M","?","?","$","?","E","R","?","T","?","?","?","E","M","R","BOSS"],"build_version":"2018-06-13v3","seed_source_timestamp":835779227815,"purchased_purges":2,"victory":false,"master_deck":["Defend_B+1","Defend_B+1","Defend_B+1","Defend_B+1","Zap+1","Dualcast+1","Streamline","Leap","Go for the Eyes+1","Gash","Steam","Gash","Core Surge","Stack+1","Bite","Bite","Bite","Bite","Bite","Defragment","Sunder+1","Apotheosis+1","Mind Blast+1","Writhe","Coolheaded","Melter","Core Surge","Loop+1","Steam+1","Defragment","Ball Lightning+1","Pain","Steam Power","Parasite","Madness","Madness","Cold Snap","Steam Power","Ball Lightning"],"max_hp_per_floor":[75,75,75,75,75,75,75,75,75,75,75,75,75,75,75,75,75,75,75,52,52,52,52,52,52,52,52,52,52,52,52,52,52,52,52,52,52,52,52,52,52,52,52,52,52,52,52,52,52,52],"special_seed":0,"relics":["Cracked Core","Anchor","Medical Kit","Bag of Marbles","Turnip","Lantern","Gremlin Horn","Ancient Tea Set","Cursed Key","Incense Burner","Cables","Vajra","Unceasing Top","Fusion Hammer","Red Mask","Shovel","Kunai","Happy Flower","Dream Catcher","Old Coin","Omamori"],"card_choices":[{"not_picked":["Recycle","Force Field"],"picked":"Streamline","floor":1.0},{"not_picked":["Undo","Capacitor"],"picked":"Leap","floor":2.0},{"not_picked":["Barrage","Heatsinks"],"picked":"Go for the Eyes","floor":4.0},{"not_picked":["Sweeping Beam","Doom and Gloom"],"picked":"Gash","floor":6.0},{"not_picked":["Coolheaded","Static Discharge","Heatsinks"],"picked":"SKIP","floor":10.0},{"not_picked":["Hologram","Aggregate"],"picked":"Steam","floor":11},{"not_picked":["Go for the Eyes","Reinforced Body"],"picked":"Gash","floor":13},{"not_picked":["Creative AI","Multi-Cast"],"picked":"Core Surge","floor":16},{"not_picked":["Leap","Steam"],"picked":"Stack+1","floor":18},{"not_picked":["Hello World+1","Consume"],"picked":"Defragment","floor":22},{"not_picked":["Hologram+1","Rebound","Coolheaded"],"picked":"SKIP","floor":23},{"not_picked":["Streamline","Turbo"],"picked":"Sunder","floor":25},{"not_picked":["Hello World","Barrage"],"picked":"Coolheaded","floor":30},{"not_picked":["Redo","Scrape+1"],"picked":"Melter","floor":31},{"not_picked":["Buffer","Meteor Strike"],"picked":"Core Surge","floor":33},{"not_picked":["Aggregate","Cold Snap+1"],"picked":"Loop+1","floor":35},{"not_picked":["Leap","Scrape+1"],"picked":"Steam+1","floor":37},{"not_picked":["Steam Power","Defragment"],"picked":"Ball Lightning+1","floor":40},{"not_picked":["Undo","Compile Driver+1","Melter"],"picked":"SKIP","floor":42},{"not_picked":["Tempest+1","Rip and Tear"],"picked":"Steam Power","floor":44},{"not_picked":["Hello World","Force Field+1"],"picked":"Cold Snap","floor":47},{"not_picked":["Sweeping Beam+1","Turbo+1"],"picked":"Steam Power","floor":48},{"not_picked":["Conserve Battery+1","Cold Snap"],"picked":"Ball Lightning","floor":49}],"player_experience":114180,"potions_floor_usage":[11,11,13,23,23,25,40,40,50],"damage_taken":[{"damage":0.0,"enemies":"Jaw Worm","floor":1.0,"turns":3.0},{"damage":1.0,"enemies":"Cultist","floor":2.0,"turns":3.0},{"damage":0.0,"enemies":"2 Louse","floor":4.0,"turns":2.0},{"damage":18.0,"enemies":"Gremlin Nob","floor":6.0,"turns":4.0},{"damage":0.0,"enemies":"Looter","floor":10.0,"turns":1.0},{"damage":1,"enemies":"3 Sentries","floor":11,"turns":6},{"damage":0,"enemies":"Exordium Wildlife","floor":13,"turns":2},{"damage":39,"enemies":"The Guardian","floor":16,"turns":10},{"damage":13,"enemies":"3 Byrds","floor":18,"turns":6},{"damage":7,"enemies":"2 Thieves","floor":22,"turns":4},{"damage":35,"enemies":"Slavers","floor":23,"turns":10},{"damage":7,"enemies":"Snecko","floor":25,"turns":7},{"damage":0,"enemies":"Sentry and Sphere","floor":30,"turns":3},{"damage":16,"enemies":"Snake Plant","floor":31,"turns":4},{"damage":44,"enemies":"Champ","floor":33,"turns":13},{"damage":0,"enemies":"Flame Bruiser 1 Orb","floor":35,"turns":4},{"damage":0,"floor":37,"turns":3},{"damage":31,"enemies":"Giant Head","floor":40,"turns":9},{"damage":0,"enemies":"Orb Walker","floor":42,"turns":2},{"damage":2,"enemies":"Transient","floor":44,"turns":5},{"damage":19,"enemies":"2 Orb Walkers","floor":47,"turns":5},{"damage":19,"enemies":"Flame Bruiser 2 Orb","floor":48,"turns":5},{"damage":40,"enemies":"Time Eater","floor":50,"turns":3}],"relics_obtained":[{"floor":6.0,"key":"Bag of Marbles"},{"floor":9.0,"key":"Lantern"},{"floor":11,"key":"Gremlin Horn"},{"floor":14,"key":"Ancient Tea Set"},{"floor":23,"key":"Incense Burner"},{"floor":26,"key":"Cables"},{"floor":37,"key":"Shovel"},{"floor":40,"key":"Kunai"},{"floor":41,"key":"Happy Flower"},{"floor":43,"key":"Dream Catcher"},{"floor":45,"key":"Old Coin"},{"floor":47,"key":"Omamori"}],"event_choices":[{"event_name":"Golden Shrine","player_choice":"Desecrate","floor":3.0,"damage_taken":0.0},{"event_name":"Dead Adventurer","player_choice":"Searched \u00273\u0027 times","floor":7.0,"damage_taken":0.0},{"event_name":"Nest","player_choice":"Stole From Cult","floor":19,"damage_taken":0},{"event_name":"Vampires","player_choice":"Became a vampire","floor":20,"damage_taken":0},{"event_name":"Drug Dealer","player_choice":"Ignored","floor":21,"damage_taken":0},{"event_name":"Back to Basics","player_choice":"Simplicity","floor":24,"damage_taken":0},{"event_name":"The Mausoleum","player_choice":"Yes","floor":28,"damage_taken":0},{"event_name":"Tomb of Lord Red Mask","player_choice":"Paid","floor":36,"damage_taken":0},{"event_name":"Mysterious Sphere","player_choice":"Fight","floor":37,"damage_taken":0},{"event_name":"Upgrade Shrine","player_choice":"Upgraded","floor":39,"damage_taken":0},{"event_name":"Winding Halls","player_choice":"Embrace Madness","floor":46,"damage_taken":0}],"boss_relics":[{"not_picked":["Runic Pyramid","Philosopher\u0027s Stone"],"picked":"Cursed Key"},{"not_picked":["Astrolabe","White Beast Statue"],"picked":"Fusion Hammer"}],"items_purged_floors":[],"potions_floor_spawned":[1,2,10,11,18,22,23,31,33,37,42],"seed_played":"4833552311811837876","killed_by":"Time Eater","ascension_level":4,"potions_obtained":[{"floor":1.0,"key":"SpeedPotion"},{"floor":2.0,"key":"Block Potion"},{"floor":10.0,"key":"FocusPotion"},{"floor":11,"key":"SteroidPotion"},{"floor":18,"key":"GamblersBrew"},{"floor":22,"key":"Block Potion"},{"floor":23,"key":"GamblersBrew"},{"floor":31,"key":"SteroidPotion"},{"floor":33,"key":"Ancient Potion"},{"floor":37,"key":"Weak Potion"},{"floor":42,"key":"Explosive Potion"}],"is_trial":false}