{"gold_per_floor":[111,130,148,148,160,160,189,47,70,84,8,8,8,8,8,109,159,173,40,52,52,118,118,178,178,205,205,221,238,152,162,162,162],"floor_reached":33,"playtime":3351,"items_purged":[],"score":274,"play_id":"bde30f98-6be8-431d-971f-1a457815f8be","local_time":"20181122130612","is_ascension_mode":false,"campfire_choices":[{"data":"Seeing Red","floor":6,"key":"SMITH"},{"floor":13,"key":"REST"},{"data":"Cleave","floor":15,"key":"SMITH"},{"floor":23,"key":"REST"},{"floor":25,"key":"REST"},{"floor":27,"key":"REST"},{"floor":32,"key":"REST"}],"neow_cost":"NONE","seed_source_timestamp":933499531782007,"circlet_count":0,"master_deck":["Strike_R+1","Strike_R","Strike_R","Strike_R","Strike_R","Defend_R","Defend_R","Defend_R","Defend_R","Bash","Seeing Red+1","Dual Wield","Cleave+1","Flame Barrier","Armaments","Ghostly Armor","Intimidate","Perfected Strike","Second Wind","Berserk","Rampage","Cleave+1","Dramatic Entrance","Flex","Anger","Blood for Blood+1","Metallicize","Headbutt","Flex+1","Whirlwind","Flex","Power Through"],"relics":["Burning Blood","Vajra","Red Skull","Question Card","Tiny House","SsserpentHead","Regal Pillow"],"potions_floor_usage":[4,5,5,7,10,16,17,18,28,33,33],"damage_taken":[{"damage":0,"enemies":"Small Slimes","floor":1,"turns":3},{"damage":12,"enemies":"Cultist","floor":2,"turns":5},{"damage":11,"enemies":"Jaw Worm","floor":3,"turns":4},{"damage":16,"enemies":"Exordium Thugs","floor":5,"turns":4},{"damage":62,"enemies":"Gremlin Nob","floor":7,"turns":7},{"damage":0,"enemies":"Lots of Slimes","floor":10,"turns":3},{"damage":56,"enemies":"Hexaghost","floor":16,"turns":10},{"damage":43,"enemies":"3 Byrds","floor":18,"turns":6},{"damage":16,"enemies":"Chosen","floor":20,"turns":6},{"damage":41,"enemies":"Shelled Parasite and Fungi","floor":22,"turns":7},{"damage":29,"enemies":"Centurion and Healer","floor":24,"turns":4},{"damage":22,"enemies":"Snake Plant","floor":28,"turns":5},{"damage":35,"enemies":"Snecko","floor":29,"turns":5},{"damage":24,"enemies":"Sentry and Sphere","floor":31,"turns":4},{"damage":99,"enemies":"Champ","floor":33,"turns":17}],"seed_played":"-4568232076702422922","potions_obtained":[{"floor":3,"key":"Explosive Potion"},{"floor":4,"key":"Fruit Juice"},{"floor":4,"key":"SkillPotion"},{"floor":4,"key":"GamblersBrew"},{"floor":5,"key":"GamblersBrew"},{"floor":16,"key":"AttackPotion"},{"floor":17,"key":"Fruit Juice"},{"floor":20,"key":"Ancient Potion"},{"floor":22,"key":"Dexterity Potion"},{"floor":24,"key":"Explosive Potion"},{"floor":31,"key":"Dexterity Potion"}],"is_trial":false,"path_per_floor":["M","M","M","?","M","R","E","$","T","M","$","?","R","T","R","B",null,"M","$","M","?","M","R","M","R","T","R","M","M","$","M","R","B"],"character_chosen":"IRONCLAD","items_purchased":["Ancient Potion","Intimidate","Second Wind","Dramatic Entrance","Flex","Whirlwind","Flex"],"campfire_rested":5,"item_purchase_floors":[8,8,11,19,19,30,30],"current_hp_per_floor":[80,74,69,74,64,64,8,8,8,14,14,42,67,67,67,17,95,58,58,48,48,13,41,18,46,46,89,73,44,44,26,69,0],"gold":162,"neow_bonus":"THREE_CARDS","is_prod":false,"is_daily":false,"chose_seed":false,"campfire_upgraded":2,"win_rate":0.0,"timestamp":1542859572,"path_taken":["M","M","M","?","?","R","E","$","T","M","?","?","R","?","R","BOSS","M","$","M","?","?","R","?","R","T","R","M","M","$","M","R","BOSS"],"build_version":"2018-11-15","purchased_purges":0,"victory":false,"max_hp_per_floor":[80,80,80,85,85,85,85,85,85,85,85,85,85,85,85,85,95,95,95,95,95,95,95,95,95,95,95,95,95,95,95,95,95],"card_choices":[{"not_picked":["Dropkick","Reckless Charge"],"picked":"Seeing Red","floor":0},{"not_picked":["Sword Boomerang","Body Slam"],"picked":"Dual Wield","floor":1},{"not_picked":["Armaments","Body Slam"],"picked":"Cleave","floor":2},{"not_picked":["Clothesline","Dual Wield"],"picked":"Flame Barrier","floor":3},{"not_picked":["Warcry","Iron Wave"],"picked":"Armaments","floor":5},{"not_picked":["Infernal Blade","Twin Strike"],"picked":"Ghostly Armor","floor":7},{"not_picked":["Flame Barrier","Bloodletting"],"picked":"Perfected Strike","floor":10},{"not_picked":["Brutality","Offering","Fiend Fire"],"picked":"Berserk","floor":16},{"not_picked":["Clash","Battle Trance","Headbutt"],"picked":"Rampage","floor":17},{"not_picked":["Ghostly Armor","Clash","Second Wind"],"picked":"Cleave+1","floor":18},{"not_picked":["Body Slam","Warcry","Flex+1"],"picked":"Anger","floor":20},{"not_picked":["Shockwave","Disarm+1","Carnage"],"picked":"Blood for Blood+1","floor":22},{"not_picked":["Perfected Strike","Shrug It Off","Twin Strike"],"picked":"Metallicize","floor":24},{"not_picked":["Dropkick","Pommel Strike","Second Wind"],"picked":"Headbutt","floor":28},{"not_picked":["Body Slam+1","Headbutt","Sword Boomerang"],"picked":"Flex+1","floor":29},{"not_picked":["Thunderclap","Searing Blow","Burning Pact"],"picked":"Power Through","floor":31}],"player_experience":2484,"relics_obtained":[{"floor":7,"key":"Vajra"},{"floor":9,"key":"Red Skull"},{"floor":14,"key":"Question Card"},{"floor":26,"key":"Regal Pillow"}],"event_choices":[{"damage_healed":0,"gold_gain":0,"player_choice":"Got Potions","damage_taken":0,"max_hp_gain":0,"max_hp_loss":0,"event_name":"Lab","floor":4,"gold_loss":0},{"damage_healed":28,"gold_gain":0,"player_choice":"Banana","damage_taken":0,"max_hp_gain":0,"max_hp_loss":0,"event_name":"Big Fish","floor":12,"gold_loss":0},{"damage_healed":0,"gold_gain":0,"player_choice":"Trade","damage_taken":0,"relics_obtained":["SsserpentHead"],"max_hp_gain":0,"max_hp_loss":0,"event_name":"FaceTrader","floor":21,"gold_loss":0}],"is_beta":false,"boss_relics":[{"not_picked":["Philosopher\u0027s Stone","Ectoplasm"],"picked":"Tiny House"}],"items_purged_floors":[],"is_endless":false,"potions_floor_spawned":[3,5,16,20,22,24,31],"killed_by":"Champ","ascension_level":0}