{"gold_per_floor":[116,191,191,191,211,225,242,242,294,294,313,333,333,360,360,456,456,456,476,245,245,264,264,264,264,320,113,132,158,158,174,174,274,274,285,299,299,317,81,111,111,131,131,131,131,145,30,45,45,45],"floor_reached":51,"playtime":1789,"items_purged":["Strike_R","Strike_R"],"score":749,"play_id":"0f2dcaa3-e603-49a5-b224-4aa0a00072c0","local_time":"20190215131131","is_ascension_mode":false,"campfire_choices":[{"data":"Clothesline","floor":8,"key":"SMITH"},{"data":"Flame Barrier","floor":10,"key":"SMITH"},{"data":"Armaments","floor":13,"key":"SMITH"},{"data":"Whirlwind","floor":15,"key":"SMITH"},{"data":"Searing Blow+1","floor":24,"key":"SMITH"},{"data":"Searing Blow+2","floor":30,"key":"SMITH"},{"data":"Searing Blow+3","floor":32,"key":"SMITH"},{"data":"Searing Blow+4","floor":41,"key":"SMITH"},{"data":"Searing Blow+5","floor":44,"key":"SMITH"},{"data":"Searing Blow+6","floor":49,"key":"SMITH"}],"neow_cost":"NONE","seed_source_timestamp":3959148826941,"circlet_count":0,"master_deck":["Strike_R","Strike_R","Strike_R","Defend_R","Defend_R","Defend_R","Defend_R","Bash","Clothesline+1","Flame Barrier+1","Intimidate","Headbutt","Armaments+1","Whirlwind+1","Immolate","Searing Blow+7","Shockwave","Armaments+1","Shrug It Off","Seeing Red","Havoc+1","Juggernaut","Clothesline+1","Intimidate+1","Juggernaut","Corruption","Shrug It Off","True Grit+1","Headbutt","Offering","Feel No Pain+1","Disarm","Dark Embrace","Infernal Blade+1","Headbutt+1","Battle Trance","Shockwave+1","Evolve"],"relics":["Burning Blood","Lantern","Strawberry","Blood Vial","Omamori","Coffee Dripper","Happy Flower","Prayer Wheel","Oddly Smooth Stone","Tiny Chest","Dream Catcher","Runic Pyramid","PreservedInsect","The Courier"],"potions_floor_usage":[7,11,11,14,18,42,50],"damage_taken":[{"damage":1,"enemies":"Jaw Worm","floor":1,"turns":5},{"damage":2,"enemies":"Small Slimes","floor":5,"turns":3},{"damage":0,"enemies":"2 Louse","floor":6,"turns":2},{"damage":12,"enemies":"Looter","floor":7,"turns":3},{"damage":0,"enemies":"Gremlin Gang","floor":11,"turns":5},{"damage":0,"enemies":"2 Fungi Beasts","floor":12,"turns":3},{"damage":8,"enemies":"3 Sentries","floor":14,"turns":10},{"damage":48,"enemies":"Slime Boss","floor":16,"turns":12},{"damage":0,"enemies":"Spheric Guardian","floor":18,"turns":3},{"damage":0,"enemies":"3 Byrds","floor":19,"turns":3},{"damage":13,"enemies":"Snake Plant","floor":22,"turns":5},{"damage":0,"enemies":"Chosen and Byrds","floor":28,"turns":3},{"damage":14,"enemies":"Book of Stabbing","floor":29,"turns":5},{"damage":4,"enemies":"3 Cultists","floor":31,"turns":4},{"damage":19,"enemies":"Automaton","floor":33,"turns":9},{"damage":19,"enemies":"3 Darklings","floor":35,"turns":5},{"damage":9,"enemies":"Orb Walker","floor":36,"turns":4},{"damage":8,"enemies":"Jaw Worm Horde","floor":38,"turns":3},{"damage":13,"enemies":"Giant Head","floor":40,"turns":7},{"damage":24,"enemies":"Transient","floor":42,"turns":5},{"damage":6,"enemies":"Sphere and 2 Shapes","floor":46,"turns":4},{"damage":1,"enemies":"Spire Growth","floor":48,"turns":4},{"damage":19,"enemies":"Donu and Deca","floor":50,"turns":5}],"seed_played":"-1670523601277692382","potions_obtained":[{"floor":1,"key":"BloodPotion"},{"floor":6,"key":"SteroidPotion"},{"floor":7,"key":"Poison Potion"},{"floor":12,"key":"Energy Potion"},{"floor":16,"key":"SmokeBomb"},{"floor":19,"key":"GamblersBrew"},{"floor":22,"key":"GamblersBrew"},{"floor":29,"key":"FairyPotion"},{"floor":33,"key":"PowerPotion"},{"floor":42,"key":"GamblersBrew"}],"is_trial":false,"path_per_floor":["M","?","?","?","M","M","M","R","T","R","M","M","R","E","R","B",null,"M","M","$","?","M","?","R","?","T","$","M","E","R","M","R","B",null,"M","M","?","M","$","E","R","M","T","R","?","M","$","M","R","B",null],"character_chosen":"IRONCLAD","items_purchased":["Happy Flower","Shockwave","Shrug It Off","Seeing Red","Offering","Battle Trance","LiquidBronze"],"campfire_rested":0,"item_purchase_floors":[20,20,27,27,39,47,47],"current_hp_per_floor":[80,69,64,69,73,79,82,82,82,82,90,92,92,90,90,50,92,92,92,92,92,85,85,85,85,85,85,92,84,84,88,88,77,92,79,78,78,78,78,73,73,57,57,57,57,59,59,66,66,55],"gold":45,"neow_bonus":"RANDOM_COMMON_RELIC","is_prod":false,"is_daily":false,"chose_seed":false,"campfire_upgraded":10,"win_rate":0,"timestamp":1550257891,"path_taken":["M","?","?","?","M","M","M","R","T","R","M","M","R","E","R","BOSS","M","M","$","?","?","?","R","?","T","$","M","E","R","M","R","BOSS","M","M","?","M","$","E","R","M","T","R","?","?","$","M","R","BOSS"],"build_version":"2019-01-23","purchased_purges":2,"victory":true,"max_hp_per_floor":[80,80,87,92,92,92,92,92,92,92,92,92,92,92,92,92,92,92,92,92,92,92,92,92,92,92,92,92,92,92,92,92,92,92,92,92,92,92,92,92,92,92,92,92,92,92,92,92,92,92],"card_choices":[{"not_picked":["Dropkick","True Grit"],"picked":"Clothesline","floor":1},{"not_picked":["Perfected Strike","Thunderclap"],"picked":"Flame Barrier","floor":5},{"not_picked":["Dropkick","Burning Pact"],"picked":"Intimidate","floor":6},{"not_picked":["Heavy Blade","Sword Boomerang","Second Wind"],"picked":"SKIP","floor":7},{"not_picked":["Sentinel","Perfected Strike"],"picked":"Headbutt","floor":11},{"not_picked":["Perfected Strike","Seeing Red"],"picked":"Armaments","floor":12},{"not_picked":["Flame Barrier","Clash"],"picked":"Whirlwind","floor":14},{"not_picked":["Fiend Fire","Double Tap"],"picked":"Immolate","floor":16},{"not_picked":["Havoc","Iron Wave"],"picked":"Searing Blow+1","floor":19},{"not_picked":["Rage+1","Heavy Blade"],"picked":"Armaments+1","floor":22},{"not_picked":["Combust","Seeing Red"],"picked":"Havoc+1","floor":28},{"not_picked":["Clothesline","Havoc","Flex"],"picked":"SKIP","floor":28},{"not_picked":["Rupture","Dropkick"],"picked":"Juggernaut","floor":29},{"not_picked":["Armaments","Feel No Pain"],"picked":"Clothesline+1","floor":31},{"not_picked":["Anger","Perfected Strike"],"picked":"Intimidate+1","floor":31},{"not_picked":["Exhume","Feed"],"picked":"Juggernaut","floor":33},{"not_picked":["Perfected Strike","Disarm+1"],"picked":"Corruption","floor":35},{"not_picked":["Headbutt+1","Flex"],"picked":"Shrug It Off","floor":35},{"not_picked":["Pummel","Hemokinesis+1"],"picked":"True Grit+1","floor":36},{"not_picked":["Wild Strike+1","Perfected Strike","Twin Strike"],"picked":"SKIP","floor":36},{"not_picked":["Twin Strike","Anger"],"picked":"Headbutt","floor":38},{"not_picked":["Body Slam","Sword Boomerang","Twin Strike"],"picked":"SKIP","floor":38},{"not_picked":["Whirlwind+1","Headbutt+1"],"picked":"Feel No Pain+1","floor":40},{"not_picked":["Combust+1","Iron Wave+1"],"picked":"Disarm","floor":42},{"not_picked":["Cleave","Berserk","Blood for Blood"],"picked":"SKIP","floor":42},{"not_picked":["Spot Weakness+1","Shrug It Off"],"picked":"Infernal Blade+1","floor":46},{"not_picked":["Fire Breathing","Thunderclap+1"],"picked":"Headbutt+1","floor":46},{"not_picked":["Headbutt","Flex+1"],"picked":"Shockwave+1","floor":48},{"not_picked":["Pommel Strike+1","Bloodletting+1"],"picked":"Evolve","floor":48}],"player_experience":822276,"relics_obtained":[{"floor":9,"key":"Blood Vial"},{"floor":14,"key":"Omamori"},{"floor":26,"key":"Tiny Chest"},{"floor":29,"key":"Dream Catcher"},{"floor":40,"key":"PreservedInsect"},{"floor":43,"key":"The Courier"}],"event_choices":[{"damage_healed":0,"gold_gain":75,"player_choice":"Gather Gold","damage_taken":11,"max_hp_gain":0,"max_hp_loss":0,"event_name":"World of Goop","floor":2,"gold_loss":0},{"damage_healed":0,"gold_gain":0,"player_choice":"Success","damage_taken":12,"relics_obtained":["Strawberry"],"max_hp_gain":0,"max_hp_loss":0,"event_name":"Scrap Ooze","floor":3,"gold_loss":0},{"damage_healed":0,"gold_gain":0,"player_choice":"Donut","damage_taken":0,"max_hp_gain":5,"max_hp_loss":0,"event_name":"Big Fish","floor":4,"gold_loss":0},{"damage_healed":0,"gold_gain":0,"player_choice":"Ignored","damage_taken":0,"max_hp_gain":0,"max_hp_loss":0,"event_name":"NoteForYourself","floor":21,"gold_loss":0},{"damage_healed":0,"gold_gain":0,"player_choice":"Stole Relic","damage_taken":0,"relics_obtained":["Prayer Wheel"],"max_hp_gain":0,"max_hp_loss":0,"event_name":"Addict","floor":23,"gold_loss":0,"cards_obtained":["Shame"]},{"damage_healed":0,"gold_gain":0,"player_choice":"Opened","damage_taken":0,"relics_obtained":["Oddly Smooth Stone"],"max_hp_gain":0,"max_hp_loss":0,"event_name":"The Mausoleum","floor":25,"gold_loss":0,"cards_obtained":["Writhe"]},{"damage_healed":0,"gold_gain":0,"player_choice":"Ignored","damage_taken":0,"max_hp_gain":0,"max_hp_loss":0,"event_name":"Mysterious Sphere","floor":37,"gold_loss":0},{"damage_healed":0,"gold_gain":0,"player_choice":"1 cards matched","damage_taken":0,"max_hp_gain":0,"max_hp_loss":0,"event_name":"Match and Keep!","floor":45,"gold_loss":0,"cards_obtained":["Dark Embrace"]}],"is_beta":false,"boss_relics":[{"not_picked":["Eternal Feather","White Beast Statue"],"picked":"Coffee Dripper"},{"not_picked":["Lizard Tail","Black Blood"],"picked":"Runic Pyramid"}],"items_purged_floors":[27,39],"is_endless":false,"potions_floor_spawned":[1,6,7,12,16,19,22,29,33,40,42,48],"ascension_level":0}