{"gold_per_floor":[118,118,118,129,139,139,157,176,176,276,276,289,305,26,26,127,127,139,139,189,202,202,202,212,228,228,143,168,180,180],"floor_reached":30,"playtime":1171,"items_purged":["Strike_B"],"score":302,"play_id":"a0bafd8c-1e33-4987-b9aa-427a1a3a95da","local_time":"20180629154703","is_ascension_mode":true,"campfire_choices":[{"floor":6,"key":"REST"},{"data":"Chill","floor":11,"key":"SMITH"},{"data":"Dualcast","floor":15,"key":"SMITH"},{"floor":23,"key":"REST"}],"neow_cost":"","seed_source_timestamp":417510618941020,"circlet_count":0,"master_deck":["Strike_B","Strike_B","Defend_B","Defend_B","Defend_B","Defend_B","Zap+1","Dualcast+1","BootSequence","Static Discharge","Cold Snap","Chill+1","Melter","White Noise","Static Discharge","Coolheaded","Electrodynamics","Tempest","Necronomicurse","BootSequence","Blizzard+1","Storm","Cold Snap+1"],"relics":["Cracked Core","Pear","Eternal Feather","Necronomicon","Bottled Tornado","Toolbox","Regal Pillow"],"potions_floor_usage":[5,12,13,16,16,29,29],"damage_taken":[{"damage":10,"enemies":"2 Louse","floor":1,"turns":3},{"damage":1,"enemies":"Cultist","floor":4,"turns":4},{"damage":0,"enemies":"Jaw Worm","floor":5,"turns":3},{"damage":2,"enemies":"Large Slime","floor":7,"turns":7},{"damage":2,"enemies":"Looter","floor":8,"turns":3},{"damage":3,"enemies":"Exordium Thugs","floor":12,"turns":4},{"damage":0,"enemies":"Lots of Slimes","floor":13,"turns":3},{"damage":33,"enemies":"Slime Boss","floor":16,"turns":10},{"damage":13,"enemies":"2 Thieves","floor":18,"turns":4},{"damage":0,"enemies":"3 Byrds","floor":21,"turns":3},{"damage":16,"enemies":"Centurion and Healer","floor":24,"turns":4},{"damage":42,"enemies":"Cultist and Chosen","floor":25,"turns":7},{"damage":13,"enemies":"Snecko","floor":29,"turns":6},{"damage":15,"enemies":"Snake Plant","floor":30,"turns":2}],"seed_played":"613891157461697746","potions_obtained":[{"floor":2,"key":"Fire Potion"},{"floor":2,"key":"Poison Potion"},{"floor":2,"key":"Energy Potion"},{"floor":8,"key":"Poison Potion"},{"floor":12,"key":"Explosive Potion"},{"floor":13,"key":"Explosive Potion"},{"floor":21,"key":"SteroidPotion"},{"floor":25,"key":"EssenceOfSteel"}],"is_trial":false,"path_per_floor":["M","?","?","M","M","R","M","M","T","?","R","M","M","$","R","B",null,"M","?","?","M","?","R","M","M","T","?","T","M"],"character_chosen":"DEFECT","items_purchased":["Static Discharge","FocusPotion","Coolheaded"],"campfire_rested":2,"item_purchase_floors":[14,14,14],"current_hp_per_floor":[58,58,58,57,57,75,73,71,81,81,81,78,78,78,78,45,75,62,46,46,46,46,79,63,28,28,28,28,15,0],"gold":180,"neow_bonus":"","is_prod":false,"is_daily":false,"chose_seed":false,"campfire_upgraded":2,"win_rate":0,"timestamp":1530301623,"path_taken":["M","?","?","M","M","R","M","?","T","?","R","M","?","$","R","BOSS","M","?","?","?","?","R","M","M","T","?","?","M","M"],"build_version":"2018-06-28","purchased_purges":1,"victory":false,"max_hp_per_floor":[75,75,75,75,75,75,75,75,85,85,85,85,85,85,85,85,85,85,85,85,85,85,85,85,85,85,85,85,85,85],"card_choices":[{"not_picked":["Rebound","Sweeping Beam"],"picked":"BootSequence","floor":1},{"not_picked":["Gash","Rip and Tear"],"picked":"Static Discharge","floor":4},{"not_picked":["Coolheaded","Hello World"],"picked":"Cold Snap","floor":5},{"not_picked":["Go for the Eyes","Streamline"],"picked":"Chill","floor":7},{"not_picked":["Rebound","Lockon"],"picked":"Melter","floor":8},{"not_picked":["Cold Snap","Coolheaded"],"picked":"White Noise","floor":12},{"not_picked":["Skim","Turbo","Hologram"],"picked":"SKIP","floor":13},{"not_picked":["Echo Form","Meteor Strike"],"picked":"Electrodynamics","floor":16},{"not_picked":["Steam+1","Stack"],"picked":"Tempest","floor":18},{"not_picked":["Reprogram","Melter+1"],"picked":"BootSequence","floor":21},{"not_picked":["Chaos","Rebound"],"picked":"Blizzard+1","floor":24},{"not_picked":["Sweeping Beam","Compile Driver+1"],"picked":"Storm","floor":25},{"not_picked":["Redo+1","Sweeping Beam+1"],"picked":"Cold Snap+1","floor":29}],"player_experience":865181,"relics_obtained":[{"floor":9,"key":"Pear"},{"floor":19,"key":"Necronomicon"},{"floor":26,"key":"Bottled Tornado"},{"floor":28,"key":"Regal Pillow"}],"event_choices":[{"event_name":"The Lab","player_choice":"Got Potions","floor":2,"damage_taken":0},{"event_name":"Living Wall","player_choice":"Grow","floor":3,"damage_taken":0},{"event_name":"Wheel of Change","player_choice":"Gold","floor":10,"damage_taken":0},{"event_name":"Cursed Tome","player_choice":"Obtained Book","floor":19,"damage_taken":0},{"event_name":"The Joust","player_choice":"Bet on Murderer","floor":20,"damage_taken":0},{"event_name":"Back to Basics","player_choice":"Elegance","floor":22,"damage_taken":0},{"event_name":"Addict","player_choice":"Obtained Relic","floor":27,"damage_taken":0}],"boss_relics":[{"not_picked":["Runic Pyramid","Empty Cage"],"picked":"Eternal Feather"}],"items_purged_floors":[14],"is_endless":false,"potions_floor_spawned":[4,8,12,13,21,25],"killed_by":"Snake Plant","ascension_level":7}