{"gold_per_floor":[112,38,38,38,53,53,53,53,53,63,91,104,135,153,153,251,251,264,179,191,221,246,258,299,311,323,335,347,373,402,414,426,537,549,573,585,611,475,493,493,138,138,161,14,34,134,134,152,152,152],"floor_reached":51,"playtime":2284,"items_purged":[],"score":700,"play_id":"33a94faa-ec2e-462e-a0c8-66bc31c5581f","local_time":"20181116122122","is_ascension_mode":false,"campfire_choices":[{"data":"Bash","floor":6.0,"key":"SMITH"},{"data":"Reaper","floor":8.0,"key":"SMITH"},{"data":"Inflame","floor":15.0,"key":"SMITH"},{"data":"Limit Break","floor":23.0,"key":"SMITH"},{"data":"True Grit","floor":25,"key":"SMITH"},{"data":"Rage","floor":32,"key":"SMITH"},{"data":"Madness","floor":40,"key":"SMITH"},{"data":"Madness","floor":42,"key":"SMITH"},{"data":"Disarm","floor":47,"key":"SMITH"},{"data":"Shockwave","floor":49,"key":"SMITH"}],"neow_cost":"NONE","seed_source_timestamp":30317499789980,"circlet_count":0,"master_deck":["Strike_R","Defend_R","Defend_R","Defend_R","Defend_R","Bash+1","Pommel Strike+1","Inflame+1","Reaper+1","Shrug It Off+1","Disarm+1","Iron Wave","Battle Trance","Intimidate","Cleave","Limit Break+1","True Grit+1","True Grit+1","Rage+1","Rage+1","Shockwave+1","Heavy Blade+1","Inflame","Feed","Intimidate+1","Madness+1","Madness+1","Shrug It Off","Inflame","Reaper+1"],"special_seed":0,"relics":["Burning Blood","NeowsBlessing","Bottled Flame","Anchor","Ice Cream","Eternal Feather","MawBank","MutagenicStrength","Bag of Marbles","Bottled Tornado","Mummified Hand","Empty Cage","Lantern","DollysMirror","Boot","Potion Belt","War Paint"],"potions_floor_usage":[24,24,29,33,50,50,50],"damage_taken":[{"damage":0.0,"enemies":"2 Louse","floor":1.0,"turns":1.0},{"damage":0.0,"enemies":"Small Slimes","floor":5.0,"turns":1.0},{"damage":0.0,"enemies":"Cultist","floor":10.0,"turns":1.0},{"damage":28.0,"enemies":"3 Sentries","floor":11.0,"turns":9.0},{"damage":8.0,"enemies":"2 Fungi Beasts","floor":12.0,"turns":5.0},{"damage":30.0,"enemies":"Lagavulin","floor":13.0,"turns":6.0},{"damage":2.0,"enemies":"Blue Slaver","floor":14.0,"turns":4.0},{"damage":36.0,"enemies":"Hexaghost","floor":16.0,"turns":14.0},{"damage":18.0,"enemies":"Chosen","floor":18.0,"turns":6.0},{"damage":29.0,"enemies":"Shell Parasite","floor":21.0,"turns":9.0},{"damage":11.0,"enemies":"Snake Plant","floor":22.0,"turns":6.0},{"damage":15,"enemies":"Book of Stabbing","floor":24,"turns":6},{"damage":14,"enemies":"Cultist and Chosen","floor":29,"turns":8},{"damage":2,"enemies":"Snecko","floor":30,"turns":3},{"damage":37,"enemies":"Collector","floor":33,"turns":7},{"damage":2,"enemies":"Orb Walker","floor":35,"turns":4},{"damage":10,"enemies":"3 Shapes","floor":37,"turns":3},{"damage":30,"enemies":"Jaw Worm Horde","floor":39,"turns":5},{"damage":28,"enemies":"4 Shapes","floor":45,"turns":6},{"damage":18,"enemies":"Spire Growth","floor":48,"turns":5},{"damage":57,"enemies":"Awakened One","floor":50,"turns":9}],"seed_played":"8705664855185016396","potions_obtained":[{"floor":1.0,"key":"AttackPotion"},{"floor":5.0,"key":"SpeedPotion"},{"floor":13.0,"key":"GamblersBrew"},{"floor":16.0,"key":"Strength Potion"},{"floor":21.0,"key":"Dexterity Potion"},{"floor":24,"key":"AttackPotion"},{"floor":29,"key":"Strength Potion"},{"floor":39,"key":"FearPotion"},{"floor":45,"key":"SteroidPotion"},{"floor":48,"key":"Energy Potion"}],"is_trial":false,"path_per_floor":["M","$","?","?","M","R","?","R","T","M","E","M","E","M","R","B",null,"M","?","?","M","M","R","E","R","T","?","T","M","M","$","R","B",null,"M","?","M","$","M","R","$","R","T","$","M","?","R","M","R","B",null],"character_chosen":"IRONCLAD","items_purchased":["Inflame","Lantern","DollysMirror","Boot","War Paint"],"campfire_rested":0,"item_purchase_floors":[2,38,41,41,44],"current_hp_per_floor":[80,80,73,73,80,80,80,80,80,80,72,80,65,74,74,49,80,68,68,68,56,62,74,77,80,80,80,80,72,80,80,80,49,80,83,73,82,82,76,86,86,86,86,86,67,67,85,77,89,83],"gold":152,"neow_bonus":"THREE_ENEMY_KILL","is_prod":false,"is_daily":false,"chose_seed":false,"campfire_upgraded":10,"win_rate":0,"timestamp":1542388882,"path_taken":["M","$","?","?","?","R","?","R","T","M","E","M","E","M","R","BOSS","M","?","?","M","M","R","E","R","T","?","?","M","M","?","R","BOSS","M","?","M","$","M","R","?","R","T","?","M","?","R","M","R","BOSS"],"build_version":"2018-11-15","purchased_purges":0,"victory":true,"max_hp_per_floor":[80,80,80,80,80,80,80,80,80,80,80,80,80,80,80,80,80,80,80,80,80,80,80,80,80,80,80,80,80,80,80,80,80,80,83,83,86,86,86,86,86,86,86,86,89,89,89,89,89,92],"card_choices":[{"not_picked":["Disarm","Carnage"],"picked":"Pommel Strike","floor":1.0},{"not_picked":["Clash","Clothesline"],"picked":"Shrug It Off","floor":5.0},{"not_picked":["Bloodletting","Perfected Strike"],"picked":"Disarm","floor":10.0},{"not_picked":["True Grit","Warcry"],"picked":"Iron Wave","floor":11.0},{"not_picked":["Bloodletting","Pommel Strike"],"picked":"Battle Trance","floor":12.0},{"not_picked":["Clothesline","Perfected Strike"],"picked":"Intimidate","floor":13.0},{"not_picked":["Hemokinesis","Sentinel"],"picked":"Cleave","floor":14.0},{"not_picked":["Offering","Impervious"],"picked":"Limit Break","floor":16.0},{"not_picked":["Seeing Red","Burning Pact"],"picked":"True Grit","floor":18.0},{"not_picked":["Armaments+1","Clash"],"picked":"True Grit+1","floor":21.0},{"not_picked":["Ghostly Armor","Perfected Strike+1"],"picked":"Rage","floor":22.0},{"not_picked":["Brutality","Clothesline"],"picked":"Rage+1","floor":24},{"not_picked":["Perfected Strike","Wild Strike"],"picked":"Heavy Blade+1","floor":29},{"not_picked":["Evolve","Flex"],"picked":"Inflame","floor":30},{"not_picked":["Bludgeon","Brutality"],"picked":"Feed","floor":33},{"not_picked":["Thunderclap","Carnage+1"],"picked":"Intimidate","floor":35},{"not_picked":["Twin Strike","Clothesline+1"],"picked":"Shrug It Off","floor":37},{"not_picked":["Warcry","Armaments+1"],"picked":"Inflame","floor":39},{"not_picked":["Anger","Havoc","Combust"],"picked":"SKIP","floor":45},{"not_picked":["Immolate","Wild Strike","Perfected Strike+1"],"picked":"SKIP","floor":48}],"player_experience":1710282,"relics_obtained":[{"floor":9.0,"key":"Bottled Flame"},{"floor":11.0,"key":"Anchor"},{"floor":13.0,"key":"Ice Cream"},{"floor":24,"key":"Bag of Marbles"},{"floor":26,"key":"Bottled Tornado"},{"floor":28,"key":"Mummified Hand"},{"floor":43,"key":"Potion Belt"}],"event_choices":[{"cards_removed":["Strike_R"],"damage_healed":0.0,"max_hp_gain":0.0,"max_hp_loss":0.0,"gold_gain":0.0,"event_name":"Golden Wing","player_choice":"Card Removal","floor":3.0,"gold_loss":0.0,"damage_taken":7.0},{"damage_healed":0.0,"max_hp_gain":0.0,"max_hp_loss":0.0,"gold_gain":0.0,"cards_transformed":["Strike_R"],"event_name":"Transmorgrifier","player_choice":"Transformed","floor":4.0,"gold_loss":0.0,"damage_taken":0.0,"cards_obtained":["Reaper"]},{"damage_healed":0.0,"max_hp_gain":0.0,"max_hp_loss":0.0,"gold_gain":0.0,"event_name":"Living Wall","player_choice":"Grow","floor":7.0,"gold_loss":0.0,"damage_taken":0.0,"cards_upgraded":["Pommel Strike"]},{"damage_healed":0.0,"max_hp_gain":0.0,"max_hp_loss":0.0,"gold_gain":0.0,"event_name":"Addict","player_choice":"Obtained Relic","floor":19.0,"gold_loss":85.0,"damage_taken":0.0,"relics_obtained":["MawBank"]},{"damage_healed":0.0,"max_hp_gain":0.0,"max_hp_loss":0.0,"gold_gain":0.0,"event_name":"Drug Dealer","player_choice":"Inject Mutagens","floor":20.0,"gold_loss":0.0,"damage_taken":0.0,"relics_obtained":["MutagenicStrength"]},{"damage_healed":0,"gold_gain":0,"player_choice":"Read","damage_taken":0,"max_hp_gain":0,"max_hp_loss":0,"event_name":"The Library","floor":27,"gold_loss":0,"cards_obtained":["Shockwave"]},{"damage_healed":0,"gold_gain":0,"player_choice":"Embrace Madness","damage_taken":10,"max_hp_gain":0,"max_hp_loss":0,"event_name":"Winding Halls","floor":36,"gold_loss":0,"cards_obtained":["Madness","Madness"]},{"damage_healed":0,"gold_gain":100,"player_choice":"Pray","damage_taken":0,"max_hp_gain":0,"max_hp_loss":0,"event_name":"Golden Shrine","floor":46,"gold_loss":0}],"is_beta":false,"boss_relics":[{"not_picked":["White Beast Statue","Lizard Tail"],"picked":"Eternal Feather"},{"not_picked":["Astrolabe","Black Star"],"picked":"Empty Cage"}],"items_purged_floors":[],"is_endless":false,"potions_floor_spawned":[1,5,13,16,21,24,29,39,45,48],"ascension_level":0}