{"gold_per_floor":[114,129,144,27,42,57,72,72,72,147,177,177,192,207,207,307,307,322,322,337,352,367,367,397,397,397,397,412,194,209,224,224,324,324,339,354,369,398,398,398,428,2,2,29,56,68,80,107,119,131],"floor_reached":51,"playtime":872,"items_purged":[],"score":1257,"play_id":"ff3c83c8-bbc4-413a-b724-040b3b5ea998","local_time":"20180918133247","daily_mods":["Brewmaster","Uncertain Future","Hoarder"],"is_ascension_mode":false,"campfire_choices":[{"data":"Mind Blast","floor":12.0,"key":"SMITH"},{"data":"Mind Blast","floor":15.0,"key":"SMITH"},{"data":"Mind Blast","floor":23.0,"key":"SMITH"},{"data":"Predator","floor":27.0,"key":"SMITH"},{"data":"Predator","floor":32.0,"key":"SMITH"},{"data":"Predator","floor":40.0,"key":"SMITH"},{"data":"Neutralize","floor":47,"key":"SMITH"},{"data":"Venomology","floor":49,"key":"SMITH"}],"neow_cost":"","seed_source_timestamp":0,"circlet_count":0,"master_deck":["Defend_G","Defend_G","Defend_G","Defend_G","Defend_G","Strike_G","Strike_G","Strike_G","Strike_G","Strike_G","Survivor","Neutralize+1","Venomology+1","Venomology","Venomology","Venomology","Venomology","Venomology","Venomology","Venomology","Venomology","Venomology","Venomology","Venomology","Venomology","Venomology","Venomology","Leg Sweep","Leg Sweep","Leg Sweep","Predator+1","Predator+1","Predator+1","Cloak And Dagger","Cloak And Dagger","Cloak And Dagger","Mind Blast+1","Mind Blast+1","Mind Blast+1","Sucker Punch","Sucker Punch","Sucker Punch","Choke","Choke","Choke","Endless Agony","Endless Agony","Endless Agony","Deadly Poison","Deadly Poison","Deadly Poison","Quick Slash","Quick Slash","Quick Slash","Blur","Blur","Blur","Backflip","Backflip","Backflip","Envenom","Envenom","Envenom","Leg Sweep","Leg Sweep","Leg Sweep","Flechettes","Flechettes","Flechettes","Backflip","Backflip","Backflip","Deadly Poison","Deadly Poison","Deadly Poison","Acrobatics","Acrobatics","Acrobatics","Necronomicurse","Necronomicurse","Necronomicurse","Escape Plan","Escape Plan","Escape Plan","Sucker Punch","Sucker Punch","Sucker Punch","Dagger Throw","Dagger Throw","Dagger Throw","Deflect","Deflect","Deflect","Distraction+1","Distraction+1","Distraction+1","Tools of the Trade","Tools of the Trade","Tools of the Trade","Predator","Predator","Predator","Deadly Poison+1","Deadly Poison+1","Deadly Poison+1","Deadly Poison","Deadly Poison","Deadly Poison","Masterful Stab","Masterful Stab","Masterful Stab","Noxious Fumes","Noxious Fumes","Noxious Fumes","Distraction+1","Distraction+1","Distraction+1","Dodge and Roll+1","Dodge and Roll+1","Dodge and Roll+1","Crippling Poison+1","Crippling Poison+1","Crippling Poison+1","Dodge and Roll+1","Dodge and Roll+1","Dodge and Roll+1","Outmaneuver","Outmaneuver","Outmaneuver","Flying Knee","Flying Knee","Flying Knee","Poisoned Stab","Poisoned Stab","Poisoned Stab","Blur","Blur","Blur","Acrobatics","Acrobatics","Acrobatics","Footwork","Footwork","Footwork","Sucker Punch","Sucker Punch","Sucker Punch","All Out Attack","All Out Attack","All Out Attack","PiercingWail","PiercingWail","PiercingWail","Backstab","Backstab","Backstab","Flying Knee","Flying Knee","Flying Knee","Dagger Spray+1","Dagger Spray+1","Dagger Spray+1","Forethought","Forethought","Forethought","Blind","Blind","Blind","The Bomb","The Bomb","The Bomb","Dagger Spray+1","Dagger Spray+1","Dagger Spray+1"],"special_seed":17792,"relics":["Ring of the Snake","White Beast Statue","Snake Skull","Shuriken","Busted Crown","Anchor","Necronomicon","The Courier","ClockworkSouvenir","Orrery","Unceasing Top","Matryoshka","MawBank","Mummified Hand"],"potions_floor_usage":[50,50],"damage_taken":[{"damage":3.0,"enemies":"Cultist","floor":1.0,"turns":5.0},{"damage":0.0,"enemies":"Small Slimes","floor":2.0,"turns":5.0},{"damage":5.0,"enemies":"Jaw Worm","floor":3.0,"turns":4.0},{"damage":4.0,"enemies":"Exordium Wildlife","floor":5.0,"turns":3.0},{"damage":0.0,"enemies":"Large Slime","floor":6.0,"turns":4.0},{"damage":0.0,"enemies":"Blue Slaver","floor":7.0,"turns":1.0},{"damage":0.0,"enemies":"Gremlin Nob","floor":11.0,"turns":1.0},{"damage":0.0,"enemies":"3 Louse","floor":13.0,"turns":2.0},{"damage":0.0,"enemies":"Large Slime","floor":14.0,"turns":1.0},{"damage":31.0,"enemies":"The Guardian","floor":16.0,"turns":8.0},{"damage":0.0,"enemies":"Shell Parasite","floor":18.0,"turns":1.0},{"damage":0.0,"enemies":"3 Byrds","floor":20.0,"turns":1.0},{"damage":0.0,"enemies":"Snake Plant","floor":21.0,"turns":1.0},{"damage":0.0,"enemies":"Chosen and Byrds","floor":22.0,"turns":1.0},{"damage":0.0,"enemies":"Book of Stabbing","floor":24.0,"turns":1.0},{"damage":0.0,"enemies":"Cultist and Chosen","floor":28.0,"turns":1.0},{"damage":0.0,"enemies":"Centurion and Healer","floor":30.0,"turns":1.0},{"damage":0.0,"enemies":"3 Cultists","floor":31.0,"turns":1.0},{"damage":0.0,"enemies":"Collector","floor":33.0,"turns":1.0},{"damage":0.0,"enemies":"3 Shapes","floor":35.0,"turns":1.0},{"damage":0.0,"enemies":"3 Darklings","floor":36.0,"turns":1.0},{"damage":0.0,"enemies":"Sphere and 2 Shapes","floor":37.0,"turns":1.0},{"damage":0.0,"enemies":"Mysterious Sphere","floor":38.0,"turns":1.0},{"damage":0.0,"enemies":"Nemesis","floor":41.0,"turns":1.0},{"damage":0.0,"enemies":"Reptomancer","floor":44.0,"turns":1.0},{"damage":0.0,"enemies":"Maw","floor":45.0,"turns":1.0},{"damage":0,"enemies":"Spire Growth","floor":48,"turns":1},{"damage":0,"enemies":"Time Eater","floor":50,"turns":1}],"seed_played":"-276946993801479710","potions_obtained":[{"floor":1.0,"key":"GamblersBrew"},{"floor":6.0,"key":"Energy Potion"},{"floor":7.0,"key":"Strength Potion"},{"floor":11.0,"key":"Explosive Potion"},{"floor":16.0,"key":"AttackPotion"},{"floor":18.0,"key":"FearPotion"},{"floor":33.0,"key":"PowerPotion"},{"floor":41.0,"key":"FearPotion"}],"is_trial":false,"path_per_floor":["M","M","M","$","M","M","M","?","T","?","E","R","M","M","R","B",null,"M","?","M","M","M","R","E","?","T","R","M","$","M","M","R","B",null,"M","M","M","?","?","R","E","$","T","M","M","?","R","M","R","B"],"character_chosen":"THE_SILENT","items_purchased":["Mind Blast","Sucker Punch","Sucker Punch","Dagger Throw","ClockworkSouvenir","Flying Knee","Poisoned Stab","Blur","Acrobatics","Footwork","Sucker Punch","All Out Attack","PiercingWail","Backstab"],"campfire_rested":0,"item_purchase_floors":[4,4,29,29,29,42,42,42,42,42,42,42,42,42],"current_hp_per_floor":[67,70,65,65,61,61,61,61,61,50,50,50,50,50,50,19,70,70,70,70,70,70,70,70,54,54,54,54,54,54,54,54,54,70,70,70,70,70,70,70,70,70,70,70,70,60,60,60,60,60],"gold":143,"neow_bonus":"","is_prod":false,"is_daily":true,"chose_seed":false,"campfire_upgraded":8,"win_rate":0,"timestamp":1537270367,"path_taken":["M","M","?","$","M","M","M","?","T","?","E","R","M","M","R","BOSS","M","?","M","?","M","R","E","?","T","R","M","$","M","M","R","BOSS","M","M","M","?","?","R","E","$","T","M","M","?","R","M","R","BOSS"],"build_version":"2018-09-06","purchased_purges":0,"victory":true,"max_hp_per_floor":[70,70,70,70,70,70,70,70,70,70,70,70,70,70,70,70,70,70,70,70,70,70,70,70,70,70,70,70,70,70,70,70,70,70,70,70,70,70,70,70,70,70,70,70,70,70,70,70,70,70],"card_choices":[{"not_picked":["Calculated Gamble","Dodge and Roll"],"picked":"Leg Sweep","floor":1.0},{"not_picked":["Dash","Reflex"],"picked":"Predator","floor":2.0},{"not_picked":["Endless Agony","Backflip"],"picked":"Cloak And Dagger","floor":3.0},{"not_picked":["Outmaneuver","Venomology"],"picked":"Choke","floor":5.0},{"not_picked":["Dodge and Roll","Acrobatics"],"picked":"Endless Agony","floor":6.0},{"not_picked":["All Out Attack","Acrobatics"],"picked":"Deadly Poison","floor":7.0},{"not_picked":["Envenom","Setup"],"picked":"Quick Slash","floor":11.0},{"not_picked":["Flechettes","Deflect"],"picked":"Blur","floor":13.0},{"not_picked":["Catalyst","Footwork"],"picked":"Backflip","floor":14.0},{"not_picked":["Bullet Time","Grand Finale"],"picked":"Envenom","floor":16.0},{"not_picked":[],"picked":"Leg Sweep","floor":18.0},{"not_picked":[],"picked":"Flechettes","floor":20.0},{"not_picked":[],"picked":"Backflip","floor":21.0},{"not_picked":[],"picked":"Deadly Poison","floor":22.0},{"not_picked":[],"picked":"Acrobatics","floor":24.0},{"not_picked":[],"picked":"Escape Plan","floor":28.0},{"not_picked":[],"picked":"Deflect","floor":30.0},{"not_picked":[],"picked":"Distraction+1","floor":31.0},{"not_picked":[],"picked":"Tools of the Trade","floor":33.0},{"not_picked":[],"picked":"Predator","floor":34.0},{"not_picked":[],"picked":"Deadly Poison+1","floor":34.0},{"not_picked":[],"picked":"Deadly Poison","floor":34.0},{"not_picked":[],"picked":"Masterful Stab","floor":34.0},{"not_picked":[],"picked":"Noxious Fumes","floor":34.0},{"not_picked":[],"picked":"Distraction+1","floor":35.0},{"not_picked":[],"picked":"Dodge and Roll+1","floor":36.0},{"not_picked":[],"picked":"Crippling Poison+1","floor":37.0},{"not_picked":[],"picked":"Dodge and Roll+1","floor":38.0},{"not_picked":[],"picked":"Outmaneuver","floor":41.0},{"not_picked":[],"picked":"Flying Knee","floor":44.0},{"not_picked":[],"picked":"Dagger Spray+1","floor":45.0},{"not_picked":[],"picked":"Forethought","floor":46},{"not_picked":[],"picked":"Blind","floor":46},{"not_picked":[],"picked":"The Bomb","floor":46},{"not_picked":[],"picked":"Dagger Spray+1","floor":48}],"player_experience":1446869,"relics_obtained":[{"floor":9.0,"key":"Snake Skull"},{"floor":11.0,"key":"Shuriken"},{"floor":24.0,"key":"Anchor"},{"floor":25.0,"key":"Necronomicon"},{"floor":26.0,"key":"The Courier"},{"floor":38.0,"key":"Unceasing Top"},{"floor":41.0,"key":"Matryoshka"},{"floor":43.0,"key":"MawBank"},{"floor":43.0,"key":"Mummified Hand"}],"event_choices":[{"event_name":"The Cleric","player_choice":"Leave","floor":8.0,"damage_taken":0.0},{"event_name":"World of Goop","player_choice":"Gather Gold","floor":10.0,"damage_taken":0.0},{"event_name":"Purifier","player_choice":"Skipped","floor":19.0,"damage_taken":0.0},{"event_name":"Cursed Tome","player_choice":"Obtained Book","floor":25.0,"damage_taken":0.0},{"event_name":"Mysterious Sphere","player_choice":"Fight","floor":38.0,"damage_taken":0.0},{"event_name":"Tomb of Lord Red Mask","player_choice":"Ignored","floor":39.0,"damage_taken":0.0},{"event_name":"SensoryStone","player_choice":"Memory 3","floor":46,"damage_taken":0}],"is_beta":false,"boss_relics":[{"not_picked":["Ectoplasm","HoveringKite"],"picked":"Busted Crown"},{"not_picked":["Snecko Eye","Tiny House"],"picked":"Orrery"}],"items_purged_floors":[],"is_endless":false,"potions_floor_spawned":[1,2,3,5,6,7,11,13,14,16,18,20,21,22,24,28,30,31,33,35,36,37,38,41,44,45,48],"ascension_level":0}