{"path_per_floor":["M","M","$","M","?","E","M","E","T","E","M","?","M","E","R","B",null,"M","$","M","$","M","R","?","E","T","R","?","M","E","M","R","B",null,"M","$","M","?","?","E","R","E","T","R","M","M","M","E","R","B"],"character_chosen":"IRONCLAD","items_purchased":["Offering","Infernal Blade+1","Armaments+1","Metallicize","Metallicize+1"],"gold_per_floor":[214,231,72,82,82,114,125,151,176,206,225,190,204,234,234,332,332,343,231,241,14,26,26,26,56,56,56,56,73,104,123,123,227,227,242,49,62,62,62,91,91,117,117,117,132,145,159,192,192,192],"floor_reached":51,"campfire_rested":1,"playtime":9428,"item_purchase_floors":[3,19,21,21,36],"current_hp_per_floor":[71,62,62,64,64,45,35,26,26,18,17,37,35,12,36,8,80,70,70,66,66,52,52,52,36,36,36,36,39,50,52,52,56,56,40,40,53,56,56,56,56,56,62,62,62,62,62,62,62,62],"items_purged":["Strike_R","Strike_R","Defend_R"],"gold":192,"score":1183,"play_id":"3ca1266c-efaf-4116-9a9d-46209ff27cd9","local_time":"20180626104311","is_prod":false,"is_daily":false,"chose_seed":false,"is_ascension_mode":true,"campfire_upgraded":6,"win_rate":0,"timestamp":1530027791,"campfire_choices":[{"floor":15,"key":"REST"},{"data":"Barricade","floor":23,"key":"SMITH"},{"data":"Dual Wield","floor":27,"key":"SMITH"},{"data":"Armaments","floor":32,"key":"SMITH"},{"data":"Double Tap","floor":41,"key":"SMITH"},{"data":"Offering","floor":44,"key":"SMITH"},{"data":"Dark Embrace","floor":49,"key":"SMITH"}],"path_taken":["M","M","$","M","?","E","M","E","T","E","M","?","M","E","R","BOSS","M","$","M","$","M","R","?","E","T","R","?","M","E","M","R","BOSS","M","$","M","?","?","E","R","E","T","R","M","M","M","E","R","BOSS"],"build_version":"2018-06-21","seed_source_timestamp":588458169751362,"purchased_purges":3,"circlet_count":0,"victory":true,"master_deck":["Defend_R","Defend_R+1","Defend_R+1","Bash","Dropkick","Thunderclap+1","Offering+1","Anger","Double Tap+1","Bash","Metallicize","Dual Wield+1","Armaments+1","Dark Embrace+1","Feel No Pain","Shrug It Off","Shockwave+1","Barricade+1","Metallicize","Infernal Blade+1","Armaments+1","Metallicize","Spot Weakness+1","Offering+1","Armaments+1","Bite","Bite","Bite","Bite","Bite","Disarm+1","Entrench+1","Burning Pact+1","Impervious+1","Metallicize+1","Corruption+1","Shrug It Off+1","True Grit+1","Parasite","Metallicize+1"],"max_hp_per_floor":[80,80,80,80,80,80,80,80,80,80,80,80,80,80,80,80,80,80,80,80,80,80,80,80,80,80,80,56,56,56,56,56,56,56,56,56,56,56,56,56,56,56,62,62,62,62,62,62,62,62],"relics":["Burning Blood","Bag of Marbles","Pen Nib","Happy Flower","Whetstone","Toxic Egg 2","Cursed Key","Meat on the Bone","Frozen Egg 2","War Paint","Busted Crown","Bird Faced Urn","Darkstone Periapt","Vajra","Potion Belt","Bag of Preparation"],"card_choices":[{"not_picked":["Body Slam","Wild Strike"],"picked":"Dropkick","floor":1},{"not_picked":["Flex","Body Slam"],"picked":"Thunderclap","floor":2},{"not_picked":["Warcry","Hemokinesis"],"picked":"Anger","floor":4},{"not_picked":["Clash","True Grit"],"picked":"Metallicize","floor":6},{"not_picked":["Headbutt","Entrench"],"picked":"Dual Wield","floor":7},{"not_picked":["Whirlwind","Pommel Strike"],"picked":"Armaments","floor":8},{"not_picked":["True Grit","Heavy Blade"],"picked":"Dark Embrace","floor":10},{"not_picked":["Wild Strike","Inflame"],"picked":"Feel No Pain","floor":11},{"not_picked":["Carnage","Entrench"],"picked":"Shrug It Off","floor":13},{"not_picked":["Rupture","Battle Trance"],"picked":"Shockwave","floor":14},{"not_picked":["Fiend Fire","Bludgeon"],"picked":"Barricade","floor":16},{"not_picked":["Body Slam","Uppercut"],"picked":"Metallicize","floor":18},{"not_picked":["Anger+1","Wild Strike","Carnage"],"picked":"SKIP","floor":20},{"not_picked":["Armaments+1","Perfected Strike"],"picked":"Spot Weakness+1","floor":22},{"not_picked":["Second Wind+1","Thunderclap"],"picked":"Armaments+1","floor":25},{"not_picked":["Heavy Blade","Sentinel+1"],"picked":"Disarm+1","floor":29},{"not_picked":["Sword Boomerang","Headbutt+1"],"picked":"Entrench+1","floor":30},{"not_picked":["Battle Trance+1","Warcry+1"],"picked":"Burning Pact+1","floor":31},{"not_picked":["Bludgeon","Reaper"],"picked":"Impervious+1","floor":33},{"not_picked":["Perfected Strike+1"],"picked":"SKIP","floor":35},{"not_picked":[],"picked":"Corruption+1","floor":37},{"not_picked":[],"picked":"Shrug It Off+1","floor":40},{"not_picked":[],"picked":"True Grit+1","floor":42},{"not_picked":["Clothesline"],"picked":"SKIP","floor":45},{"not_picked":["Clash+1"],"picked":"SKIP","floor":46},{"not_picked":[],"picked":"Metallicize+1","floor":47},{"not_picked":["Rampage"],"picked":"SKIP","floor":48}],"player_experience":69609,"potions_floor_usage":[31,50,50,50],"damage_taken":[{"damage":15,"enemies":"Jaw Worm","floor":1,"turns":5},{"damage":15,"enemies":"Cultist","floor":2,"turns":5},{"damage":4,"enemies":"Small Slimes","floor":4,"turns":1},{"damage":25,"enemies":"Lagavulin","floor":6,"turns":5},{"damage":16,"enemies":"3 Louse","floor":7,"turns":4},{"damage":15,"enemies":"Gremlin Nob","floor":8,"turns":4},{"damage":14,"enemies":"Lagavulin","floor":10,"turns":5},{"damage":7,"enemies":"Blue Slaver","floor":11,"turns":2},{"damage":8,"enemies":"Exordium Wildlife","floor":13,"turns":4},{"damage":29,"enemies":"Gremlin Nob","floor":14,"turns":4},{"damage":34,"enemies":"Slime Boss","floor":16,"turns":13},{"damage":16,"enemies":"Chosen","floor":18,"turns":5},{"damage":10,"enemies":"3 Byrds","floor":20,"turns":5},{"damage":20,"enemies":"Centurion and Healer","floor":22,"turns":6},{"damage":22,"enemies":"Gremlin Leader","floor":25,"turns":6},{"damage":38,"enemies":"Slaver and Parasite","floor":29,"turns":10},{"damage":10,"enemies":"Book of Stabbing","floor":30,"turns":5},{"damage":11,"enemies":"Snake Plant","floor":31,"turns":5},{"damage":23,"enemies":"Collector","floor":33,"turns":11},{"damage":28,"enemies":"3 Darklings","floor":35,"turns":5},{"damage":12,"enemies":"Orb Walker","floor":37,"turns":6},{"damage":11,"floor":38,"turns":6},{"damage":23,"enemies":"2 Orb Walkers","floor":40,"turns":6},{"damage":21,"enemies":"Nemesis","floor":42,"turns":7},{"damage":8,"enemies":"Transient","floor":45,"turns":5},{"damage":15,"enemies":"Spire Growth","floor":46,"turns":5},{"damage":8,"enemies":"Maw","floor":47,"turns":14},{"damage":9,"enemies":"Giant Head","floor":48,"turns":4},{"damage":35,"enemies":"Awakened One","floor":50,"turns":15}],"relics_obtained":[{"floor":6,"key":"Bag of Marbles"},{"floor":8,"key":"Pen Nib"},{"floor":9,"key":"Happy Flower"},{"floor":10,"key":"Whetstone"},{"floor":14,"key":"Toxic Egg 2"},{"floor":25,"key":"Meat on the Bone"},{"floor":26,"key":"Frozen Egg 2"},{"floor":30,"key":"War Paint"},{"floor":38,"key":"Bird Faced Urn"},{"floor":40,"key":"Darkstone Periapt"},{"floor":42,"key":"Vajra"},{"floor":43,"key":"Potion Belt"},{"floor":48,"key":"Bag of Preparation"}],"event_choices":[{"event_name":"Match and Keep!","player_choice":"2 cards matched","floor":5,"damage_taken":0},{"event_name":"The Cleric","player_choice":"Healed","floor":12,"damage_taken":0},{"event_name":"Duplicator","player_choice":"One dupe","floor":24,"damage_taken":0},{"event_name":"Vampires","player_choice":"Became a vampire","floor":28,"damage_taken":0},{"event_name":"MindBloom","player_choice":"Fight","floor":38,"damage_taken":0},{"event_name":"Fountain of Cleansing","player_choice":"Removed Curse","floor":39,"damage_taken":0}],"boss_relics":[{"not_picked":["Calling Bell","Philosopher\u0027s Stone"],"picked":"Cursed Key"},{"not_picked":["Runic Pyramid","Astrolabe"],"picked":"Busted Crown"}],"items_purged_floors":[19,21,36],"is_endless":false,"potions_floor_spawned":[1,4,10,13,22,29,31,38,40,42,46,47],"seed_played":"-5246307542433636737","ascension_level":2,"potions_obtained":[{"floor":1,"key":"PowerPotion"},{"floor":4,"key":"LiquidBronze"},{"floor":10,"key":"Swift Potion"},{"floor":13,"key":"PowerPotion"},{"floor":31,"key":"FearPotion"},{"floor":42,"key":"EssenceOfSteel"},{"floor":46,"key":"Ancient Potion"},{"floor":47,"key":"Regen Potion"}],"is_trial":false}