{"gold_per_floor":[114,129,129,144,159,189,189,41,91,91,121,136,136,151,151,251,251,266,281,281,296,296,296,311,311,311,341,356,356,57,72,72,172,172,187,202,202,202,52,82,82,112,112,21,36,36,66,66,66,66],"floor_reached":51,"playtime":2065,"items_purged":[],"score":1265,"play_id":"7d4526ec-904c-4fad-8553-b3ae7b444d69","local_time":"20180902175330","daily_mods":["Diverse","Terminal","Hoarder"],"is_ascension_mode":false,"campfire_choices":[{"data":"Dagger Spray","floor":7,"key":"SMITH"},{"data":"Feed","floor":13,"key":"SMITH"},{"data":"Feed","floor":15,"key":"SMITH"},{"data":"Feed","floor":23,"key":"SMITH"},{"data":"Neutralize","floor":25,"key":"SMITH"},{"data":"Hyperbeam","floor":32,"key":"SMITH"},{"floor":46,"key":"REST"},{"floor":49,"key":"REST"}],"neow_cost":"","seed_source_timestamp":0,"circlet_count":0,"master_deck":["Defend_G","Defend_G","Defend_G","Defend_G","Defend_G","Strike_G","Strike_G","Strike_G","Survivor","Neutralize+1","Dagger Spray+1","Dagger Spray","Dagger Spray","Sucker Punch","Sucker Punch","Sucker Punch","Cloak And Dagger","Cloak And Dagger","Cloak And Dagger","True Grit","True Grit","True Grit","Ball Lightning","Ball Lightning","Ball Lightning","Hyperbeam+1","Hyperbeam","Hyperbeam","Seek","Seek","Seek","Feed+1","Feed+1","Feed+1","Leap","Leap","Leap","Immolate","Immolate","Immolate","Dodge and Roll+1","Dodge and Roll+1","Dodge and Roll+1","Perfected Strike","Perfected Strike","Seek","Seek","Seek","Poisoned Stab+1","Poisoned Stab+1","Poisoned Stab+1","BootSequence","BootSequence","BootSequence","Havoc+1","Havoc+1","Havoc+1","Shrug It Off+1","Shrug It Off+1","Shrug It Off+1","Creative AI","Creative AI","Creative AI","Exhume+1","Exhume+1","Exhume+1","Dash+1","Dash+1","Dash+1","Hologram+1","Hologram+1","Hologram+1","Blur+1","Blur+1","Blur+1","Poisoned Stab+1","Poisoned Stab+1","Poisoned Stab+1","Stack+1","Stack+1","Stack+1","Mind Blast","Mind Blast","Mind Blast","Purity+1","Purity+1","Purity+1","Impatience+1","Impatience+1","Impatience+1","Noxious Fumes+1","Noxious Fumes+1","Noxious Fumes+1","Leap+1","Leap+1","Leap+1","Corruption+1","Corruption+1","Corruption+1","Aggregate+1","Aggregate+1","Aggregate+1","Metallicize+1","Metallicize+1","Metallicize+1","Madness+1","Madness+1","Madness+1","Madness+1","Madness+1","Madness+1"],"special_seed":17776,"relics":["Ring of the Snake","Dodecahedron","Bronze Scales","Ornamental Fan","Velvet Choker","Shuriken","Thread and Needle","Snake Skull","Toxic Egg 2","Orrery","Nunchaku","Bag of Marbles","Ancient Tea Set","Frozen Egg 2","Mummified Hand","Question Card"],"potions_floor_usage":[6,16,21,24,27,33,33,40],"damage_taken":[{"damage":0,"enemies":"Small Slimes","floor":1,"turns":5},{"damage":0,"enemies":"2 Louse","floor":2,"turns":1},{"damage":0,"enemies":"Cultist","floor":4,"turns":3},{"damage":0,"enemies":"Blue Slaver","floor":5,"turns":3},{"damage":0,"enemies":"Lagavulin","floor":6,"turns":8},{"damage":0,"enemies":"3 Sentries","floor":11,"turns":2},{"damage":0,"enemies":"2 Fungi Beasts","floor":12,"turns":2},{"damage":0,"enemies":"Lots of Slimes","floor":14,"turns":1},{"damage":0,"enemies":"Hexaghost","floor":16,"turns":9},{"damage":0,"enemies":"Shell Parasite","floor":18,"turns":3},{"damage":0,"enemies":"Chosen","floor":19,"turns":4},{"damage":0,"enemies":"Centurion and Healer","floor":21,"turns":6},{"damage":0,"enemies":"Snecko","floor":24,"turns":3},{"damage":0,"enemies":"Book of Stabbing","floor":27,"turns":4},{"damage":0,"enemies":"Snake Plant","floor":28,"turns":2},{"damage":0,"enemies":"Shelled Parasite and Fungi","floor":31,"turns":2},{"damage":0,"enemies":"Collector","floor":33,"turns":11},{"damage":2,"enemies":"Orb Walker","floor":35,"turns":4},{"damage":0,"enemies":"3 Shapes","floor":36,"turns":4},{"damage":0,"enemies":"Mind Bloom Boss Battle","floor":38,"turns":7},{"damage":5,"enemies":"Giant Head","floor":40,"turns":8},{"damage":0,"enemies":"2 Orb Walkers","floor":42,"turns":1},{"damage":0,"enemies":"Spire Growth","floor":45,"turns":1},{"damage":0,"enemies":"Giant Head","floor":47,"turns":1},{"damage":0,"enemies":"Time Eater","floor":50,"turns":1}],"seed_played":"7770520436414535672","potions_obtained":[{"floor":2,"key":"SteroidPotion"},{"floor":11,"key":"Block Potion"},{"floor":14,"key":"Energy Potion"},{"floor":16,"key":"GhostInAJar"},{"floor":19,"key":"AttackPotion"},{"floor":21,"key":"FairyPotion"},{"floor":27,"key":"Fire Potion"},{"floor":31,"key":"AttackPotion"},{"floor":36,"key":"AttackPotion"},{"floor":40,"key":"PowerPotion"},{"floor":47,"key":"Poison Potion"}],"is_trial":false,"path_per_floor":["M","M","$","M","M","E","R","$","T","?","E","M","R","M","R","B",null,"M","M","$","M","?","R","M","R","T","E","M","?","$","M","R","B",null,"M","M","?","?","$","E","?","E","T","$","M","R","E","?","R","B"],"character_chosen":"THE_SILENT","items_purchased":["Hyperbeam","Toxic Egg 2","Shrug It Off+1","Bag of Marbles","Leap+1","Corruption+1"],"campfire_rested":2,"item_purchase_floors":[8,30,30,39,44,44],"current_hp_per_floor":[68,67,66,65,64,63,62,61,60,59,58,60,59,61,60,59,58,57,56,55,61,60,59,62,61,60,59,62,61,60,63,62,61,60,62,70,69,72,71,66,56,56,56,56,56,64,63,55,61,60],"gold":66,"neow_bonus":"","is_prod":false,"is_daily":true,"chose_seed":false,"campfire_upgraded":6,"win_rate":0,"timestamp":1535903610,"path_taken":["M","M","$","M","M","E","R","$","T","?","E","M","R","M","R","BOSS","M","M","$","M","?","R","M","R","T","E","M","?","?","M","R","BOSS","M","M","?","?","$","E","?","E","T","$","?","R","E","?","R","BOSS"],"build_version":"2018-08-30","purchased_purges":0,"victory":true,"max_hp_per_floor":[68,67,66,65,64,63,62,61,60,59,58,60,59,61,60,59,58,57,56,55,61,60,59,62,61,60,59,62,61,60,63,62,61,60,63,70,69,72,71,70,69,68,67,66,65,64,63,62,61,60],"card_choices":[{"not_picked":["Rupture","Clash"],"picked":"Dagger Spray","floor":1},{"not_picked":["Chaos","Blade Dance"],"picked":"Sucker Punch","floor":2},{"not_picked":["Force Field","Clothesline"],"picked":"Cloak And Dagger","floor":4},{"not_picked":["Tactician","Beam Cell"],"picked":"True Grit","floor":5},{"not_picked":["Flame Barrier","Rampage"],"picked":"Ball Lightning","floor":6},{"not_picked":["Double Energy","Headbutt"],"picked":"Feed","floor":11},{"not_picked":["Eviscerate","Bane","Blade Dance"],"picked":"SKIP","floor":12},{"not_picked":["Warcry","Sword Boomerang"],"picked":"Leap","floor":14},{"not_picked":["Tools of the Trade","After Image"],"picked":"Immolate","floor":16},{"not_picked":["Concentrate","Sever Soul","Leap"],"picked":"SKIP","floor":18},{"not_picked":["Steam","Infinite Blades+1"],"picked":"Dodge and Roll+1","floor":19},{"not_picked":["Redo+1","Underhanded Strike"],"picked":"Perfected Strike","floor":21},{"not_picked":["Cold Snap","Barrage"],"picked":"Poisoned Stab+1","floor":24},{"not_picked":["Stack","Barrage"],"picked":"BootSequence","floor":27},{"not_picked":["Clothesline","Second Wind+1"],"picked":"Havoc+1","floor":28},{"not_picked":["Body Slam+1","PiercingWail+1"],"picked":"Creative AI","floor":31},{"not_picked":["Meteor Strike","Fiend Fire"],"picked":"Exhume+1","floor":33},{"not_picked":["Cold Snap","Steam+1"],"picked":"Dash+1","floor":34},{"not_picked":["Endless Agony","Entrench+1"],"picked":"Hologram+1","floor":34},{"not_picked":["Rebound","Armaments+1"],"picked":"Blur+1","floor":34},{"not_picked":["Outmaneuver+1","Battle Trance+1","Flying Knee+1"],"picked":"SKIP","floor":35},{"not_picked":["Deflect+1","Inflame","Chill+1"],"picked":"SKIP","floor":36},{"not_picked":["Havoc+1","Sword Boomerang"],"picked":"Poisoned Stab+1","floor":38},{"not_picked":["After Image","Steam+1"],"picked":"Stack+1","floor":40},{"not_picked":["Swift Strike","Madness+1"],"picked":"Mind Blast","floor":41},{"not_picked":["Mayhem","PanicButton+1"],"picked":"Purity+1","floor":41},{"not_picked":["Swift Strike","Flash of Steel"],"picked":"Impatience+1","floor":41},{"not_picked":["Doom and Gloom+1","Tempest+1"],"picked":"Noxious Fumes+1","floor":42},{"not_picked":["Body Slam+1","Combust+1"],"picked":"Aggregate+1","floor":45},{"not_picked":["Flex+1","Heatsinks+1"],"picked":"Metallicize+1","floor":47}],"player_experience":1372958,"relics_obtained":[{"floor":6,"key":"Dodecahedron"},{"floor":9,"key":"Bronze Scales"},{"floor":11,"key":"Ornamental Fan"},{"floor":26,"key":"Shuriken"},{"floor":27,"key":"Thread and Needle"},{"floor":38,"key":"Nunchaku"},{"floor":40,"key":"Ancient Tea Set"},{"floor":42,"key":"Frozen Egg 2"},{"floor":43,"key":"Mummified Hand"},{"floor":47,"key":"Question Card"}],"event_choices":[{"event_name":"Living Wall","player_choice":"Change","floor":10,"damage_taken":0},{"event_name":"Transmorgrifier","player_choice":"Transform","floor":22,"damage_taken":0},{"event_name":"WeMeetAgain","player_choice":"Potion","floor":29,"damage_taken":0},{"event_name":"Falling","player_choice":"Removed Attack","floor":37,"damage_taken":0},{"event_name":"MindBloom","player_choice":"Fight","floor":38,"damage_taken":0},{"event_name":"SensoryStone","player_choice":"Memory 3","floor":41,"damage_taken":0},{"event_name":"Winding Halls","player_choice":"Embrace Madness","floor":48,"damage_taken":0}],"is_beta":false,"boss_relics":[{"not_picked":["WristBlade","Cursed Key"],"picked":"Velvet Choker"},{"not_picked":["HoveringKite","Fusion Hammer"],"picked":"Orrery"}],"items_purged_floors":[],"is_endless":false,"potions_floor_spawned":[2,11,14,16,19,21,27,31,36,40,47],"ascension_level":0}