{"gold_per_floor":[118,138,158,178,178,178,188,215,215,215,228,257,257,276,276,376,376,393,42,61,61,79,79,98,98,98,132,152,152,171,189,189,285,285,301,312,329,345,71,71,71],"floor_reached":41,"playtime":4758,"items_purged":[],"score":686,"play_id":"579849a2-56e4-4618-8891-5580793c1eb2","local_time":"20180802021625","is_ascension_mode":true,"campfire_choices":[{"data":"Dodge and Roll","floor":6.0,"key":"SMITH"},{"data":"A Thousand Cuts","floor":10.0,"key":"SMITH"},{"data":"Noxious Fumes","floor":13.0,"key":"SMITH"},{"data":"Caltrops","floor":15.0,"key":"SMITH"},{"data":"Noxious Fumes","floor":23,"key":"SMITH"},{"data":"Blur","floor":25,"key":"SMITH"},{"data":"Strike_G","floor":29,"key":"SMITH"},{"data":"Crippling Poison","floor":32,"key":"SMITH"},{"data":"Footwork","floor":40,"key":"SMITH"}],"neow_cost":"NONE","seed_source_timestamp":0,"circlet_count":0,"master_deck":["Defend_G+1","Defend_G","Defend_G","Defend_G","Defend_G","Strike_G+1","Strike_G","Strike_G","Strike_G","Survivor","Neutralize+1","Dodge and Roll+1","Caltrops+1","Blur+1","Leg Sweep+1","A Thousand Cuts+1","Noxious Fumes+1","Well Laid Plans","After Image","Well Laid Plans","Noxious Fumes+1","Distraction+1","Blur+1","PiercingWail","After Image","Crippling Poison+1","Dodge and Roll","Die Die Die","Footwork+1","Poisoned Stab+1","Cloak And Dagger+1","Cloak And Dagger+1","Poisoned Stab","Poisoned Stab","Leg Sweep","Footwork+1"],"special_seed":0,"relics":["Ring of the Snake","War Paint","Ninja Scroll","Strawberry","Coffee Dripper","Blood Vial","Medical Kit","Dream Catcher","Prayer Wheel","HoveringKite","Bronze Scales"],"potions_floor_usage":[16,16,28,31,37,38],"damage_taken":[{"damage":5.0,"enemies":"Small Slimes","floor":1.0,"turns":7.0},{"damage":0.0,"enemies":"2 Louse","floor":2.0,"turns":6.0},{"damage":1.0,"enemies":"Cultist","floor":3.0,"turns":6.0},{"damage":0.0,"enemies":"Looter","floor":4.0,"turns":5.0},{"damage":1.0,"enemies":"Red Slaver","floor":7.0,"turns":6.0},{"damage":6.0,"enemies":"Lagavulin","floor":8.0,"turns":11.0},{"damage":2.0,"enemies":"Gremlin Gang","floor":11.0,"turns":3.0},{"damage":2.0,"enemies":"3 Sentries","floor":12.0,"turns":5.0},{"damage":0.0,"enemies":"3 Louse","floor":14.0,"turns":4.0},{"damage":1,"enemies":"The Guardian","floor":16,"turns":9},{"damage":0,"enemies":"3 Byrds","floor":18,"turns":4},{"damage":2,"enemies":"Chosen","floor":20,"turns":5},{"damage":6,"enemies":"Centurion and Healer","floor":22,"turns":9},{"damage":4,"enemies":"Chosen and Byrds","floor":24,"turns":6},{"damage":0,"enemies":"Gremlin Leader","floor":27,"turns":7},{"damage":0,"enemies":"Slaver and Parasite","floor":28,"turns":6},{"damage":0,"enemies":"Snecko","floor":30,"turns":7},{"damage":3,"enemies":"3 Cultists","floor":31,"turns":4},{"damage":33,"enemies":"Collector","floor":33,"turns":10},{"damage":0,"enemies":"3 Shapes","floor":35,"turns":5},{"damage":0,"enemies":"Orb Walker","floor":36,"turns":5},{"damage":39,"enemies":"3 Darklings","floor":37,"turns":8},{"damage":16,"enemies":"4 Shapes","floor":38,"turns":6},{"damage":25,"enemies":"Transient","floor":41,"turns":2}],"seed_played":"-470946116243182851","potions_obtained":[{"floor":1.0,"key":"Block Potion"},{"floor":4.0,"key":"Dexterity Potion"},{"floor":7.0,"key":"LiquidBronze"},{"floor":8.0,"key":"LiquidBronze"},{"floor":14.0,"key":"Swift Potion"},{"floor":18,"key":"Swift Potion"},{"floor":20,"key":"PowerPotion"},{"floor":22,"key":"GhostInAJar"},{"floor":30,"key":"Strength Potion"},{"floor":31,"key":"Strength Potion"},{"floor":37,"key":"Fire Potion"}],"is_trial":false,"path_per_floor":["M","M","M","M","?","R","M","E","T","R","M","E","R","M","R","B",null,"M","$","M","?","M","R","M","R","T","E","M","R","M","M","R","B",null,"M","M","M","M","$","R"],"character_chosen":"THE_SILENT","items_purchased":["Blood Vial","Medical Kit","Leg Sweep","Bronze Scales","Footwork"],"campfire_rested":0,"item_purchase_floors":[19,19,39,39,39],"current_hp_per_floor":[58,58,57,57,57,57,56,50,50,50,48,53,53,53,53,52,71,71,71,71,71,67,67,65,65,65,67,69,69,71,70,70,39,68,70,72,35,21,21,21,0],"gold":71,"neow_bonus":"UPGRADE_CARD","is_prod":false,"is_daily":false,"chose_seed":false,"campfire_upgraded":9,"win_rate":0,"timestamp":1533168985,"path_taken":["M","M","M","M","?","R","M","E","T","R","M","E","R","M","R","BOSS","M","$","M","?","M","R","?","R","T","E","M","R","M","M","R","BOSS","M","?","M","M","$","R","M"],"build_version":"2018-07-31","purchased_purges":0,"victory":false,"max_hp_per_floor":[70,70,70,70,70,70,70,70,70,70,70,77,77,77,77,77,77,77,77,77,77,77,77,77,77,77,77,77,77,77,77,77,77,77,77,77,77,77,77,77,77],"card_choices":[{"not_picked":["Eviscerate","Underhanded Strike"],"picked":"Dodge and Roll","floor":1.0},{"not_picked":["Acrobatics","All Out Attack","Blade Dance"],"picked":"SKIP","floor":2.0},{"not_picked":["Reflex","Flying Knee"],"picked":"Caltrops","floor":3.0},{"not_picked":["Deflect","Flying Knee"],"picked":"Blur","floor":4.0},{"not_picked":["Masterful Stab","All Out Attack"],"picked":"Leg Sweep","floor":7.0},{"not_picked":["Cloak And Dagger","Deflect"],"picked":"A Thousand Cuts","floor":8.0},{"not_picked":["Deadly Poison","Acrobatics"],"picked":"Noxious Fumes","floor":11.0},{"not_picked":["Slice","Outmaneuver","Deadly Poison"],"picked":"SKIP","floor":12.0},{"not_picked":["Infinite Blades","Outmaneuver"],"picked":"Well Laid Plans","floor":14.0},{"not_picked":["Malaise","Wraith Form v2"],"picked":"After Image","floor":16},{"not_picked":["Bane","Infinite Blades"],"picked":"Well Laid Plans","floor":18},{"not_picked":["Slice+1","Concentrate"],"picked":"Noxious Fumes","floor":20},{"not_picked":["Acrobatics","Riddle With Holes+1"],"picked":"Distraction+1","floor":22},{"not_picked":["Bouncing Flask","Deflect"],"picked":"Blur+1","floor":24},{"not_picked":["Wraith Form v2","All Out Attack","Deflect"],"picked":"SKIP","floor":27},{"not_picked":["Eviscerate","Endless Agony"],"picked":"PiercingWail","floor":28},{"not_picked":["All Out Attack","Deadly Poison","Prepared"],"picked":"SKIP","floor":28},{"not_picked":["Slice","Leg Sweep"],"picked":"After Image","floor":30},{"not_picked":["All Out Attack+1","Acrobatics"],"picked":"Crippling Poison","floor":30},{"not_picked":["Endless Agony+1","Eviscerate+1"],"picked":"Dodge and Roll","floor":31},{"not_picked":["Deflect","Eviscerate","Finisher+1"],"picked":"SKIP","floor":31},{"not_picked":["Glass Knife","Night Terror"],"picked":"Die Die Die","floor":33},{"not_picked":["Dodge and Roll+1","Cloak And Dagger"],"picked":"Footwork+1","floor":35},{"not_picked":["Sucker Punch+1","Outmaneuver+1"],"picked":"Poisoned Stab+1","floor":35},{"not_picked":["Quick Slash","Bullet Time"],"picked":"Cloak And Dagger+1","floor":36},{"not_picked":["Bane","Deadly Poison+1","Well Laid Plans"],"picked":"SKIP","floor":36},{"not_picked":["Slice","Bouncing Flask"],"picked":"Cloak And Dagger+1","floor":37},{"not_picked":["Dagger Throw","Deadly Poison+1","Calculated Gamble"],"picked":"SKIP","floor":37},{"not_picked":["Slice","Dagger Spray"],"picked":"Poisoned Stab","floor":38},{"not_picked":["Flying Knee","Slice+1"],"picked":"Poisoned Stab","floor":38}],"player_experience":367465,"relics_obtained":[{"floor":8.0,"key":"War Paint"},{"floor":9.0,"key":"Ninja Scroll"},{"floor":12.0,"key":"Strawberry"},{"floor":26,"key":"Dream Catcher"},{"floor":27,"key":"Prayer Wheel"}],"event_choices":[{"event_name":"Liars Game","player_choice":"disagreed","floor":5.0,"damage_taken":0.0},{"event_name":"Purifier","player_choice":"One Purge","floor":21,"damage_taken":0}],"is_beta":true,"boss_relics":[{"not_picked":["Ring of the Serpent","Empty Cage"],"picked":"Coffee Dripper"},{"not_picked":["Velvet Choker","Runic Pyramid"],"picked":"HoveringKite"}],"items_purged_floors":[],"is_endless":false,"potions_floor_spawned":[1,4,7,8,14,18,20,22,30,31,36,37],"killed_by":"Transient","ascension_level":9}