{"gold_per_floor":[210,210,228,244,259,259,290,290,290,290,309,309,320,337,337,337],"floor_reached":16,"playtime":700,"items_purged":[],"score":151,"play_id":"cd4560e5-b2db-4ee4-a918-b3e776159a26","local_time":"20180730160151","is_ascension_mode":true,"campfire_choices":[{"floor":6,"key":"REST"},{"data":"Bash","floor":8,"key":"SMITH"},{"data":"Whirlwind","floor":12,"key":"SMITH"},{"floor":15,"key":"REST"}],"neow_cost":"NONE","seed_source_timestamp":426451343019500,"circlet_count":0,"master_deck":["Strike_R","Strike_R","Strike_R","Defend_R","Defend_R","Defend_R","Defend_R","Bash+1","Ghostly Armor","Carnage","Pommel Strike","Disarm","Sword Boomerang","Whirlwind+1","Shrug It Off","True Grit","Flex"],"relics":["Burning Blood","Art of War","Molten Egg 2"],"potions_floor_usage":[4,7,13],"damage_taken":[{"damage":15,"enemies":"Small Slimes","floor":1,"turns":3},{"damage":0,"enemies":"Cultist","floor":3,"turns":3},{"damage":7,"enemies":"Jaw Worm","floor":4,"turns":2},{"damage":22,"enemies":"Gremlin Gang","floor":5,"turns":8},{"damage":27,"enemies":"Gremlin Nob","floor":7,"turns":4},{"damage":12,"enemies":"Blue Slaver","floor":11,"turns":4},{"damage":10,"enemies":"Large Slime","floor":13,"turns":4},{"damage":0,"enemies":"3 Louse","floor":14,"turns":1},{"damage":69,"enemies":"Hexaghost","floor":16,"turns":14}],"seed_played":"2539910274944435104","potions_obtained":[{"floor":3,"key":"SkillPotion"},{"floor":4,"key":"GamblersBrew"},{"floor":5,"key":"Explosive Potion"}],"is_trial":false,"path_per_floor":["M","?","M","M","M","R","E","R","T","?","M","R","M","M","R"],"character_chosen":"IRONCLAD","items_purchased":[],"campfire_rested":2,"item_purchase_floors":[],"current_hp_per_floor":[63,63,69,68,52,76,55,55,55,48,42,42,38,44,68,0],"gold":337,"neow_bonus":"HUNDRED_GOLD","is_prod":false,"is_daily":false,"chose_seed":false,"campfire_upgraded":2,"win_rate":0,"timestamp":1532980911,"path_taken":["M","?","?","M","M","R","E","R","T","?","M","R","M","M","R","BOSS"],"build_version":"2018-07-26","purchased_purges":0,"victory":false,"max_hp_per_floor":[80,80,80,80,80,80,80,80,80,80,80,80,80,80,80,80],"card_choices":[{"not_picked":["Havoc","Flex"],"picked":"Ghostly Armor","floor":1},{"not_picked":["Sentinel","Perfected Strike"],"picked":"Pommel Strike","floor":3},{"not_picked":["Wild Strike","Clothesline"],"picked":"Disarm","floor":4},{"not_picked":["Combust","Wild Strike"],"picked":"Sword Boomerang","floor":5},{"not_picked":["Warcry","Disarm"],"picked":"Whirlwind","floor":7},{"not_picked":["Hemokinesis+1","Headbutt+1"],"picked":"Shrug It Off","floor":11},{"not_picked":["Heavy Blade+1","Cleave+1"],"picked":"True Grit","floor":13},{"not_picked":["Sword Boomerang+1","Ghostly Armor"],"picked":"Flex","floor":14}],"player_experience":1372687,"relics_obtained":[{"floor":7,"key":"Art of War"},{"floor":9,"key":"Molten Egg 2"}],"event_choices":[{"event_name":"Transmorgrifier","player_choice":"Transform","floor":2,"damage_taken":0},{"event_name":"Golden Wing","player_choice":"Card Removal","floor":10,"damage_taken":0}],"is_beta":false,"boss_relics":[],"items_purged_floors":[],"is_endless":false,"potions_floor_spawned":[3,4,5],"killed_by":"Hexaghost","ascension_level":9}