{"gold_per_floor":[113,113,10,30,30,30,56,56,56,56,66,85,85,85,85,159,159,177,177,124,124,144,144,57,76,76,76,93,34,34,51,51,51],"floor_reached":33,"playtime":994,"items_purged":["Strike_R"],"score":450,"play_id":"14083dde-00c5-4132-830d-848cc9a0a16d","local_time":"20190212214715","is_ascension_mode":true,"campfire_choices":[{"data":"Bash","floor":6.0,"key":"SMITH"},{"data":"Armaments","floor":8.0,"key":"SMITH"},{"data":"1","floor":10.0,"key":"LIFT"},{"data":"2","floor":13.0,"key":"LIFT"},{"data":"3","floor":15.0,"key":"LIFT"},{"data":"Perfected Strike","floor":23,"key":"SMITH"},{"floor":32,"key":"REST"}],"neow_cost":"NONE","seed_source_timestamp":804323838594768,"circlet_count":0,"master_deck":["AscendersBane","Strike_R+1","Strike_R+1","Strike_R+1","Strike_R+1","Defend_R+1","Defend_R+1","Defend_R+1","Defend_R+1","Bash+1","Shrug It Off","Twin Strike","Iron Wave","Armaments+1","Perfected Strike+1","Disarm","Feed","Perfected Strike","Metallicize","Whirlwind","Flame Barrier","Pommel Strike","Cleave"],"special_seed":0,"relics":["Burning Blood","Bag of Preparation","Strawberry","Girya","Mummified Hand","Sozu","PreservedInsect"],"potions_floor_usage":[22,22],"damage_taken":[{"damage":9.0,"enemies":"2 Louse","floor":1.0,"turns":3.0},{"damage":12.0,"enemies":"Jaw Worm","floor":4.0,"turns":2.0},{"damage":32.0,"enemies":"Gremlin Nob","floor":7.0,"turns":4.0},{"damage":16.0,"enemies":"Small Slimes","floor":11.0,"turns":4.0},{"damage":6.0,"enemies":"Looter","floor":12.0,"turns":2.0},{"damage":18.0,"enemies":"Hexaghost","floor":16.0,"turns":9.0},{"damage":10.0,"enemies":"3 Byrds","floor":18.0,"turns":7.0},{"damage":0,"enemies":"Chosen","floor":22,"turns":2},{"damage":17,"enemies":"Centurion and Healer","floor":25,"turns":5},{"damage":12,"enemies":"Sentry and Sphere","floor":28,"turns":6},{"damage":19,"enemies":"Shelled Parasite and Fungi","floor":31,"turns":5},{"damage":95,"enemies":"Collector","floor":33,"turns":7}],"seed_played":"-10550328360629528","potions_obtained":[{"floor":7.0,"key":"SteroidPotion"},{"floor":11.0,"key":"AttackPotion"},{"floor":16.0,"key":"Ancient Potion"}],"is_trial":false,"path_per_floor":["M","?","$","M","$","R","E","R","T","R","M","M","R","T","R","B",null,"M","?","$","?","M","R","$","M","T","?","M","$","?","M","R","B"],"character_chosen":"IRONCLAD","items_purchased":["Twin Strike","Perfected Strike","Flame Barrier","Pommel Strike"],"campfire_rested":1,"item_purchase_floors":[3,20,24,29],"current_hp_per_floor":[65,75,75,69,69,69,50,50,50,50,40,40,40,40,40,28,69,69,69,69,69,78,78,78,67,67,67,61,61,61,52,79,0],"gold":51,"neow_bonus":"RANDOM_COMMON_RELIC","is_prod":false,"is_daily":false,"chose_seed":false,"campfire_upgraded":3,"win_rate":0,"timestamp":1550026035,"path_taken":["M","?","$","M","?","R","E","R","T","R","M","M","R","?","R","BOSS","M","?","$","?","M","R","?","M","T","?","M","$","?","M","R","BOSS"],"build_version":"2019-01-23","purchased_purges":1,"victory":false,"max_hp_per_floor":[75,75,75,75,75,75,82,82,82,82,82,82,82,82,82,82,82,86,86,86,86,89,89,89,89,89,89,89,89,89,93,93,93],"card_choices":[{"not_picked":["Cleave","Pommel Strike"],"picked":"Shrug It Off","floor":1.0},{"not_picked":["Seeing Red","Rupture"],"picked":"Iron Wave","floor":4.0},{"not_picked":["Shockwave","Thunderclap"],"picked":"Armaments","floor":7.0},{"not_picked":["Anger","Flex"],"picked":"Perfected Strike","floor":11.0},{"not_picked":["Dual Wield","Wild Strike"],"picked":"Disarm","floor":12.0},{"not_picked":["Dark Embrace","Exhume"],"picked":"Feed","floor":16.0},{"not_picked":["Armaments","Second Wind+1","Flex"],"picked":"SKIP","floor":18.0},{"not_picked":["Iron Wave","True Grit+1"],"picked":"Whirlwind","floor":22},{"not_picked":["Reckless Charge","Body Slam+1","True Grit"],"picked":"SKIP","floor":25},{"not_picked":["Reckless Charge","Armaments","Rampage"],"picked":"SKIP","floor":28},{"not_picked":["Hemokinesis","Flex"],"picked":"Cleave","floor":31}],"player_experience":2421749,"relics_obtained":[{"floor":7.0,"key":"Strawberry"},{"floor":9.0,"key":"Girya"},{"floor":14.0,"key":"Mummified Hand"},{"floor":26,"key":"PreservedInsect"}],"event_choices":[{"damage_healed":25.0,"max_hp_gain":0.0,"max_hp_loss":0.0,"gold_gain":0.0,"event_name":"Big Fish","player_choice":"Banana","floor":2.0,"gold_loss":0.0,"damage_taken":0.0},{"damage_healed":0.0,"max_hp_gain":0.0,"max_hp_loss":0.0,"gold_gain":0.0,"event_name":"Back to Basics","player_choice":"Simplicity","floor":19.0,"gold_loss":0.0,"damage_taken":0.0,"cards_upgraded":["Strike_R","Strike_R","Strike_R","Strike_R","Defend_R","Defend_R","Defend_R","Defend_R"]},{"damage_healed":0.0,"max_hp_gain":0.0,"max_hp_loss":0.0,"gold_gain":0.0,"event_name":"The Library","player_choice":"Read","floor":21.0,"gold_loss":0.0,"damage_taken":0.0,"cards_obtained":["Metallicize"]},{"damage_healed":0,"gold_gain":0,"player_choice":"Ignored","damage_taken":0,"max_hp_gain":0,"max_hp_loss":0,"event_name":"Vampires","floor":27,"gold_loss":0}],"is_beta":false,"boss_relics":[{"not_picked":["Pandora\u0027s Box","Black Blood"],"picked":"Sozu"}],"items_purged_floors":[3],"is_endless":false,"potions_floor_spawned":[7,11,16,25],"killed_by":"Collector","ascension_level":17}