{"gold_per_floor":[114,129,142,155,31,31,31,31,81,81,121,139,163,201,201,329,329,342,342,257,257,257,257,257,291,339,354,374,413,413,34,34,155,155,173,198,198,217,231,264,264,264,264,264,264,264,264,277,277,277],"floor_reached":50,"playtime":2794,"items_purged":["Bash"],"score":875,"play_id":"04139104-070e-482b-a5d9-24d5b89e4224","local_time":"20180709220706","is_ascension_mode":true,"campfire_choices":[{"data":"Perfected Strike","floor":6,"key":"SMITH"},{"floor":8,"key":"REST"},{"data":"Perfected Strike","floor":10,"key":"SMITH"},{"floor":15,"key":"REST"},{"data":"Shockwave","floor":24,"key":"SMITH"},{"data":"Pommel Strike","floor":30,"key":"SMITH"},{"data":"Disarm","floor":32,"key":"SMITH"},{"data":"Armaments","floor":41,"key":"SMITH"},{"data":"Bandage Up","floor":45,"key":"SMITH"},{"data":"Shockwave","floor":49,"key":"SMITH"}],"neow_cost":"FIFTY_PERCENT_DAMAGE","seed_source_timestamp":1124246209920015,"circlet_count":0,"master_deck":["Strike_R","Strike_R","Strike_R","Strike_R","Strike_R","Defend_R","Defend_R","Defend_R","Defend_R","Perfected Strike+1","Perfected Strike+1","Pommel Strike+1","Shockwave+1","Pommel Strike+1","True Grit+1","Disarm+1","Double Tap","Exhume","Armaments+1","Armaments+1","Evolve+1","Shockwave+1","Madness","Madness","Magnetism","Magnetism","Bandage Up+1","Wild Strike+1"],"relics":["Burning Blood","Magic Flower","Golden Idol","Lantern","Happy Flower","Centennial Puzzle","Velvet Choker","Juzu Bracelet","Blood Vial","Ice Cream","Potion Belt","Red Mask","Shuriken","Coffee Dripper","Bird Faced Urn","Ancient Tea Set","Gremlin Horn","Smiling Mask"],"potions_floor_usage":[4,16,16,25,33,33,33,36,50,50,50,50],"damage_taken":[{"damage":4,"enemies":"2 Louse","floor":1,"turns":4},{"damage":3,"enemies":"Small Slimes","floor":2,"turns":3},{"damage":0,"enemies":"Cultist","floor":3,"turns":2},{"damage":23,"enemies":"Exordium Thugs","floor":4,"turns":4},{"damage":22,"enemies":"3 Sentries","floor":11,"turns":6},{"damage":8,"enemies":"3 Louse","floor":12,"turns":3},{"damage":8,"enemies":"Blue Slaver","floor":13,"turns":3},{"damage":40,"enemies":"Lagavulin","floor":14,"turns":4},{"damage":41,"enemies":"Hexaghost","floor":16,"turns":7},{"damage":1,"enemies":"Spheric Guardian","floor":18,"turns":3},{"damage":20,"enemies":"Book of Stabbing","floor":25,"turns":3},{"damage":3,"enemies":"Chosen","floor":27,"turns":2},{"damage":12,"enemies":"Slaver and Parasite","floor":28,"turns":4},{"damage":14,"floor":29,"turns":4},{"damage":2,"enemies":"Champ","floor":33,"turns":11},{"damage":3,"enemies":"Orb Walker","floor":35,"turns":3},{"damage":0,"enemies":"Flame Bruiser 1 Orb","floor":36,"turns":5},{"damage":9,"floor":37,"turns":5},{"damage":7,"enemies":"Spire Growth","floor":38,"turns":3},{"damage":48,"enemies":"4 Shapes","floor":39,"turns":4},{"damage":25,"enemies":"Giant Head","floor":40,"turns":7},{"damage":30,"enemies":"Transient","floor":48,"turns":5},{"damage":81,"enemies":"Time Eater","floor":50,"turns":9}],"seed_played":"1909825488737530984","potions_obtained":[{"floor":2,"key":"GamblersBrew"},{"floor":4,"key":"Ancient Potion"},{"floor":12,"key":"Poison Potion"},{"floor":14,"key":"Regen Potion"},{"floor":19,"key":"EssenceOfSteel"},{"floor":19,"key":"Weak Potion"},{"floor":25,"key":"SpeedPotion"},{"floor":28,"key":"PowerPotion"},{"floor":33,"key":"AttackPotion"},{"floor":36,"key":"Ancient Potion"},{"floor":37,"key":"Swift Potion"},{"floor":40,"key":"SpeedPotion"}],"is_trial":false,"path_per_floor":["M","M","M","M","$","R","?","R","T","R","E","M","M","E","R","B",null,"M","?","?","T","?","?","R","E","T","M","M","?","R","$","R","B",null,"M","M","?","M","M","E","R","?","T","?","R","T","?","M","R"],"character_chosen":"IRONCLAD","items_purchased":["Strength Potion","Disarm","Shuriken","Double Tap"],"campfire_rested":2,"item_purchase_floors":[5,31,31,31],"current_hp_per_floor":[41,47,56,42,42,42,42,64,64,64,51,52,53,22,44,36,65,73,73,73,73,73,73,73,63,63,72,71,69,69,69,69,74,74,74,74,74,74,35,25,25,16,16,6,6,6,65,56,56,0],"gold":277,"neow_bonus":"ONE_RARE_RELIC","is_prod":false,"is_daily":false,"chose_seed":false,"campfire_upgraded":8,"win_rate":0,"timestamp":1531192026,"path_taken":["M","M","M","M","$","R","?","R","T","R","E","M","M","E","R","BOSS","M","?","?","?","?","?","R","E","T","M","M","?","R","$","R","BOSS","M","M","?","M","M","E","R","?","T","?","R","?","?","M","R","BOSS"],"build_version":"2018-07-05","purchased_purges":1,"victory":false,"max_hp_per_floor":[80,80,80,80,80,80,74,74,74,74,74,74,74,74,74,74,74,74,74,74,74,74,74,74,74,74,74,74,74,74,74,74,74,74,74,74,74,74,74,74,74,74,74,74,74,74,65,65,65,65],"card_choices":[{"not_picked":["Sword Boomerang","Cleave"],"picked":"Perfected Strike","floor":1},{"not_picked":["Dual Wield","Iron Wave","Headbutt"],"picked":"SKIP","floor":2},{"not_picked":["Rupture","Cleave","Seeing Red"],"picked":"SKIP","floor":3},{"not_picked":["Warcry","Fire Breathing"],"picked":"Perfected Strike","floor":4},{"not_picked":["True Grit","Fire Breathing","Combust"],"picked":"SKIP","floor":11},{"not_picked":["Body Slam","Whirlwind","Sever Soul"],"picked":"SKIP","floor":12},{"not_picked":["Corruption","Fire Breathing","Fiend Fire"],"picked":"SKIP","floor":13},{"not_picked":["Infernal Blade","Havoc"],"picked":"Pommel Strike","floor":14},{"not_picked":["Evolve","Reckless Charge","Cleave"],"picked":"SKIP","floor":18},{"not_picked":["Clash","Bludgeon"],"picked":"Pommel Strike+1","floor":25},{"not_picked":["Headbutt","Perfected Strike","Fire Breathing"],"picked":"SKIP","floor":27},{"not_picked":["Perfected Strike","Second Wind"],"picked":"True Grit+1","floor":28},{"not_picked":["Juggernaut","Reaper"],"picked":"Exhume","floor":33},{"not_picked":["Pommel Strike","Clothesline+1","Havoc"],"picked":"SKIP","floor":35},{"not_picked":["Whirlwind+1","Twin Strike"],"picked":"Armaments+1","floor":36},{"not_picked":["Flex+1","Anger"],"picked":"Armaments","floor":37},{"not_picked":["Reckless Charge","Body Slam","Pommel Strike"],"picked":"SKIP","floor":38},{"not_picked":["Sword Boomerang+1","Double Tap"],"picked":"Evolve+1","floor":39},{"not_picked":["Burning Pact+1","Wild Strike"],"picked":"Shockwave","floor":40},{"not_picked":["PanicButton","Dark Shackles"],"picked":"Magnetism","floor":44},{"not_picked":["Purity","Panacea"],"picked":"Magnetism","floor":44},{"not_picked":["Dramatic Entrance","Purity"],"picked":"Bandage Up","floor":44},{"not_picked":["Shockwave","Hemokinesis+1"],"picked":"Wild Strike+1","floor":48}],"player_experience":277022,"relics_obtained":[{"floor":9,"key":"Lantern"},{"floor":11,"key":"Happy Flower"},{"floor":14,"key":"Centennial Puzzle"},{"floor":21,"key":"Blood Vial"},{"floor":25,"key":"Ice Cream"},{"floor":26,"key":"Potion Belt"},{"floor":29,"key":"Red Mask"},{"floor":37,"key":"Bird Faced Urn"},{"floor":40,"key":"Ancient Tea Set"},{"floor":43,"key":"Gremlin Horn"},{"floor":46,"key":"Smiling Mask"}],"event_choices":[{"event_name":"Golden Idol","player_choice":"Lose Max HP","floor":7,"damage_taken":0},{"event_name":"The Lab","player_choice":"Got Potions","floor":19,"damage_taken":0},{"event_name":"Addict","player_choice":"Obtained Relic","floor":20,"damage_taken":0},{"event_name":"The Library","player_choice":"Read","floor":22,"damage_taken":0},{"event_name":"Vampires","player_choice":"Ignored","floor":23,"damage_taken":0},{"event_name":"Masked Bandits","player_choice":"Fought over 374 gold","floor":29,"damage_taken":0},{"event_name":"MindBloom","player_choice":"Fight","floor":37,"damage_taken":0},{"event_name":"Winding Halls","player_choice":"Embrace Madness","floor":42,"damage_taken":0},{"event_name":"SensoryStone","player_choice":"Memory 3","floor":44,"damage_taken":0},{"event_name":"The Moai Head","player_choice":"Heal","floor":47,"damage_taken":0}],"boss_relics":[{"not_picked":["Pandora\u0027s Box","Mark of Pain"],"picked":"Velvet Choker"},{"not_picked":["Calling Bell","Sozu"],"picked":"Coffee Dripper"}],"items_purged_floors":[5],"is_endless":false,"potions_floor_spawned":[2,4,12,14,25,28,33,36,37,40],"killed_by":"Time Eater","ascension_level":7}