{"gold_per_floor":[113,12,12,12,22,22,34,51,133,133,144,144,156,156,156,253,253,272,288,203,33,43,43,21,21,94,94],"floor_reached":27,"playtime":1793,"items_purged":["Strike_G","Defend_G"],"score":244,"play_id":"32f50224-1f67-4592-8776-7244e0acd1da","local_time":"20180626090809","is_ascension_mode":true,"campfire_choices":[{"data":"Malaise","floor":6,"key":"SMITH"},{"data":"Footwork","floor":12,"key":"SMITH"},{"data":"Backflip","floor":15,"key":"SMITH"},{"data":"Blade Dance","floor":23,"key":"SMITH"}],"neow_cost":"NONE","seed_source_timestamp":133789752262037,"circlet_count":0,"master_deck":["Defend_G","Defend_G","Defend_G","Defend_G","Strike_G","Strike_G","Strike_G","Survivor","Neutralize","Footwork+1","Underhanded Strike","Malaise+1","Flying Knee","Backflip+1","Bullet Time","Underhanded Strike","Backflip","Blade Dance+1","Dagger Throw","Poisoned Stab"],"relics":["Coffee Dripper","Dodecahedron","Pen Nib","Lizard Tail","Potion Belt","Bottled Tornado"],"potions_floor_usage":[13,16,16,16,19,27],"damage_taken":[{"damage":4,"enemies":"Small Slimes","floor":1,"turns":4},{"damage":0,"enemies":"Cultist","floor":5,"turns":5},{"damage":4,"enemies":"Jaw Worm","floor":7,"turns":5},{"damage":0,"enemies":"Exordium Wildlife","floor":8,"turns":7},{"damage":2,"enemies":"2 Fungi Beasts","floor":11,"turns":5},{"damage":2,"enemies":"Looter","floor":13,"turns":3},{"damage":26,"enemies":"Hexaghost","floor":16,"turns":18},{"damage":4,"enemies":"Shell Parasite","floor":18,"turns":13},{"damage":25,"enemies":"2 Thieves","floor":19,"turns":5},{"damage":53,"enemies":"Sentry and Sphere","floor":22,"turns":9},{"damage":31,"enemies":"Chosen and Byrds","floor":27,"turns":7}],"seed_played":"-7251017569407363179","potions_obtained":[{"floor":1,"key":"FearPotion"},{"floor":7,"key":"EssenceOfSteel"},{"floor":8,"key":"Swift Potion"},{"floor":13,"key":"Poison Potion"},{"floor":18,"key":"Energy Potion"},{"floor":22,"key":"AttackPotion"}],"is_trial":false,"path_per_floor":["M","$","?","?","M","R","M","M","T","?","M","R","M","?","R","B",null,"M","M","?","$","M","R","$","?","T"],"character_chosen":"THE_SILENT","items_purchased":["Underhanded Strike","Blade Dance","Poisoned Stab"],"campfire_rested":0,"item_purchase_floors":[2,21,24],"current_hp_per_floor":[66,66,66,66,66,66,62,62,62,50,48,48,46,69,69,43,70,66,41,41,41,24,24,24,24,24,0],"gold":94,"neow_bonus":"BOSS_RELIC","is_prod":false,"is_daily":false,"chose_seed":false,"campfire_upgraded":4,"win_rate":0,"timestamp":1530018489,"path_taken":["M","$","?","?","M","R","M","M","T","?","?","R","?","?","R","BOSS","M","M","?","$","?","R","$","?","T","M"],"build_version":"2018-06-21v2","purchased_purges":2,"victory":false,"max_hp_per_floor":[70,70,70,70,70,70,70,70,70,70,70,70,70,70,70,70,70,70,70,70,70,70,70,70,70,70,70],"card_choices":[{"not_picked":["Caltrops","Sucker Punch"],"picked":"Footwork","floor":1},{"not_picked":["Dagger Spray","Crippling Poison"],"picked":"Malaise","floor":5},{"not_picked":["All Out Attack","Outmaneuver"],"picked":"Flying Knee","floor":7},{"not_picked":["Prepared","Flying Knee","Accuracy"],"picked":"SKIP","floor":8},{"not_picked":["Cloak And Dagger","PiercingWail"],"picked":"Backflip","floor":11},{"not_picked":["Prepared","Masterful Stab","Dodge and Roll"],"picked":"SKIP","floor":13},{"not_picked":["Doppelganger","Grand Finale"],"picked":"Bullet Time","floor":16},{"not_picked":["Poisoned Stab","Deflect+1"],"picked":"Underhanded Strike","floor":18},{"not_picked":["Dagger Spray","Flying Knee"],"picked":"Backflip","floor":19},{"not_picked":["Dodge and Roll","Heel Hook+1"],"picked":"Dagger Throw","floor":22}],"player_experience":778645,"relics_obtained":[{"floor":9,"key":"Dodecahedron"},{"floor":26,"key":"Bottled Tornado"}],"event_choices":[{"event_name":"Living Wall","player_choice":"Forget","floor":3,"damage_taken":0},{"event_name":"The Cleric","player_choice":"Leave","floor":4,"damage_taken":0},{"event_name":"Scrap Ooze","player_choice":"success","floor":10,"damage_taken":12},{"event_name":"Big Fish","player_choice":"Banana","floor":14,"damage_taken":0},{"event_name":"Addict","player_choice":"Obtained Relic","floor":20,"damage_taken":0},{"event_name":"Beggar","player_choice":"Ignored","floor":25,"damage_taken":0}],"boss_relics":[{"not_picked":["Pandora\u0027s Box","Eternal Feather"],"picked":"Lizard Tail"}],"items_purged_floors":[2,21],"is_endless":false,"potions_floor_spawned":[1,7,8,13,18,22],"killed_by":"Chosen and Byrds","ascension_level":4}