{"path_per_floor":["M","M","M","?","M","R","E","R","T","R","M","R","M","$","R","B",null,"M","M","M","$","?","R","E","R","T","E","M","R","M","?","R","B",null,"M","M","$","M","?","M","?","M","T","$","M","R","?","?","R","B"],"character_chosen":"IRONCLAD","items_purchased":["Happy Flower","Bronze Scales","Mango","Metallicize","Centennial Puzzle","Shrug It Off"],"gold_per_floor":[116,135,154,154,169,169,212,212,212,212,228,228,243,22,22,142,142,160,178,192,40,40,40,76,76,149,189,214,214,230,230,230,361,361,376,390,76,99,199,218,551,562,562,99,112,112,112,112,112,112],"floor_reached":51,"campfire_rested":1,"playtime":3128,"current_hp_per_floor":[80,80,80,60,58,58,39,39,39,39,43,43,40,40,40,46,80,80,80,78,78,78,78,79,79,79,49,47,47,35,19,45,14,87,87,87,101,101,101,101,101,101,101,101,94,94,94,94,94,70],"items_purged":["Strike_R","Dual Wield"],"gold":112,"score":764,"play_id":"64ee413e-9893-4962-bb35-38b6030f2946","local_time":"20180514213831","is_prod":false,"is_daily":false,"chose_seed":false,"is_ascension_mode":false,"campfire_upgraded":10,"timestamp":1526326711,"path_taken":["M","M","M","?","M","R","E","R","T","R","M","R","?","$","R","BOSS","M","?","M","$","?","R","E","R","T","E","M","R","M","?","R","BOSS","M","M","$","M","?","M","?","M","T","$","M","R","?","?","R","BOSS"],"build_version":"2018-05-10","seed_source_timestamp":30495000000755,"purchased_purges":2,"victory":true,"master_deck":["Defend_R","Defend_R","Defend_R","Defend_R","Bash+1","Iron Wave","Thunderclap","Headbutt","Armaments+1","Juggernaut+1","Whirlwind+1","Barricade+1","Armaments+1","Shockwave","Ghostly Armor","Metallicize+1","True Grit+1","Disarm","Power Through","Offering+1","Clash+1","Infernal Blade+1","Iron Wave+1","Warcry+1","Iron Wave+1","True Grit+1","Metallicize+1","Shrug It Off","Body Slam+1"],"max_hp_per_floor":[80,80,80,80,80,80,80,80,80,80,80,80,80,80,80,80,80,80,80,80,80,80,80,80,80,80,87,87,87,87,87,87,87,87,87,87,101,101,101,101,101,101,101,101,101,101,101,101,101,101],"relics":["Burning Blood","Torii","Red Skull","Happy Flower","Mark of Pain","Bronze Scales","Gambling Chip","Letter Opener","Strawberry","Enchiridion","Astrolabe","Mango","Question Card","Centennial Puzzle"],"card_choices":[{"not_picked":["Perfected Strike","Sever Soul"],"picked":"Iron Wave","floor":1.0},{"not_picked":["Heavy Blade","Feel No Pain"],"picked":"Thunderclap","floor":2.0},{"not_picked":["Heavy Blade","Dropkick"],"picked":"Headbutt","floor":3.0},{"not_picked":["Havoc","Infernal Blade"],"picked":"Armaments","floor":5.0},{"not_picked":["Fire Breathing","Disarm"],"picked":"Juggernaut","floor":7.0},{"not_picked":["Warcry","Corruption"],"picked":"Whirlwind","floor":11.0},{"not_picked":["Anger","Burning Pact"],"picked":"Intimidate","floor":13.0},{"not_picked":["Limit Break","Impervious"],"picked":"Barricade","floor":16.0},{"not_picked":["Pommel Strike","Spot Weakness"],"picked":"Armaments","floor":18.0},{"not_picked":["Thunderclap","Rampage"],"picked":"Shockwave","floor":19.0},{"not_picked":["Entrench","Intimidate"],"picked":"Ghostly Armor","floor":20.0},{"not_picked":["Berserk","Blood for Blood"],"picked":"Metallicize","floor":24.0},{"not_picked":["Carnage","Body Slam"],"picked":"True Grit","floor":27.0},{"not_picked":["Evolve","Clash"],"picked":"Disarm","floor":28.0},{"not_picked":["Thunderclap","Cleave"],"picked":"Power Through","floor":30.0},{"not_picked":["Demon Form","Barricade"],"picked":"Offering","floor":33.0},{"not_picked":["True Grit","Wild Strike"],"picked":"Iron Wave","floor":35.0},{"not_picked":["Clothesline","Power Through"],"picked":"Warcry","floor":36.0},{"not_picked":["Battle Trance","Armaments"],"picked":"Iron Wave","floor":38.0},{"not_picked":["Flame Barrier","Armaments"],"picked":"True Grit","floor":40},{"not_picked":["Barricade","Pommel Strike","Uppercut"],"picked":"Body Slam","floor":45}],"player_experience":57869,"potions_floor_usage":[50,50,50,50,50],"damage_taken":[{"damage":1.0,"enemies":"2 Louse","floor":1.0,"turns":3.0},{"damage":3.0,"enemies":"Jaw Worm","floor":2.0,"turns":4.0},{"damage":1.0,"enemies":"Cultist","floor":3.0,"turns":3.0},{"damage":8.0,"enemies":"Lots of Slimes","floor":5.0,"turns":3.0},{"damage":25.0,"enemies":"Lagavulin","floor":7.0,"turns":8.0},{"damage":2.0,"enemies":"3 Louse","floor":11.0,"turns":3.0},{"damage":9.0,"enemies":"Large Slime","floor":13.0,"turns":5.0},{"damage":0.0,"enemies":"Slime Boss","floor":16.0,"turns":5.0},{"damage":1.0,"enemies":"Chosen","floor":18.0,"turns":5.0},{"damage":0.0,"enemies":"3 Byrds","floor":19.0,"turns":3.0},{"damage":8.0,"enemies":"Snake Plant","floor":20.0,"turns":5.0},{"damage":5.0,"enemies":"Book of Stabbing","floor":24.0,"turns":6.0},{"damage":43.0,"enemies":"Slavers","floor":27.0,"turns":3.0},{"damage":8.0,"enemies":"Centurion and Healer","floor":28.0,"turns":6.0},{"damage":18.0,"enemies":"Cultist and Chosen","floor":30.0,"turns":5.0},{"damage":64.0,"enemies":"Automaton","floor":33.0,"turns":8.0},{"damage":5.0,"enemies":"Orb Walker","floor":35.0,"turns":3.0},{"damage":0.0,"enemies":"3 Shapes","floor":36.0,"turns":2.0},{"damage":5.0,"enemies":"Sphere and 2 Shapes","floor":38.0,"turns":4.0},{"damage":4,"enemies":"Maw","floor":40,"turns":7},{"damage":4,"enemies":"3 Darklings","floor":42,"turns":4},{"damage":13,"enemies":"Sphere and 2 Shapes","floor":45,"turns":4},{"damage":30,"enemies":"Awakened One","floor":50,"turns":15}],"event_choices":[{"event_name":"Golden Idol","player_choice":"Take Damage","floor":4.0,"damage_taken":0.0},{"event_name":"Drug Dealer","player_choice":"Ignored","floor":22.0,"damage_taken":0.0},{"event_name":"Cursed Tome","player_choice":"Obtained Book","floor":31.0,"damage_taken":0.0},{"event_name":"Golden Shrine","player_choice":"Pray","floor":39.0,"damage_taken":0.0},{"event_name":"The Moai Head","player_choice":"Gave Idol","floor":41,"damage_taken":0},{"event_name":"Accursed Blacksmith","player_choice":"Forge","floor":47,"damage_taken":0}],"boss_relics":[],"potions_floor_spawned":[3,5,11,18,19,27,33,36,38,42,45],"seed_played":"1306584941510629481","ascension_level":0,"is_trial":false}