{"gold_per_floor":[20,20,31,50,50,50,66,66,66,66,66,66],"floor_reached":12,"playtime":446,"items_purged":[],"score":136,"play_id":"5762d707-29f8-499a-b8cf-0c0d67e9557e","local_time":"20190213201448","is_ascension_mode":true,"campfire_choices":[{"data":"Footwork","floor":6.0,"key":"SMITH"},{"data":"Neutralize","floor":8.0,"key":"SMITH"},{"data":"Blade Dance","floor":10.0,"key":"SMITH"}],"neow_cost":"NO_GOLD","seed_source_timestamp":82590899887360,"circlet_count":0,"master_deck":["AscendersBane","Defend_G","Defend_G","Defend_G","Defend_G","Defend_G","Strike_G","Strike_G","Survivor","Neutralize+1","Backstab","Footwork+1","Blade Dance+1","PiercingWail"],"special_seed":0,"relics":["Ring of the Snake","Kunai"],"potions_floor_usage":[12,12],"damage_taken":[{"damage":27.0,"enemies":"Jaw Worm","floor":1.0,"turns":11.0},{"damage":1.0,"enemies":"Cultist","floor":3.0,"turns":4.0},{"damage":0.0,"enemies":"Small Slimes","floor":4.0,"turns":3.0},{"damage":2.0,"enemies":"Exordium Wildlife","floor":7.0,"turns":5.0},{"damage":44,"enemies":"Gremlin Nob","floor":12,"turns":5}],"seed_played":"-8019439985478373239","potions_obtained":[{"floor":2.0,"key":"Regen Potion"},{"floor":2.0,"key":"Block Potion"}],"is_trial":false,"path_per_floor":["M","?","M","M","?","R","M","R","T","R","?","E"],"character_chosen":"THE_SILENT","items_purchased":[],"campfire_rested":0,"item_purchase_floors":[],"current_hp_per_floor":[32,32,31,31,36,36,34,34,34,34,27,0],"gold":66,"neow_bonus":"REMOVE_TWO","is_prod":false,"is_daily":false,"chose_seed":false,"campfire_upgraded":3,"win_rate":0,"timestamp":1550085288,"path_taken":["M","?","M","?","?","R","M","R","T","R","?","E"],"build_version":"2019-01-23","purchased_purges":0,"victory":false,"max_hp_per_floor":[66,66,66,66,71,71,71,71,71,71,71,71],"card_choices":[{"not_picked":["Quick Slash","Backflip"],"picked":"Backstab","floor":1.0},{"not_picked":["Dagger Spray","Venomology"],"picked":"Footwork","floor":3.0},{"not_picked":["Prepared","Accuracy"],"picked":"Blade Dance","floor":4.0},{"not_picked":["Underhanded Strike","Finisher"],"picked":"PiercingWail","floor":7.0}],"player_experience":1413641,"relics_obtained":[{"floor":9.0,"key":"Kunai"}],"event_choices":[{"damage_healed":0.0,"max_hp_gain":0.0,"max_hp_loss":0.0,"gold_gain":0.0,"event_name":"Lab","player_choice":"Got Potions","floor":2.0,"gold_loss":0.0,"damage_taken":0.0},{"damage_healed":0.0,"max_hp_gain":5.0,"max_hp_loss":0.0,"gold_gain":0.0,"event_name":"Big Fish","player_choice":"Donut","floor":5.0,"gold_loss":0.0,"damage_taken":0.0},{"cards_removed":["Strike_G"],"damage_healed":0.0,"max_hp_gain":0.0,"max_hp_loss":0.0,"gold_gain":0.0,"event_name":"Golden Wing","player_choice":"Card Removal","floor":11.0,"gold_loss":0.0,"damage_taken":7.0}],"is_beta":false,"boss_relics":[],"items_purged_floors":[],"is_endless":false,"potions_floor_spawned":[3],"killed_by":"Gremlin Nob","ascension_level":20}