{"gold_per_floor":[116,130,144,219,232,267,267,417,417,417,417,447,49,59,59,130,130,103,3,53,64,64,64,98,98,123,123,123,123,123,133,133,207,207,218,0,0,0,16,16,16],"floor_reached":41,"playtime":1740,"items_purged":["Doubt","Strike_R"],"score":792,"play_id":"9b2cf620-dc1d-41da-90ae-55256adf9c5a","local_time":"20190215152328","is_ascension_mode":true,"campfire_choices":[{"floor":7,"key":"REST"},{"floor":11,"key":"REST"},{"floor":15,"key":"REST"},{"floor":23,"key":"REST"},{"floor":25,"key":"REST"},{"data":"Rampage","floor":29,"key":"SMITH"},{"floor":32,"key":"REST"},{"floor":40,"key":"REST"}],"neow_cost":"NONE","seed_source_timestamp":128062924498221,"circlet_count":0,"master_deck":["AscendersBane","Defend_R","Defend_R","Defend_R","Defend_R","Bash","Intimidate","Metallicize","True Grit","Rampage+1","Pommel Strike","Burning Pact","Pommel Strike","Feel No Pain","Demon Form","Clothesline","Sentinel","Thunderclap","Metallicize","Dark Embrace","Shrug It Off","Metallicize"],"relics":["Burning Blood","Paper Frog","Self Forming Clay","Happy Flower","Strawberry","Red Skull","Cursed Key","Anchor","WingedGreaves","Bronze Scales","Empty Cage","ClockworkSouvenir"],"potions_floor_usage":[5,6,10,12,33],"damage_taken":[{"damage":14,"enemies":"Jaw Worm","floor":1,"turns":4},{"damage":4,"enemies":"Small Slimes","floor":2,"turns":4},{"damage":10,"enemies":"2 Louse","floor":3,"turns":5},{"damage":15,"enemies":"Red Slaver","floor":5,"turns":4},{"damage":24,"enemies":"3 Sentries","floor":6,"turns":9},{"damage":32,"enemies":"Exordium Thugs","floor":10,"turns":5},{"damage":27,"enemies":"Gremlin Nob","floor":12,"turns":6},{"damage":0,"enemies":"Blue Slaver","floor":14,"turns":5},{"damage":53,"enemies":"Slime Boss","floor":16,"turns":14},{"damage":30,"enemies":"2 Thieves","floor":18,"turns":4},{"damage":15,"enemies":"Shell Parasite","floor":21,"turns":5},{"damage":43,"enemies":"Book of Stabbing","floor":24,"turns":6},{"damage":23,"enemies":"Centurion and Healer","floor":31,"turns":5},{"damage":28,"enemies":"Champ","floor":33,"turns":11},{"damage":17,"enemies":"3 Shapes","floor":35,"turns":9},{"damage":33,"enemies":"Orb Walker","floor":39,"turns":6},{"damage":64,"enemies":"Giant Head","floor":41,"turns":7}],"seed_played":"-3669170157015817236","potions_obtained":[{"floor":1,"key":"Ancient Potion"},{"floor":3,"key":"Poison Potion"},{"floor":5,"key":"Energy Potion"},{"floor":6,"key":"SmokeBomb"},{"floor":24,"key":"EssenceOfSteel"},{"floor":33,"key":"Explosive Potion"},{"floor":39,"key":"SkillPotion"}],"is_trial":false,"path_per_floor":["M","M","M","?","M","E","R","?","T","M","R","E","$","M","R","B",null,"M","$","?","M","T","R","E","R","T","?","$","R","?","M","R","B",null,"M","$","?","?","M","R","E"],"character_chosen":"IRONCLAD","items_purchased":["Strawberry","Red Skull","ClockworkSouvenir"],"campfire_rested":7,"item_purchase_floors":[13,13,36],"current_hp_per_floor":[60,62,58,47,38,20,42,42,42,16,38,17,24,30,54,7,63,39,39,39,30,30,54,17,41,41,41,41,41,41,24,48,26,68,57,57,57,57,30,54,0],"gold":16,"neow_bonus":"TRANSFORM_CARD","is_prod":false,"is_daily":false,"chose_seed":false,"campfire_upgraded":1,"win_rate":0,"timestamp":1550262208,"path_taken":["M","M","M","?","M","E","R","?","T","M","R","E","?","M","R","BOSS","M","$","?","?","?","R","E","R","T","?","$","R","?","M","R","BOSS","M","$","?","?","M","R","E"],"build_version":"2019-01-23","purchased_purges":2,"victory":false,"max_hp_per_floor":[75,75,75,75,75,75,75,75,75,75,75,75,82,82,82,82,82,82,82,82,82,82,82,82,82,82,82,82,82,82,82,82,82,82,82,82,82,82,82,82,82],"card_choices":[{"not_picked":["Headbutt","Disarm"],"picked":"Metallicize","floor":1},{"not_picked":["Fire Breathing","Warcry"],"picked":"True Grit","floor":2},{"not_picked":["Reckless Charge","Rage"],"picked":"Rampage","floor":3},{"not_picked":["True Grit","Wild Strike"],"picked":"Pommel Strike","floor":5},{"not_picked":["Exhume","Bloodletting"],"picked":"Burning Pact","floor":6},{"not_picked":["Anger","Clothesline"],"picked":"Pommel Strike","floor":12},{"not_picked":["Pommel Strike","Wild Strike"],"picked":"Feel No Pain","floor":14},{"not_picked":["Double Tap","Reaper"],"picked":"Demon Form","floor":16},{"not_picked":["Burning Pact","Iron Wave"],"picked":"Clothesline","floor":18},{"not_picked":["Combust","Sword Boomerang"],"picked":"Sentinel","floor":21},{"not_picked":["Dropkick","Sword Boomerang"],"picked":"Thunderclap","floor":24},{"not_picked":["Heavy Blade","Wild Strike"],"picked":"Metallicize","floor":31},{"not_picked":["Double Tap","Brutality"],"picked":"Dark Embrace","floor":33},{"not_picked":["Pommel Strike","Perfected Strike"],"picked":"Shrug It Off","floor":35},{"not_picked":["Body Slam","Dropkick+1","Rampage"],"picked":"SKIP","floor":39}],"player_experience":2446527,"relics_obtained":[{"floor":6,"key":"Paper Frog"},{"floor":9,"key":"Self Forming Clay"},{"floor":12,"key":"Happy Flower"},{"floor":22,"key":"Anchor"},{"floor":24,"key":"WingedGreaves"},{"floor":26,"key":"Bronze Scales"}],"event_choices":[{"damage_healed":0,"gold_gain":75,"player_choice":"Gather Gold","damage_taken":11,"max_hp_gain":0,"max_hp_loss":0,"event_name":"World of Goop","floor":4,"gold_loss":0},{"damage_healed":0,"gold_gain":150,"player_choice":"AGREE","damage_taken":0,"max_hp_gain":0,"max_hp_loss":0,"event_name":"Liars Game","floor":8,"gold_loss":0,"cards_obtained":["Doubt"]},{"damage_healed":0,"gold_gain":50,"player_choice":"Pray","damage_taken":0,"max_hp_gain":0,"max_hp_loss":0,"event_name":"Golden Shrine","floor":20,"gold_loss":0},{"damage_healed":0,"gold_gain":0,"player_choice":"Ignored","damage_taken":0,"max_hp_gain":0,"max_hp_loss":0,"event_name":"Ghosts","floor":27,"gold_loss":0},{"cards_removed":["Normality","Injury"],"damage_healed":0,"gold_gain":0,"player_choice":"Removed Curses","damage_taken":0,"max_hp_gain":0,"max_hp_loss":0,"event_name":"Fountain of Cleansing","floor":30,"gold_loss":0},{"cards_removed":["Strike_R"],"damage_healed":0,"gold_gain":0,"player_choice":"Removed Attack","damage_taken":0,"max_hp_gain":0,"max_hp_loss":0,"event_name":"Falling","floor":37,"gold_loss":0},{"damage_healed":0,"gold_gain":0,"player_choice":"Copied","damage_taken":0,"max_hp_gain":0,"max_hp_loss":0,"event_name":"Duplicator","floor":38,"gold_loss":0,"cards_obtained":["Metallicize"]}],"is_beta":false,"boss_relics":[{"not_picked":["Fusion Hammer","Black Blood"],"picked":"Cursed Key"},{"not_picked":["Eternal Feather","Pandora\u0027s Box"],"picked":"Empty Cage"}],"items_purged_floors":[13,19],"is_endless":false,"potions_floor_spawned":[1,3,5,6,24,33,39],"killed_by":"Giant Head","ascension_level":18}