{"gold_per_floor":[110,60,72,20,35,35,62,62,108,108,125,125,157,20,20,125,125,142,156,166,39,57,76,76,76,76,104,104,104],"floor_reached":29,"playtime":2150,"items_purged":[],"score":278,"play_id":"47aa7a74-4778-4521-b2d8-97430de94e4c","local_time":"20180709214011","is_ascension_mode":false,"campfire_choices":[{"data":"Zap","floor":6,"key":"SMITH"},{"data":"All For One","floor":8,"key":"SMITH"},{"data":"Dualcast","floor":10,"key":"SMITH"},{"data":"Rainbow","floor":15,"key":"SMITH"},{"data":"Buffer","floor":24,"key":"SMITH"}],"neow_cost":"NONE","seed_source_timestamp":215470512936544,"circlet_count":0,"master_deck":["Strike_B","Strike_B","Strike_B","Defend_B","Defend_B","Defend_B","Defend_B","Zap+1","Dualcast+1","All For One+1","Beam Cell","Steam","Gash","Ball Lightning","Multi-Cast","BootSequence","Rainbow+1","Buffer+1","Chill+1","Go for the Eyes+1","Defragment+1","Fission","Compile Driver","Tempest+1","All For One","Defragment+1","Self Repair"],"relics":["Cracked Core","Lantern","Bronze Scales","Ancient Tea Set","Nuclear Battery","Ornamental Fan","Bottled Tornado"],"potions_floor_usage":[27,27,29],"damage_taken":[{"damage":6,"enemies":"Cultist","floor":1,"turns":3},{"damage":1,"enemies":"2 Louse","floor":3,"turns":3},{"damage":0,"enemies":"Small Slimes","floor":5,"turns":2},{"damage":15,"enemies":"Lagavulin","floor":7,"turns":4},{"damage":0,"enemies":"Blue Slaver","floor":11,"turns":1},{"damage":0,"enemies":"Gremlin Nob","floor":13,"turns":2},{"damage":28,"enemies":"The Guardian","floor":16,"turns":9},{"damage":0,"enemies":"Shell Parasite","floor":18,"turns":2},{"damage":0,"enemies":"Chosen","floor":19,"turns":5},{"damage":8,"enemies":"Centurion and Healer","floor":20,"turns":5},{"damage":19,"enemies":"3 Cultists","floor":22,"turns":6},{"damage":12,"enemies":"Snake Plant","floor":23,"turns":3},{"damage":8,"enemies":"Book of Stabbing","floor":27,"turns":3},{"damage":18,"enemies":"Gremlin Leader","floor":29,"turns":3}],"seed_played":"7979549545675006384","potions_obtained":[{"floor":3,"key":"Explosive Potion"},{"floor":16,"key":"Weak Potion"},{"floor":18,"key":"EssenceOfSteel"},{"floor":23,"key":"AttackPotion"},{"floor":27,"key":"FocusPotion"}],"is_trial":false,"path_per_floor":["M","?","M","$","M","R","E","R","T","R","M","?","E","$","R","B",null,"M","M","M","$","M","M","R","?","T","E","?"],"character_chosen":"DEFECT","items_purchased":["Gash","Rainbow","Fission","Compile Driver"],"campfire_rested":0,"item_purchase_floors":[4,14,21,21],"current_hp_per_floor":[69,69,68,68,68,68,53,53,53,53,53,53,53,53,53,25,75,75,75,67,67,48,36,36,22,22,14,14,0],"gold":104,"neow_bonus":"ONE_RANDOM_RARE_CARD","is_prod":false,"is_daily":false,"chose_seed":false,"campfire_upgraded":5,"win_rate":0.0,"timestamp":1531138211,"path_taken":["M","?","M","?","M","R","E","R","T","R","M","?","E","$","R","BOSS","M","M","M","$","M","M","R","?","T","E","?","E"],"build_version":"2018-07-05","purchased_purges":0,"victory":false,"max_hp_per_floor":[75,75,75,75,75,75,75,75,75,75,75,75,75,75,75,75,75,75,75,75,75,75,75,75,80,80,80,80,80],"card_choices":[{"not_picked":["Streamline","Compile Driver"],"picked":"Beam Cell","floor":1},{"not_picked":["Blizzard","Redo"],"picked":"Steam","floor":3},{"not_picked":["Aggregate","Stack"],"picked":"Ball Lightning","floor":5},{"not_picked":["Sweeping Beam","Compile Driver"],"picked":"Multi-Cast","floor":7},{"not_picked":["Leap","Coolheaded"],"picked":"BootSequence","floor":11},{"not_picked":["Doom and Gloom","Consume","Sweeping Beam"],"picked":"SKIP","floor":13},{"not_picked":["Rainbow","Thunder Strike"],"picked":"Buffer","floor":16},{"not_picked":["Defragment+1","Streamline"],"picked":"Chill+1","floor":18},{"not_picked":["FTL","Sweeping Beam+1"],"picked":"Go for the Eyes+1","floor":19},{"not_picked":["Hologram","Go for the Eyes"],"picked":"Defragment+1","floor":20},{"not_picked":["Ball Lightning+1","Steam"],"picked":"Tempest+1","floor":22},{"not_picked":["Redo","Auto Shields+1"],"picked":"All For One","floor":23},{"not_picked":["Stack","Cold Snap"],"picked":"Defragment+1","floor":27}],"player_experience":53350,"relics_obtained":[{"floor":7,"key":"Lantern"},{"floor":9,"key":"Bronze Scales"},{"floor":13,"key":"Ancient Tea Set"},{"floor":26,"key":"Ornamental Fan"},{"floor":27,"key":"Bottled Tornado"}],"event_choices":[{"event_name":"The Cleric","player_choice":"Card Removal","floor":2,"damage_taken":0},{"event_name":"Liars Game","player_choice":"disagreed","floor":12,"damage_taken":0},{"event_name":"Forgotten Altar","player_choice":"Shed Blood","floor":25,"damage_taken":0},{"event_name":"The Library","player_choice":"Read","floor":28,"damage_taken":0}],"boss_relics":[{"not_picked":["Runic Pyramid","Philosopher\u0027s Stone"],"picked":"Nuclear Battery"}],"items_purged_floors":[],"is_endless":false,"potions_floor_spawned":[3,16,18,23,27],"killed_by":"Gremlin Leader","ascension_level":0}