{"path_per_floor":["M","M","$","?","?","R","?","M","T","R","M","M","R","M","R","B",null,"M","M","M","?","?","R","M"],"character_chosen":"THE_SILENT","items_purchased":["Slice"],"gold_per_floor":[117,132,9,9,9,9,9,34,34,34,49,65,65,79,79,207,207,231,245,259,295,295,295,313,313],"floor_reached":25,"campfire_rested":2,"playtime":2025,"current_hp_per_floor":[70,70,70,65,47,65,52,52,52,52,48,48,48,44,44,42,65,51,51,35,7,7,26,21,0],"items_purged":["Strike_G"],"gold":313,"score":195,"play_id":"222a9dcf-b928-49f3-ae30-17416479345a","local_time":"20180523134407","is_prod":false,"is_daily":false,"chose_seed":false,"is_ascension_mode":false,"campfire_upgraded":3,"timestamp":1527097447,"campfire_choices":[{"floor":6,"key":"REST"},{"data":"Dagger Spray","floor":10,"key":"SMITH"},{"data":"Skewer","floor":13,"key":"SMITH"},{"data":"Infinite Blades","floor":15,"key":"SMITH"},{"floor":23,"key":"REST"}],"path_taken":["M","M","$","?","?","R","?","M","T","R","M","M","R","M","R","BOSS","M","M","M","?","?","R","M","M"],"build_version":"2018-05-17","seed_source_timestamp":208309086317887,"purchased_purges":1,"victory":false,"master_deck":["Defend_G","Defend_G","Defend_G","Defend_G","Defend_G","Strike_G","Strike_G","Strike_G+1","Strike_G","Survivor","Neutralize+1","Backflip","Prepared","Skewer+1","Slice","Dagger Spray+1","Slice","Slice","Infinite Blades+1","Envenom","Backstab","Blade Dance","Expertise","Finisher+1","Flying Knee"],"max_hp_per_floor":[70,70,70,65,65,65,65,65,65,65,65,65,65,65,65,65,65,65,65,65,65,65,65,65,65],"relics":["Ring of the Snake","Golden Idol","Orichalcum","Boot","Cursed Key","Red Mask"],"card_choices":[{"not_picked":["Acrobatics","Dodge and Roll"],"picked":"Backflip","floor":0},{"not_picked":["Eviscerate","Outmaneuver"],"picked":"Prepared","floor":1},{"not_picked":["Dodge and Roll","Bane"],"picked":"Skewer","floor":2},{"not_picked":["Acrobatics","Calculated Gamble"],"picked":"Dagger Spray","floor":8},{"not_picked":["Phantasmal Killer","Poisoned Stab"],"picked":"Slice","floor":11},{"not_picked":["Deadly Poison","Malaise"],"picked":"Slice","floor":12},{"not_picked":["Dodge and Roll","Underhanded Strike"],"picked":"Infinite Blades","floor":14},{"not_picked":["Glass Knife","Bullet Time"],"picked":"Envenom","floor":16},{"not_picked":["Dagger Throw","Bane"],"picked":"Backstab","floor":18},{"not_picked":["PiercingWail+1","Dodge and Roll"],"picked":"Blade Dance","floor":19},{"not_picked":["Backflip","Bane"],"picked":"Expertise","floor":20},{"not_picked":["Well Laid Plans","Infinite Blades"],"picked":"Finisher","floor":21},{"not_picked":["Deflect","Escape Plan"],"picked":"Flying Knee","floor":24}],"player_experience":80906,"potions_floor_usage":[16,16,16,25],"damage_taken":[{"damage":0,"enemies":"Jaw Worm","floor":1,"turns":5},{"damage":0,"enemies":"Small Slimes","floor":2,"turns":3},{"damage":0,"enemies":"2 Louse","floor":8,"turns":2},{"damage":4,"enemies":"Looter","floor":11,"turns":3},{"damage":0,"enemies":"2 Fungi Beasts","floor":12,"turns":2},{"damage":4,"enemies":"Blue Slaver","floor":14,"turns":3},{"damage":2,"enemies":"Slime Boss","floor":16,"turns":7},{"damage":14,"enemies":"Shell Parasite","floor":18,"turns":4},{"damage":0,"enemies":"Chosen","floor":19,"turns":4},{"damage":16,"enemies":"3 Cultists","floor":20,"turns":5},{"damage":28,"enemies":"Masked Bandits","floor":21,"turns":4},{"damage":5,"enemies":"Snecko","floor":24,"turns":3},{"damage":21,"enemies":"Cultist and Chosen","floor":25,"turns":3}],"relics_obtained":[{"floor":9,"key":"Boot"},{"floor":21,"key":"Red Mask"}],"event_choices":[{"event_name":"Golden Idol","player_choice":"Lose Max HP","floor":4,"damage_taken":0},{"event_name":"Scrap Ooze","player_choice":"success","floor":5,"damage_taken":18},{"event_name":"Shining Light","player_choice":"Entered Light","floor":7,"damage_taken":0},{"event_name":"Masked Bandits","player_choice":"Fought over 259 gold","floor":21,"damage_taken":0},{"event_name":"Accursed Blacksmith","player_choice":"Forge","floor":22,"damage_taken":0}],"boss_relics":[{"not_picked":["Sozu","Calling Bell"],"picked":"Cursed Key"}],"potions_floor_spawned":[1,8,11,18,19],"seed_played":"-6848662596652610730","killed_by":"Cultist and Chosen","ascension_level":0,"potions_obtained":[{"floor":1,"key":"SteroidPotion"},{"floor":8,"key":"Poison Potion"},{"floor":11,"key":"Energy Potion"},{"floor":18,"key":"FearPotion"},{"floor":19,"key":"Fire Potion"}],"is_trial":false}