{"gold_per_floor":[360,52,62,82,4,31,48,77,77,77,92,107,121,153,153,248,248,266,49,60,71,84,118,193,193,193,220,232,277,289,317,329,441,453,484,513,525,118,130,130,162,162,238,248,268,297,308,342,342,342,342,342,51,77,77],"floor_reached":56,"playtime":4186,"items_purged":["Strike_R"],"score":1448,"play_id":"ee6ccb24-7204-4799-bdef-779b1fbd24f8","local_time":"20190213224716","is_ascension_mode":true,"campfire_choices":[{"data":"Perfected Strike","floor":10.0,"key":"SMITH"},{"data":"Inflame","floor":15.0,"key":"SMITH"},{"data":"Uppercut","floor":25.0,"key":"SMITH"},{"floor":28.0,"key":"REST"},{"data":"Pommel Strike","floor":30.0,"key":"SMITH"},{"data":"Clothesline","floor":32.0,"key":"SMITH"},{"data":"Bash","floor":40.0,"key":"SMITH"},{"floor":42,"key":"RECALL"},{"data":"Heavy Blade","floor":49,"key":"SMITH"},{"data":"Ghostly Armor","floor":52,"key":"SMITH"}],"neow_cost":"PERCENT_DAMAGE","seed_source_timestamp":2796916928281540,"circlet_count":0,"master_deck":["Strike_R+1","Strike_R","Strike_R+1","Strike_R","Defend_R","Defend_R","Defend_R","Defend_R","Bash+1","Perfected Strike+1","Pommel Strike+1","Ghostly Armor+1","Clothesline+1","Inflame+1","Shrug It Off","Shockwave+1","Shrug It Off+1","Warcry+1","Rage+1","Impervious+1","Uppercut+1","Inflame+1","Shrug It Off+1","Flash of Steel","Pommel Strike+1","Barricade+1","Spot Weakness+1","Armaments+1","Warcry+1","Limit Break+1","Dropkick+1","Limit Break+1","Heavy Blade+1","Inflame+1","Iron Wave+1"],"special_seed":0,"relics":["Burning Blood","Self Forming Clay","Meat on the Bone","Toxic Egg 2","Kunai","Frozen Egg 2","Black Star","Bird Faced Urn","Mummified Hand","Shuriken","MawBank","Boot","Lantern","The Courier","Velvet Choker","Vajra","Thread and Needle","Champion Belt","Bottled Tornado","Ice Cream","Gambling Chip","Bottled Flame","Mercury Hourglass","OrangePellets","Bag of Preparation","Sundial","Whetstone"],"potions_floor_usage":[55,55],"damage_taken":[{"damage":12.0,"enemies":"Cultist","floor":1.0,"turns":5.0},{"damage":1.0,"enemies":"Jaw Worm","floor":3.0,"turns":3.0},{"damage":1.0,"enemies":"2 Louse","floor":4.0,"turns":3.0},{"damage":13.0,"enemies":"Lagavulin","floor":6.0,"turns":7.0},{"damage":10.0,"enemies":"Looter","floor":7.0,"turns":3.0},{"damage":19.0,"enemies":"3 Sentries","floor":8.0,"turns":9.0},{"damage":0.0,"enemies":"2 Fungi Beasts","floor":11.0,"turns":2.0},{"damage":9.0,"enemies":"Exordium Thugs","floor":12.0,"turns":5.0},{"damage":2.0,"enemies":"Looter","floor":13.0,"turns":2.0},{"damage":10.0,"enemies":"Gremlin Nob","floor":14.0,"turns":3.0},{"damage":36.0,"enemies":"Slime Boss","floor":16.0,"turns":11.0},{"damage":0.0,"enemies":"3 Byrds","floor":18.0,"turns":9.0},{"damage":6.0,"enemies":"Shell Parasite","floor":20.0,"turns":7.0},{"damage":24.0,"enemies":"Snake Plant","floor":21.0,"turns":6.0},{"damage":0.0,"enemies":"Snecko","floor":22.0,"turns":4.0},{"damage":22.0,"enemies":"Book of Stabbing","floor":23.0,"turns":8.0},{"damage":10.0,"enemies":"Gremlin Leader","floor":27.0,"turns":7.0},{"damage":30.0,"enemies":"Slavers","floor":29.0,"turns":5.0},{"damage":0.0,"enemies":"Cultist and Chosen","floor":31.0,"turns":6.0},{"damage":12.0,"enemies":"Champ","floor":33.0,"turns":15.0},{"damage":10.0,"enemies":"3 Shapes","floor":35.0,"turns":4.0},{"damage":25.0,"enemies":"3 Darklings","floor":36.0,"turns":5.0},{"damage":10.0,"enemies":"Sphere and 2 Shapes","floor":39.0,"turns":5.0},{"damage":2,"enemies":"Reptomancer","floor":41,"turns":9},{"damage":0,"enemies":"Jaw Worm Horde","floor":44,"turns":5},{"damage":0,"enemies":"Transient","floor":45,"turns":5},{"damage":0,"enemies":"Giant Head","floor":46,"turns":7},{"damage":0,"enemies":"3 Darklings","floor":47,"turns":6},{"damage":14,"enemies":"Reptomancer","floor":48,"turns":6},{"damage":16,"enemies":"Awakened One","floor":50,"turns":9},{"damage":31,"enemies":"Shield and Spear","floor":54,"turns":5},{"damage":1,"enemies":"The Heart","floor":55,"turns":10}],"seed_played":"4375069275259422773","potions_obtained":[{"floor":6.0,"key":"BloodPotion"},{"floor":7.0,"key":"Fire Potion"},{"floor":11.0,"key":"SteroidPotion"},{"floor":12.0,"key":"AttackPotion"},{"floor":31.0,"key":"Dexterity Potion"},{"floor":36.0,"key":"EssenceOfSteel"},{"floor":44,"key":"PowerPotion"},{"floor":45,"key":"EssenceOfSteel"}],"is_trial":false,"path_per_floor":["M","$","M","M","$","E","M","E","T","R","M","M","M","E","R","B",null,"M","$","M","M","M","E","?","R","T","E","R","E","R","M","R","B",null,"M","M","?","$","M","R","E","R","T","M","M","E","M","E","R","B",null,"R","$","E","B",null],"character_chosen":"IRONCLAD","items_purchased":["Self Forming Clay","Pommel Strike","Inflame","Inflame+1","Shrug It Off+1","Flash of Steel","Vajra","Thread and Needle","OrangePellets","Bag of Preparation"],"campfire_rested":1,"item_purchase_floors":[2,2,5,19,19,19,38,38,53,53],"current_hp_per_floor":[50,50,55,60,60,53,49,56,56,56,62,59,63,59,59,41,80,80,80,80,62,68,52,44,44,44,56,80,62,62,74,74,74,80,78,63,63,63,65,65,75,75,75,80,80,80,80,72,72,68,80,80,80,57,70],"gold":77,"neow_bonus":"TWO_FIFTY_GOLD","is_prod":false,"is_daily":false,"chose_seed":false,"campfire_upgraded":8,"win_rate":0,"timestamp":1550069236,"path_taken":["M","$","M","M","?","E","M","E","T","R","M","M","?","E","R","BOSS","M","$","M","M","M","E","?","R","T","E","R","E","R","M","R","BOSS","M","M","?","$","M","R","E","R","T","M","M","E","M","E","R","BOSS","R","$","E","BOSS"],"build_version":"2019-01-23","purchased_purges":1,"victory":true,"max_hp_per_floor":[80,80,80,80,80,80,80,80,80,80,80,80,80,80,80,80,80,80,80,80,80,80,80,80,80,80,80,80,80,80,80,80,80,80,80,80,80,80,80,80,80,80,80,80,80,80,80,80,80,80,80,80,80,80,80],"card_choices":[{"not_picked":["Shrug It Off","Seeing Red"],"picked":"Perfected Strike","floor":1.0},{"not_picked":["Dual Wield","Dropkick"],"picked":"Ghostly Armor","floor":3.0},{"not_picked":["Bloodletting","True Grit"],"picked":"Clothesline","floor":4.0},{"not_picked":["Reckless Charge","Warcry","Second Wind"],"picked":"SKIP","floor":6.0},{"not_picked":["Whirlwind","Fire Breathing"],"picked":"Shrug It Off","floor":7.0},{"not_picked":["Cleave","Bludgeon"],"picked":"Shockwave","floor":8.0},{"not_picked":["Body Slam","Pummel"],"picked":"Shrug It Off+1","floor":11.0},{"not_picked":["Sword Boomerang","Twin Strike"],"picked":"Warcry+1","floor":12.0},{"not_picked":["Warcry+1","Sentinel+1","Havoc+1"],"picked":"SKIP","floor":13.0},{"not_picked":["Heavy Blade","Pummel"],"picked":"Rage+1","floor":14.0},{"not_picked":["Berserk+1","Brutality+1"],"picked":"Impervious+1","floor":16.0},{"not_picked":["Hemokinesis","Flex+1"],"picked":"Uppercut","floor":18.0},{"not_picked":["Blood for Blood","Fire Breathing+1"],"picked":"Pommel Strike+1","floor":20.0},{"not_picked":["Havoc+1","Flex+1"],"picked":"Barricade+1","floor":21.0},{"not_picked":["Thunderclap","Headbutt","Heavy Blade"],"picked":"SKIP","floor":22.0},{"not_picked":["Rampage+1","Iron Wave"],"picked":"Spot Weakness+1","floor":23.0},{"not_picked":["Thunderclap","Infernal Blade+1","Fire Breathing+1"],"picked":"SKIP","floor":27.0},{"not_picked":["Rage+1","Perfected Strike"],"picked":"Armaments+1","floor":29.0},{"not_picked":["Iron Wave","Clash"],"picked":"Warcry+1","floor":31.0},{"not_picked":["Reaper","Brutality+1"],"picked":"Limit Break+1","floor":33.0},{"not_picked":["Armaments+1","Rampage","Intimidate+1"],"picked":"SKIP","floor":35.0},{"not_picked":["Reckless Charge","True Grit+1"],"picked":"Dropkick+1","floor":36.0},{"not_picked":["Perfected Strike+1","Searing Blow+1","Burning Pact+1"],"picked":"SKIP","floor":39.0},{"not_picked":["Havoc+1","Iron Wave","Evolve+1"],"picked":"SKIP","floor":41},{"not_picked":["Immolate","Clash","True Grit+1"],"picked":"SKIP","floor":44},{"not_picked":["Infernal Blade+1","Clash"],"picked":"Limit Break+1","floor":45},{"not_picked":["Evolve+1","Carnage","Rupture+1"],"picked":"SKIP","floor":46},{"not_picked":["Thunderclap+1","Dropkick+1"],"picked":"Heavy Blade","floor":47},{"not_picked":["Sever Soul","Feel No Pain+1"],"picked":"Inflame+1","floor":48},{"not_picked":["Wild Strike","Clothesline"],"picked":"Iron Wave+1","floor":54}],"player_experience":125340,"relics_obtained":[{"floor":6.0,"key":"Meat on the Bone"},{"floor":8.0,"key":"Toxic Egg 2"},{"floor":9.0,"key":"Kunai"},{"floor":14.0,"key":"Frozen Egg 2"},{"floor":23.0,"key":"Bird Faced Urn"},{"floor":23.0,"key":"Mummified Hand"},{"floor":26.0,"key":"Shuriken"},{"floor":27.0,"key":"MawBank"},{"floor":27.0,"key":"Boot"},{"floor":29.0,"key":"Lantern"},{"floor":29.0,"key":"The Courier"},{"floor":41,"key":"Champion Belt"},{"floor":41,"key":"Bottled Tornado"},{"floor":46,"key":"Ice Cream"},{"floor":46,"key":"Gambling Chip"},{"floor":48,"key":"Bottled Flame"},{"floor":48,"key":"Mercury Hourglass"},{"floor":54,"key":"Sundial"},{"floor":54,"key":"Whetstone"}],"event_choices":[{"damage_healed":0.0,"max_hp_gain":0.0,"max_hp_loss":0.0,"gold_gain":75.0,"event_name":"FaceTrader","player_choice":"Touch","floor":24.0,"gold_loss":0.0,"damage_taken":8.0},{"damage_healed":0.0,"max_hp_gain":0.0,"max_hp_loss":0.0,"gold_gain":0.0,"event_name":"Tomb of Lord Red Mask","player_choice":"Ignored","floor":37.0,"gold_loss":0.0,"damage_taken":0.0}],"is_beta":false,"boss_relics":[{"not_picked":["Runic Pyramid","Ectoplasm"],"picked":"Black Star"},{"not_picked":["Astrolabe","Runic Dome"],"picked":"Velvet Choker"}],"items_purged_floors":[38],"is_endless":false,"potions_floor_spawned":[6,7,11,12,13,18,23,31,36,44,45,47],"ascension_level":1}