{"path_per_floor":["M","M","?","$","M","R","E","M","T","M","?","$","R","?","R","B",null,"M","?","M","M","M","R","E","R","T","M","M","?","$","M","R","B",null,"M","?","M","M","$","R","$","E","T","R","?","R","M","$","R"],"character_chosen":"IRONCLAD","items_purchased":["Thunderclap","Anger","Paper Frog","Shrug It Off","Wild Strike"],"gold_per_floor":[119,139,139,11,26,26,54,73,122,133,133,84,84,84,84,205,205,225,225,244,265,289,289,325,325,375,389,404,404,56,71,71,197,197,212,212,228,241,37,37,37,78,78,78,141,141,161,11,11,11],"floor_reached":50,"campfire_rested":6,"playtime":3594,"item_purchase_floors":[4,12,30,39,39],"current_hp_per_floor":[80,80,85,85,84,84,56,56,56,60,53,53,78,78,78,46,79,53,53,54,44,26,49,33,56,56,59,49,49,49,43,66,10,79,57,57,63,68,68,68,68,42,42,65,68,68,56,56,79,0],"items_purged":["Defend_R","Defend_R","Defend_R","Clothesline"],"gold":11,"score":517,"play_id":"15fdba2d-4217-4f88-aa1b-6d431683bdb7","local_time":"20180604224425","is_prod":false,"is_daily":false,"chose_seed":false,"is_ascension_mode":false,"campfire_upgraded":4,"win_rate":0,"timestamp":1528166665,"campfire_choices":[{"data":"Perfected Strike","floor":6,"key":"SMITH"},{"floor":13,"key":"REST"},{"data":"Thunderclap","floor":15,"key":"SMITH"},{"floor":23,"key":"REST"},{"floor":25,"key":"REST"},{"floor":32,"key":"REST"},{"data":"Perfected Strike","floor":40,"key":"SMITH"},{"floor":44,"key":"REST"},{"data":"Immolate","floor":46,"key":"SMITH"},{"floor":49,"key":"REST"}],"path_taken":["BOSS","M","M","?","$","M","R","E","M","T","?","?","$","R","?","R","BOSS","M","?","M","M","M","R","E","R","T","M","M","?","$","M","R","BOSS","M","?","M","?","$","R","$","E","T","R","?","R","M","$","R","BOSS"],"build_version":"2018-05-31","seed_source_timestamp":0,"purchased_purges":4,"victory":false,"master_deck":["Strike_R","Strike_R","Strike_R","Strike_R","Strike_R","Bash","Brutality","Disarm","Flex","Thunderclap","Perfected Strike+1","Blood for Blood","Shockwave","Thunderclap+1","Anger","Double Tap","Good Instincts","Wild Strike","Rage","Shrug It Off","Wild Strike","Bloodletting+1","Wild Strike","Immolate+1","Wild Strike","Mind Blast","Perfected Strike+1","Infernal Blade+1","Shrug It Off","Wild Strike","Power Through+1","Cleave","Wild Strike"],"max_hp_per_floor":[80,80,85,85,85,85,85,85,85,85,85,85,85,79,79,79,79,79,79,79,79,79,79,79,79,79,79,79,79,79,79,79,79,79,79,79,79,79,79,79,79,79,79,79,79,79,79,79,79,79],"relics":["Burning Blood","Centennial Puzzle","Anchor","Golden Idol","Runic Cube","Lantern","Bag of Marbles","Paper Frog","Black Star","Juzu Bracelet","Ancient Tea Set","Orichalcum","Red Skull"],"card_choices":[{"not_picked":["Reckless Charge","Clothesline"],"picked":"Disarm","floor":1},{"not_picked":["Perfected Strike","Pommel Strike"],"picked":"Flex","floor":2},{"not_picked":["Clothesline","Body Slam"],"picked":"Perfected Strike","floor":5},{"not_picked":["Entrench","Heavy Blade"],"picked":"Blood for Blood","floor":7},{"not_picked":["Second Wind","Sentinel"],"picked":"Shockwave","floor":8},{"not_picked":["Fiend Fire","Pummel"],"picked":"Thunderclap","floor":10},{"not_picked":["Brutality","Fiend Fire"],"picked":"Double Tap","floor":16},{"not_picked":["Body Slam","True Grit"],"picked":"Clothesline","floor":18},{"not_picked":["Barricade","Body Slam"],"picked":"Wild Strike","floor":20},{"not_picked":["Armaments","Spot Weakness"],"picked":"Rage","floor":21},{"not_picked":["Clothesline+1","Sword Boomerang"],"picked":"Shrug It Off","floor":22},{"not_picked":["Cleave","Power Through"],"picked":"Wild Strike","floor":24},{"not_picked":["Rage","Clothesline+1"],"picked":"Bloodletting+1","floor":27},{"not_picked":["Clash","Sentinel"],"picked":"Wild Strike","floor":28},{"not_picked":["Evolve+1","True Grit","Entrench"],"picked":"SKIP","floor":31},{"not_picked":["Bludgeon","Impervious"],"picked":"Immolate","floor":33},{"not_picked":["Armaments","Twin Strike+1"],"picked":"Wild Strike","floor":35},{"not_picked":["Madness","Trip"],"picked":"Mind Blast","floor":36},{"not_picked":["Armaments","Cleave+1"],"picked":"Perfected Strike","floor":37},{"not_picked":["Seeing Red","True Grit+1"],"picked":"Infernal Blade+1","floor":38},{"not_picked":["Blood for Blood+1","Exhume"],"picked":"Power Through+1","floor":42},{"not_picked":["Sword Boomerang+1","Burning Pact+1"],"picked":"Cleave","floor":45},{"not_picked":["Pommel Strike+1","Iron Wave"],"picked":"Wild Strike","floor":47}],"player_experience":356439,"potions_floor_usage":[16,16,24,24,24,24,33,33,33,42,50],"damage_taken":[{"damage":6,"enemies":"Cultist","floor":1,"turns":4},{"damage":6,"enemies":"Small Slimes","floor":2,"turns":4},{"damage":7,"enemies":"2 Louse","floor":5,"turns":2},{"damage":34,"enemies":"3 Sentries","floor":7,"turns":7},{"damage":6,"enemies":"Exordium Wildlife","floor":8,"turns":4},{"damage":2,"enemies":"Blue Slaver","floor":10,"turns":3},{"damage":38,"enemies":"Hexaghost","floor":16,"turns":7},{"damage":32,"enemies":"Spheric Guardian","floor":18,"turns":4},{"damage":5,"enemies":"Shell Parasite","floor":20,"turns":3},{"damage":16,"enemies":"Centurion and Healer","floor":21,"turns":5},{"damage":24,"enemies":"Cultist and Chosen","floor":22,"turns":6},{"damage":29,"enemies":"Gremlin Leader","floor":24,"turns":5},{"damage":3,"enemies":"3 Cultists","floor":27,"turns":4},{"damage":16,"enemies":"Snake Plant","floor":28,"turns":4},{"damage":12,"enemies":"Cultist and Chosen","floor":31,"turns":4},{"damage":62,"enemies":"Champ","floor":33,"turns":9},{"damage":28,"enemies":"3 Shapes","floor":35,"turns":4},{"damage":0,"enemies":"Orb Walker","floor":37,"turns":2},{"damage":1,"enemies":"3 Darklings","floor":38,"turns":3},{"damage":32,"enemies":"Giant Head","floor":42,"turns":6},{"damage":3,"enemies":"Mysterious Sphere","floor":45,"turns":3},{"damage":18,"enemies":"Sphere and 2 Shapes","floor":47,"turns":4},{"damage":85,"enemies":"Awakened One","floor":50,"turns":10}],"relics_obtained":[{"floor":7,"key":"Centennial Puzzle"},{"floor":9,"key":"Anchor"},{"floor":24,"key":"Lantern"},{"floor":26,"key":"Bag of Marbles"},{"floor":42,"key":"Juzu Bracelet"},{"floor":42,"key":"Ancient Tea Set"},{"floor":43,"key":"Orichalcum"},{"floor":45,"key":"Red Skull"}],"event_choices":[{"event_name":"Big Fish","player_choice":"Donut","floor":3,"damage_taken":0},{"event_name":"Golden Wing","player_choice":"Card Removal","floor":11,"damage_taken":0},{"event_name":"Golden Idol","player_choice":"Lose Max HP","floor":14,"damage_taken":0},{"event_name":"Match and Keep!","player_choice":"1 cards matched","floor":19,"damage_taken":0},{"event_name":"The Lab","player_choice":"Got Potions","floor":29,"damage_taken":0},{"event_name":"SensoryStone","player_choice":"Memory 1","floor":36,"damage_taken":0},{"event_name":"Mysterious Sphere","player_choice":"Fight","floor":45,"damage_taken":0}],"boss_relics":[{"not_picked":["Philosopher\u0027s Stone","Eternal Feather"],"picked":"Runic Cube"},{"not_picked":["Velvet Choker","Runic Pyramid"],"picked":"Black Star"}],"items_purged_floors":[4,30,39,48],"potions_floor_spawned":[1,10,20,22,27,28,31,38,47],"seed_played":"4374712994626262854","killed_by":"Awakened One","ascension_level":0,"potions_obtained":[{"floor":1,"key":"SteroidPotion"},{"floor":10,"key":"Dexterity Potion"},{"floor":20,"key":"Strength Potion"},{"floor":22,"key":"EntropicBrew"},{"floor":27,"key":"SkillPotion"},{"floor":28,"key":"EssenceOfSteel"},{"floor":29,"key":"Block Potion"},{"floor":38,"key":"AttackPotion"},{"floor":47,"key":"Weak Potion"}],"is_trial":false}