{"path_per_floor":["M","?","M","$","$","R","?","R","T","$","M","M","E","?","R","B",null,"M","M","?"],"character_chosen":"DEFECT","items_purchased":["Defragment","Storm"],"gold_per_floor":[114,114,131,57,57,57,132,132,157,77,87,102,133,83,83,186,186,202,186,186,186],"floor_reached":21,"campfire_rested":1,"playtime":1375,"item_purchase_floors":[4,10],"current_hp_per_floor":[82,82,82,82,82,82,71,71,71,71,81,80,46,46,70,32,82,61,38,38,0],"items_purged":[],"gold":186,"score":204,"play_id":"9ab1dd55-20ef-4788-94f4-c65f0687f82d","local_time":"20180614235514","is_prod":false,"is_daily":false,"chose_seed":false,"is_ascension_mode":true,"campfire_upgraded":2,"win_rate":0,"timestamp":1529034914,"campfire_choices":[{"data":"Defragment","floor":6,"key":"SMITH"},{"data":"Self Repair","floor":8,"key":"SMITH"},{"floor":15,"key":"REST"}],"path_taken":["M","?","M","?","$","R","?","R","T","$","?","?","E","?","R","BOSS","M","M","?","M"],"build_version":"2018-06-07v3","seed_source_timestamp":72897357733096,"purchased_purges":0,"victory":false,"master_deck":["Strike_B+1","Strike_B","Defend_B","Defend_B","Defend_B","Defend_B","Zap","Dualcast","Capacitor","Self Repair+1","Defragment+1","Storm","Blizzard+1","Redo","White Noise","Buffer","Genetic Algorithm+1","Chaos","Coolheaded"],"max_hp_per_floor":[82,82,82,82,82,82,82,82,82,82,82,82,82,82,82,82,82,82,82,82,82],"relics":["Cracked Core","Anchor","Whetstone","Nuclear Battery"],"card_choices":[{"not_picked":["Barrage","Aggregate"],"picked":"Capacitor","floor":1},{"not_picked":["Sunder","Hello World"],"picked":"Self Repair","floor":3},{"not_picked":["Streamline","Go for the Eyes"],"picked":"Blizzard","floor":11},{"not_picked":["Steam","Compile Driver"],"picked":"Redo","floor":12},{"not_picked":["Steam Power","Self Repair"],"picked":"White Noise","floor":13},{"not_picked":["Reboot","Biased Cognition"],"picked":"Buffer","floor":16},{"not_picked":["Hologram","Cold Snap"],"picked":"Genetic Algorithm+1","floor":18},{"not_picked":["Conserve Battery","Turbo"],"picked":"Chaos","floor":19}],"player_experience":557464,"potions_floor_usage":[18],"damage_taken":[{"damage":0,"enemies":"Small Slimes","floor":1,"turns":4},{"damage":0,"enemies":"Cultist","floor":3,"turns":4},{"damage":0,"enemies":"Jaw Worm","floor":11,"turns":3},{"damage":11,"enemies":"Looter","floor":12,"turns":3},{"damage":44,"enemies":"3 Sentries","floor":13,"turns":6},{"damage":48,"enemies":"The Guardian","floor":16,"turns":7},{"damage":31,"enemies":"Chosen","floor":18,"turns":6},{"damage":33,"enemies":"2 Thieves","floor":19,"turns":4},{"damage":64,"enemies":"Chosen and Byrds","floor":21,"turns":5}],"relics_obtained":[{"floor":9,"key":"Anchor"},{"floor":13,"key":"Whetstone"}],"event_choices":[{"event_name":"The Woman in Blue","player_choice":"Bought 0 Potions","floor":2,"damage_taken":0},{"event_name":"World of Goop","player_choice":"Gather Gold","floor":7,"damage_taken":0},{"event_name":"The Cleric","player_choice":"Card Removal","floor":14,"damage_taken":0},{"event_name":"Transmorgrifier","player_choice":"Transform","floor":20,"damage_taken":0}],"boss_relics":[{"not_picked":["Philosopher\u0027s Stone","Velvet Choker"],"picked":"Nuclear Battery"}],"items_purged_floors":[],"potions_floor_spawned":[3,13,16],"seed_played":"-4478923872407819809","killed_by":"Chosen and Byrds","ascension_level":3,"potions_obtained":[{"floor":3,"key":"Swift Potion"},{"floor":13,"key":"Poison Potion"},{"floor":16,"key":"FocusPotion"}],"is_trial":false}