{"gold_per_floor":[117,180,62,62,73,73,89,115,139,139,154,184,184,209,209,283,283,303,321,321,75,75,75,90,90,90,104,114,114,38,48,48,48],"floor_reached":33,"playtime":1463,"items_purged":["Strike_B"],"score":490,"play_id":"c0e3256d-4673-4909-b74c-44b9ad7a4530","local_time":"20190209003657","is_ascension_mode":true,"campfire_choices":[{"data":"Streamline","floor":6.0,"key":"SMITH"},{"data":"Coolheaded","floor":10.0,"key":"SMITH"},{"floor":13.0,"key":"REST"},{"data":"Go for the Eyes","floor":15.0,"key":"SMITH"},{"floor":23.0,"key":"REST"},{"data":"Coolheaded","floor":25.0,"key":"SMITH"},{"data":"Glacier","floor":32,"key":"SMITH"}],"neow_cost":"NONE","seed_source_timestamp":468495523572395,"circlet_count":0,"master_deck":["AscendersBane","Strike_B","Strike_B","Strike_B","Defend_B","Defend_B","Defend_B","Defend_B","Zap+1","Dualcast","Streamline+1","Rip and Tear+1","Go for the Eyes+1","Coolheaded+1","Steam","Sweeping Beam","Buffer+1","Chill","Chill","BootSequence","Coolheaded+1","Auto Shields","Glacier+1","White Noise"],"special_seed":0,"relics":["Cracked Core","Omamori","Pen Nib","Bronze Scales","Sozu","Centennial Puzzle","Pantograph","Ornamental Fan"],"potions_floor_usage":[31],"damage_taken":[{"damage":7.0,"enemies":"Small Slimes","floor":1.0,"turns":3.0},{"damage":0.0,"enemies":"Cultist","floor":5.0,"turns":2.0},{"damage":0.0,"enemies":"Jaw Worm","floor":7.0,"turns":2.0},{"damage":18.0,"enemies":"3 Sentries","floor":8.0,"turns":5.0},{"damage":9.0,"enemies":"Looter","floor":11.0,"turns":2.0},{"damage":26.0,"enemies":"Hexaghost","floor":16.0,"turns":8.0},{"damage":10.0,"enemies":"3 Byrds","floor":18.0,"turns":2.0},{"damage":10.0,"enemies":"Shell Parasite","floor":19.0,"turns":4.0},{"damage":5.0,"enemies":"Centurion and Healer","floor":24.0,"turns":9.0},{"damage":4.0,"enemies":"Snake Plant","floor":27.0,"turns":3.0},{"damage":0.0,"enemies":"Sentry and Sphere","floor":28.0,"turns":7.0},{"damage":0,"enemies":"Cultist and Chosen","floor":31,"turns":7},{"damage":71,"enemies":"Automaton","floor":33,"turns":8}],"seed_played":"852756635243075600","potions_obtained":[{"floor":5.0,"key":"LiquidBronze"},{"floor":7.0,"key":"Ancient Potion"},{"floor":16.0,"key":"PowerPotion"}],"is_trial":false,"path_per_floor":["M","?","$","?","M","R","M","E","T","R","M","?","R","T","R","B",null,"M","M","?","$","T","R","M","R","T","M","M","?","$","M","R","B"],"character_chosen":"DEFECT","items_purchased":["Rip and Tear","Centennial Puzzle","BootSequence","Glacier"],"campfire_rested":2,"item_purchase_floors":[3,21,21,30],"current_hp_per_floor":[57,57,57,57,57,57,57,39,39,39,30,30,51,51,51,25,60,50,40,40,40,40,61,56,56,56,52,52,71,71,71,71,0],"gold":48,"neow_bonus":"UPGRADE_CARD","is_prod":false,"is_daily":false,"chose_seed":false,"campfire_upgraded":5,"win_rate":0,"timestamp":1549690617,"path_taken":["M","?","$","?","?","R","M","E","T","R","M","?","R","?","R","BOSS","M","M","?","$","?","R","?","R","T","M","M","?","$","M","R","BOSS"],"build_version":"2019-01-23","purchased_purges":1,"victory":false,"max_hp_per_floor":[71,71,71,71,71,71,71,71,71,71,71,71,71,71,71,71,71,71,71,71,71,71,71,71,71,71,71,71,71,71,71,71,71],"card_choices":[{"not_picked":["Compile Driver","Stack"],"picked":"Streamline","floor":1.0},{"not_picked":["Rebound","Reboot"],"picked":"Go for the Eyes","floor":5.0},{"not_picked":["Heatsinks","Streamline"],"picked":"Coolheaded","floor":7.0},{"not_picked":["Turbo","Rebound"],"picked":"Steam","floor":8.0},{"not_picked":["Streamline","Compile Driver"],"picked":"Sweeping Beam","floor":11.0},{"not_picked":["Thunder Strike","Creative AI"],"picked":"Buffer","floor":16.0},{"not_picked":["Gash","Hologram"],"picked":"Chill","floor":18.0},{"not_picked":["Turbo","Leap"],"picked":"Chill","floor":19.0},{"not_picked":["Cold Snap","Compile Driver"],"picked":"Coolheaded","floor":24.0},{"not_picked":["Compile Driver","Rainbow"],"picked":"Auto Shields","floor":27.0},{"not_picked":["Lockon","Auto Shields"],"picked":"Melter","floor":28.0},{"not_picked":["Sweeping Beam","Tempest"],"picked":"White Noise","floor":31}],"player_experience":2364086,"relics_obtained":[{"floor":8.0,"key":"Omamori"},{"floor":9.0,"key":"Pen Nib"},{"floor":14.0,"key":"Bronze Scales"},{"floor":22.0,"key":"Pantograph"},{"floor":26.0,"key":"Ornamental Fan"}],"event_choices":[{"damage_healed":0.0,"max_hp_gain":0.0,"max_hp_loss":0.0,"gold_gain":63.0,"event_name":"Golden Wing","player_choice":"Gained Gold","floor":2.0,"gold_loss":0.0,"damage_taken":0.0},{"damage_healed":0.0,"max_hp_gain":0.0,"max_hp_loss":0.0,"gold_gain":0.0,"event_name":"Accursed Blacksmith","player_choice":"Forge","floor":4.0,"gold_loss":0.0,"damage_taken":0.0,"cards_upgraded":["Rip and Tear"]},{"damage_healed":0.0,"max_hp_gain":0.0,"max_hp_loss":0.0,"gold_gain":30.0,"event_name":"Dead Adventurer","player_choice":"Searched \u00272\u0027 times","floor":12.0,"gold_loss":0.0,"damage_taken":0.0},{"damage_healed":0.0,"max_hp_gain":0.0,"max_hp_loss":0.0,"gold_gain":0.0,"event_name":"Upgrade Shrine","player_choice":"Upgraded","floor":20.0,"gold_loss":0.0,"damage_taken":0.0,"cards_upgraded":["Buffer"]},{"cards_removed":["Melter"],"damage_healed":19.0,"max_hp_gain":0.0,"max_hp_loss":0.0,"gold_gain":0.0,"event_name":"Bonfire Elementals","player_choice":"Offered Uncommon","floor":29.0,"gold_loss":0.0,"damage_taken":0.0}],"is_beta":false,"boss_relics":[{"not_picked":["Runic Dome","Philosopher\u0027s Stone"],"picked":"Sozu"}],"items_purged_floors":[3],"is_endless":false,"potions_floor_spawned":[5,7,16,18,31],"killed_by":"Automaton","ascension_level":20}