{"gold_per_floor":[117,117,117,117,136,136,63,63,111,123,105,149,234,265,277,392,404,428,440,377,389,500,512,524],"floor_reached":24,"playtime":1731,"items_purged":[],"score":188,"play_id":"8ca0df63-d4bd-4657-b0d6-8f2d2496ec5e","local_time":"20180812132818","is_ascension_mode":false,"campfire_choices":[{"data":"Coolheaded","floor":6,"key":"SMITH"},{"data":"Consume","floor":8,"key":"SMITH"},{"data":"Dualcast","floor":10,"key":"SMITH"},{"floor":15,"key":"REST"},{"data":"Creative AI","floor":23,"key":"SMITH"}],"neow_cost":"NONE","seed_source_timestamp":132047641197264,"circlet_count":0,"master_deck":["Strike_B","Strike_B","Strike_B","Defend_B","Defend_B","Defend_B","Defend_B","Zap+1","Dualcast+1","Coolheaded+1","Cold Snap","Cold Snap","Consume+1","Coolheaded","Creative AI+1"],"relics":["Cracked Core","FaceOfCleric","Vajra","MawBank","StoneCalendar","Darkstone Periapt","Cursed Key"],"potions_floor_usage":[16,16],"damage_taken":[{"damage":0,"enemies":"Cultist","floor":1,"turns":4},{"damage":5,"enemies":"Small Slimes","floor":5,"turns":3},{"damage":29,"enemies":"Lagavulin","floor":12,"turns":7},{"damage":7,"enemies":"Jaw Worm","floor":14,"turns":3},{"damage":9,"enemies":"Slime Boss","floor":16,"turns":11},{"damage":9,"enemies":"Chosen","floor":18,"turns":5},{"damage":0,"enemies":"Spheric Guardian","floor":24,"turns":35}],"seed_played":"3701411888841691164","potions_obtained":[{"floor":5,"key":"FocusPotion"},{"floor":11,"key":"Energy Potion"},{"floor":11,"key":"SteroidPotion"}],"is_trial":false,"path_per_floor":["M","?","?","?","M","R","$","R","T","R","?","E","T","M","R","B",null,"M","?","?","?","?","R"],"character_chosen":"DEFECT","items_purchased":["Consume"],"campfire_rested":1,"item_purchase_floors":[7],"current_hp_per_floor":[75,75,75,75,71,71,71,71,71,71,71,43,43,37,60,52,79,71,56,56,56,56,56,56],"gold":524,"neow_bonus":"THREE_CARDS","is_prod":false,"is_daily":false,"chose_seed":false,"campfire_upgraded":4,"win_rate":0,"timestamp":1534046298,"path_taken":["M","?","?","?","M","R","$","R","T","R","?","E","?","M","R","BOSS","M","?","?","?","?","R","M"],"build_version":"2018-08-09","purchased_purges":0,"victory":false,"max_hp_per_floor":[75,75,75,75,76,76,76,76,76,76,76,77,77,78,78,79,79,80,85,85,85,85,85,85],"card_choices":[{"not_picked":["Lockon","Sweeping Beam"],"picked":"Coolheaded","floor":0},{"not_picked":["Compile Driver","Go for the Eyes"],"picked":"Cold Snap","floor":1},{"not_picked":["Sweeping Beam","Steam"],"picked":"Cold Snap","floor":5},{"not_picked":["Cold Snap","Leap"],"picked":"Coolheaded","floor":12},{"not_picked":["Compile Driver","Tempest","Reinforced Body"],"picked":"SKIP","floor":14},{"not_picked":["Meteor Strike","Seek"],"picked":"Creative AI","floor":16},{"not_picked":["Conserve Battery+1","FTL","Go for the Eyes"],"picked":"SKIP","floor":18}],"player_experience":317029,"relics_obtained":[{"floor":9,"key":"MawBank"},{"floor":12,"key":"StoneCalendar"},{"floor":13,"key":"Darkstone Periapt"}],"event_choices":[{"event_name":"FaceTrader","player_choice":"Trade","floor":2,"damage_taken":0},{"event_name":"Big Fish","player_choice":"Box","floor":3,"damage_taken":0},{"event_name":"Upgrade Shrine","player_choice":"Upgraded","floor":4,"damage_taken":0},{"event_name":"The Woman in Blue","player_choice":"Bought 2 Potions","floor":11,"damage_taken":0},{"event_name":"Forgotten Altar","player_choice":"Shed Blood","floor":19,"damage_taken":0},{"event_name":"Beggar","player_choice":"Gave Gold","floor":20,"damage_taken":0},{"event_name":"Back to Basics","player_choice":"Elegance","floor":21,"damage_taken":0},{"event_name":"Nest","player_choice":"Stole From Cult","floor":22,"damage_taken":0}],"is_beta":false,"boss_relics":[{"not_picked":["Tiny House","Orrery"],"picked":"Cursed Key"}],"items_purged_floors":[],"is_endless":false,"potions_floor_spawned":[5,12,14],"killed_by":"Spheric Guardian","ascension_level":0}