{"gold_per_floor":[114,128,146,96,111,111,123,149,225,243,243,256,256,270,270,371,371,391,10,10,27,27,57,57,57],"floor_reached":25,"playtime":648,"items_purged":["Decay"],"score":315,"play_id":"3b26f851-abe5-47d4-b1c5-682d7a71fe98","local_time":"20180801111812","is_ascension_mode":false,"campfire_choices":[{"data":"Crippling Poison","floor":6,"key":"SMITH"},{"data":"Footwork","floor":11,"key":"SMITH"},{"data":"Blur","floor":13,"key":"SMITH"},{"data":"Catalyst","floor":15,"key":"SMITH"},{"floor":24,"key":"REST"}],"neow_cost":"NONE","seed_source_timestamp":50786370616510,"circlet_count":0,"master_deck":["Survivor","Neutralize","Clumsy","Poisoned Stab","Poisoned Stab","Deadly Poison","Dodge and Roll+1","Crippling Poison+1","Cloak And Dagger","Poisoned Stab","Poisoned Stab","Footwork+1","Poisoned Stab","Poisoned Stab","Backflip","Blur+1","Catalyst+1","Quick Slash","Corpse Explosion","Deadly Poison+1","Prepared","Caltrops","Riddle With Holes","Slice","Poisoned Stab","PiercingWail","Distraction","Choke","Footwork","Outmaneuver","Escape Plan","Deadly Poison","Deflect+1","Cloak And Dagger+1","Prepared+1"],"relics":["Calling Bell","Oddly Smooth Stone","Paper Crane","Prayer Wheel","Bag of Marbles","Mercury Hourglass","Pandora\u0027s Box","Toxic Egg 2","CultistMask","War Paint"],"potions_floor_usage":[16,16,21,23,23],"damage_taken":[{"damage":10,"enemies":"Cultist","floor":1,"turns":6},{"damage":2,"enemies":"2 Louse","floor":2,"turns":2},{"damage":12,"enemies":"Jaw Worm","floor":3,"turns":4},{"damage":6,"enemies":"Blue Slaver","floor":5,"turns":3},{"damage":8,"enemies":"Exordium Thugs","floor":7,"turns":5},{"damage":2,"enemies":"Large Slime","floor":10,"turns":4},{"damage":0,"enemies":"Lots of Slimes","floor":12,"turns":3},{"damage":0,"enemies":"2 Fungi Beasts","floor":14,"turns":3},{"damage":0,"enemies":"The Guardian","floor":16,"turns":6},{"damage":13,"enemies":"Shell Parasite","floor":18,"turns":4},{"damage":28,"enemies":"2 Thieves","floor":21,"turns":4},{"damage":24,"enemies":"Book of Stabbing","floor":23,"turns":5},{"damage":32,"enemies":"Slavers","floor":25,"turns":1}],"seed_played":"5720806835354856024","potions_obtained":[{"floor":3,"key":"SkillPotion"},{"floor":5,"key":"AttackPotion"},{"floor":12,"key":"Poison Potion"},{"floor":16,"key":"SkillPotion"},{"floor":21,"key":"SteroidPotion"}],"is_trial":false,"path_per_floor":["M","M","M","?","M","R","M","T","T","M","R","M","R","M","R","B",null,"M","$","?","M","?","E","R"],"character_chosen":"THE_SILENT","items_purchased":["Deadly Poison","Toxic Egg 2"],"campfire_rested":1,"item_purchase_floors":[19,19],"current_hp_per_floor":[60,58,46,46,40,40,32,32,32,30,30,30,30,30,30,30,70,57,57,57,29,29,5,26,0],"gold":57,"neow_bonus":"BOSS_RELIC","is_prod":false,"is_daily":false,"chose_seed":false,"campfire_upgraded":4,"win_rate":0,"timestamp":1533088092,"path_taken":["M","?","?","?","M","R","M","?","T","?","R","M","R","M","R","BOSS","M","$","?","M","?","E","R","E"],"build_version":"2018-07-26","purchased_purges":1,"victory":false,"max_hp_per_floor":[70,70,70,70,70,70,70,70,70,70,70,70,70,70,70,70,70,70,70,70,70,70,70,70,70],"card_choices":[{"not_picked":["Masterful Stab","Quick Slash"],"picked":"Poisoned Stab","floor":1},{"not_picked":["Distraction","Skewer"],"picked":"Poisoned Stab","floor":1},{"not_picked":["Quick Slash","Footwork"],"picked":"Deadly Poison","floor":2},{"not_picked":["Underhanded Strike","Acrobatics"],"picked":"Dodge and Roll","floor":2},{"not_picked":["Deflect","Doppelganger"],"picked":"Crippling Poison","floor":3},{"not_picked":["Prepared","PiercingWail"],"picked":"Cloak And Dagger","floor":3},{"not_picked":["Dodge and Roll","Prepared"],"picked":"Poisoned Stab","floor":5},{"not_picked":["Acrobatics","Sucker Punch"],"picked":"Poisoned Stab","floor":5},{"not_picked":["Poisoned Stab","Doppelganger"],"picked":"Footwork","floor":7},{"not_picked":["Slice","Eviscerate","Flechettes"],"picked":"SKIP","floor":7},{"not_picked":["PiercingWail","Cloak And Dagger"],"picked":"Poisoned Stab","floor":10},{"not_picked":["PiercingWail","Deadly Poison"],"picked":"Poisoned Stab","floor":10},{"not_picked":["Tactician","Cloak And Dagger"],"picked":"Backflip","floor":12},{"not_picked":["Well Laid Plans","Quick Slash"],"picked":"Blur","floor":12},{"not_picked":["Concentrate","Masterful Stab"],"picked":"Catalyst","floor":14},{"not_picked":["Eviscerate","Dagger Spray"],"picked":"Quick Slash","floor":14},{"not_picked":["Venomology","Night Terror"],"picked":"Corpse Explosion","floor":16},{"not_picked":["Setup","Slice"],"picked":"Outmaneuver","floor":18},{"not_picked":["Backflip","Deflect"],"picked":"Escape Plan","floor":18},{"not_picked":["Reflex+1","Tactician+1"],"picked":"Deflect+1","floor":21},{"not_picked":["Backflip+1","Underhanded Strike"],"picked":"Cloak And Dagger+1","floor":21},{"not_picked":["Grand Finale","Finisher"],"picked":"Prepared+1","floor":23}],"player_experience":285422,"relics_obtained":[{"floor":0,"key":"Oddly Smooth Stone"},{"floor":0,"key":"Paper Crane"},{"floor":0,"key":"Prayer Wheel"},{"floor":8,"key":"Bag of Marbles"},{"floor":9,"key":"Mercury Hourglass"},{"floor":23,"key":"War Paint"}],"event_choices":[{"event_name":"The Cleric","player_choice":"Card Removal","floor":4,"damage_taken":0},{"event_name":"FaceTrader","player_choice":"Trade","floor":20,"damage_taken":0},{"event_name":"Beggar","player_choice":"Ignored","floor":22,"damage_taken":0}],"is_beta":false,"boss_relics":[{"not_picked":["Eternal Feather","Black Star"],"picked":"Pandora\u0027s Box"}],"items_purged_floors":[19],"is_endless":false,"potions_floor_spawned":[3,5,12,14,16,21],"killed_by":"Slavers","ascension_level":0}