{"gold_per_floor":[216,236,126,144,94,94,107,137,137,137,166,166,166,191,191,191],"floor_reached":16,"playtime":604,"items_purged":["Strike_R"],"score":110,"play_id":"2c77308d-fbc5-4044-896b-5263e77326d1","local_time":"20181210120007","is_ascension_mode":false,"campfire_choices":[{"data":"Infernal Blade","floor":6,"key":"SMITH"},{"data":"Flex","floor":10,"key":"SMITH"},{"data":"Fiend Fire","floor":13,"key":"SMITH"},{"data":"Heavy Blade","floor":15,"key":"SMITH"}],"neow_cost":"NONE","seed_source_timestamp":989267998708053,"circlet_count":0,"master_deck":["Strike_R","Strike_R","Strike_R","Strike_R","Defend_R","Defend_R","Defend_R","Bash","Infernal Blade+1","Heavy Blade+1","Battle Trance","Sentinel","Flex+1","Fiend Fire+1","Whirlwind"],"relics":["Burning Blood","Sundial","Pantograph","Gremlin Horn","Golden Idol"],"potions_floor_usage":[8,8,16,16,16],"damage_taken":[{"damage":2,"enemies":"2 Louse","floor":1,"turns":3},{"damage":11,"enemies":"Jaw Worm","floor":2,"turns":3},{"damage":0,"enemies":"Cultist","floor":4,"turns":2},{"damage":11,"enemies":"Exordium Wildlife","floor":7,"turns":4},{"damage":20,"enemies":"Gremlin Nob","floor":8,"turns":4},{"damage":31,"enemies":"Lagavulin","floor":11,"turns":4},{"damage":5,"enemies":"Looter","floor":14,"turns":2},{"damage":65,"enemies":"Hexaghost","floor":16,"turns":7}],"seed_played":"4590795292716301497","potions_obtained":[{"floor":2,"key":"FearPotion"},{"floor":7,"key":"Weak Potion"},{"floor":8,"key":"EssenceOfSteel"},{"floor":11,"key":"Poison Potion"},{"floor":14,"key":"FearPotion"}],"is_trial":false,"path_per_floor":["M","M","$","M","?","R","M","E","T","R","E","?","R","M","R","B"],"character_chosen":"IRONCLAD","items_purchased":["Battle Trance"],"campfire_rested":0,"item_purchase_floors":[3],"current_hp_per_floor":[80,75,75,80,80,80,75,61,61,61,36,36,36,37,37,0],"gold":191,"neow_bonus":"HUNDRED_GOLD","is_prod":false,"is_daily":false,"chose_seed":false,"campfire_upgraded":4,"win_rate":0,"timestamp":1544410807,"path_taken":["M","M","$","M","?","R","M","E","T","R","E","?","R","M","R","BOSS"],"build_version":"2018-12-06","purchased_purges":1,"victory":false,"max_hp_per_floor":[80,80,80,80,80,80,80,80,80,80,80,74,74,74,74,74],"card_choices":[{"not_picked":["Thunderclap","Twin Strike"],"picked":"Infernal Blade","floor":1},{"not_picked":["Wild Strike","Second Wind"],"picked":"Heavy Blade","floor":2},{"not_picked":["Warcry","Wild Strike","Body Slam"],"picked":"SKIP","floor":4},{"not_picked":["Body Slam","Cleave"],"picked":"Sentinel","floor":7},{"not_picked":["Shrug It Off","Dark Embrace"],"picked":"Flex","floor":8},{"not_picked":["Whirlwind","Feed"],"picked":"Fiend Fire","floor":11},{"not_picked":["Sword Boomerang","Dropkick"],"picked":"Whirlwind","floor":14}],"player_experience":125506,"relics_obtained":[{"floor":8,"key":"Sundial"},{"floor":9,"key":"Pantograph"},{"floor":11,"key":"Gremlin Horn"}],"event_choices":[{"cards_removed":["Defend_R"],"damage_healed":0,"gold_gain":0,"player_choice":"Card Removal","damage_taken":0,"max_hp_gain":0,"max_hp_loss":0,"event_name":"The Cleric","floor":5,"gold_loss":50},{"damage_healed":0,"gold_gain":0,"player_choice":"Lose Max HP","damage_taken":0,"relics_obtained":["Golden Idol"],"max_hp_gain":0,"max_hp_loss":6,"event_name":"Golden Idol","floor":12,"gold_loss":0}],"is_beta":false,"boss_relics":[],"items_purged_floors":[3],"is_endless":false,"potions_floor_spawned":[2,7,8,11,14],"killed_by":"Hexaghost","ascension_level":0}