{"path_per_floor":["M","M","?","M","M","R","?","$","T","M","R","?","R","$","R","B",null,"M","?","$","?","M","R"],"character_chosen":"DEFECT","items_purchased":["Glacier","Self Repair","Static Discharge","Gash","Gash","Scrape","Consume"],"gold_per_floor":[111,131,231,242,257,257,257,22,22,36,36,111,111,2,2,122,122,145,178,17,17,41,41,41],"floor_reached":24,"campfire_rested":2,"playtime":1096,"item_purchase_floors":[8,8,14,14,20,20,20],"current_hp_per_floor":[80,74,74,72,55,81,81,81,81,82,82,71,71,71,71,54,82,59,24,24,24,11,35,0],"items_purged":["Decay"],"gold":41,"score":221,"play_id":"d9915db4-1c0d-463f-82dd-d932686a8fc8","local_time":"20180615090455","is_prod":false,"is_daily":false,"chose_seed":false,"is_ascension_mode":true,"campfire_upgraded":3,"win_rate":0,"timestamp":1529067895,"campfire_choices":[{"floor":6,"key":"REST"},{"data":"Genetic Algorithm","floor":11,"key":"SMITH"},{"data":"Self Repair","floor":13,"key":"SMITH"},{"data":"Static Discharge","floor":15,"key":"SMITH"},{"floor":23,"key":"REST"}],"path_taken":["M","M","?","M","M","R","?","?","T","?","R","?","R","$","R","BOSS","M","?","$","?","M","R","E"],"build_version":"2018-06-14v2","seed_source_timestamp":106145308269350,"purchased_purges":1,"victory":false,"master_deck":["Zap","Dualcast","Ball Lightning","Genetic Algorithm+1","BootSequence","Streamline","Glacier","Self Repair+1","Doom and Gloom","Static Discharge+1","Gash","Machine Learning","Hologram","Fusion","Streamline","Auto Shields","Compile Driver","Barrage","Reprogram","Tempest","Coolheaded","Gash","Scrape","Consume","Self Repair"],"max_hp_per_floor":[89,89,89,89,89,89,82,82,82,82,82,82,82,82,82,82,82,82,82,82,82,82,82,82],"relics":["Cracked Core","Mango","Golden Idol","The Courier","Pandora\u0027s Box","Red Mask"],"card_choices":[{"not_picked":["Double Energy","Barrage"],"picked":"Ball Lightning","floor":1},{"not_picked":["Gash","Seek"],"picked":"Genetic Algorithm","floor":2},{"not_picked":["Fusion","Ball Lightning"],"picked":"BootSequence","floor":4},{"not_picked":["Gash","Beam Cell"],"picked":"Streamline","floor":5},{"not_picked":["Beam Cell","Barrage"],"picked":"Doom and Gloom","floor":10},{"not_picked":["Seek","Hyperbeam"],"picked":"Machine Learning","floor":16},{"not_picked":["Stack","Scrape","Go for the Eyes"],"picked":"SKIP","floor":18},{"not_picked":["Darkness","Turbo"],"picked":"Coolheaded","floor":19},{"not_picked":["Stack","Turbo"],"picked":"Self Repair","floor":22}],"player_experience":566521,"potions_floor_usage":[19],"damage_taken":[{"damage":9,"enemies":"Small Slimes","floor":1,"turns":2},{"damage":6,"enemies":"Cultist","floor":2,"turns":3},{"damage":2,"enemies":"Jaw Worm","floor":4,"turns":2},{"damage":17,"enemies":"3 Louse","floor":5,"turns":4},{"damage":1,"enemies":"Blue Slaver","floor":10,"turns":4},{"damage":27,"enemies":"Slime Boss","floor":16,"turns":12},{"damage":33,"enemies":"Shell Parasite","floor":18,"turns":4},{"damage":35,"floor":19,"turns":3},{"damage":13,"enemies":"Spheric Guardian","floor":22,"turns":4},{"damage":36,"enemies":"Book of Stabbing","floor":24,"turns":4}],"relics_obtained":[{"floor":9,"key":"The Courier"},{"floor":19,"key":"Red Mask"}],"event_choices":[{"event_name":"Golden Shrine","player_choice":"Pray","floor":3,"damage_taken":0},{"event_name":"Golden Idol","player_choice":"Lose Max HP","floor":7,"damage_taken":0},{"event_name":"World of Goop","player_choice":"Gather Gold","floor":12,"damage_taken":0},{"event_name":"Masked Bandits","player_choice":"Fought over 145 gold","floor":19,"damage_taken":0},{"event_name":"Drug Dealer","player_choice":"Ignored","floor":21,"damage_taken":0}],"boss_relics":[{"not_picked":["Calling Bell","Runic Pyramid"],"picked":"Pandora\u0027s Box"}],"items_purged_floors":[8],"is_endless":false,"potions_floor_spawned":[4,16],"seed_played":"8271252409355893020","killed_by":"Book of Stabbing","ascension_level":4,"potions_obtained":[{"floor":4,"key":"Poison Potion"},{"floor":16,"key":"Fire Potion"}],"is_trial":false}