{"gold_per_floor":[114,132,152,227,227,227,255,255,307,323,323,335,365,41,41,41],"floor_reached":16,"playtime":1213,"items_purged":["Strike_G"],"score":100,"play_id":"548dadd4-f25e-4691-a51e-d1f4a2719c1d","local_time":"20180702080252","is_ascension_mode":false,"campfire_choices":[{"floor":6,"key":"REST"},{"floor":8,"key":"REST"},{"data":"Endless Agony","floor":11,"key":"SMITH"},{"floor":15,"key":"REST"}],"neow_cost":"NONE","seed_source_timestamp":648757621433510,"circlet_count":0,"master_deck":["Defend_G","Defend_G","Defend_G","Defend_G","Strike_G","Strike_G","Strike_G","Survivor","Neutralize","PiercingWail","Backflip","Endless Agony+1","Footwork","Leg Sweep","Blur","Cloak And Dagger","Dash"],"relics":["Ring of the Snake","Lantern","Potion Belt","Tiny Chest","Vajra"],"potions_floor_usage":[16,16],"damage_taken":[{"damage":0,"enemies":"Jaw Worm","floor":1,"turns":6},{"damage":0,"enemies":"Small Slimes","floor":2,"turns":5},{"damage":0,"enemies":"Cultist","floor":3,"turns":5},{"damage":41,"enemies":"Gremlin Nob","floor":7,"turns":6},{"damage":3,"enemies":"Large Slime","floor":10,"turns":10},{"damage":0,"enemies":"Looter","floor":12,"turns":4},{"damage":67,"enemies":"Hexaghost","floor":16,"turns":20}],"seed_played":"6958596173312962085","potions_obtained":[{"floor":10,"key":"Poison Potion"},{"floor":12,"key":"GamblersBrew"}],"is_trial":false,"path_per_floor":["M","M","M","?","?","R","E","R","T","M","R","M","?","$","R"],"character_chosen":"THE_SILENT","items_purchased":["Vajra","Cloak And Dagger","Dash"],"campfire_rested":3,"item_purchase_floors":[14,14,14],"current_hp_per_floor":[70,70,70,59,59,70,29,50,50,47,47,47,44,44,65,0],"gold":41,"neow_bonus":"REMOVE_CARD","is_prod":false,"is_daily":false,"chose_seed":false,"campfire_upgraded":1,"win_rate":0,"timestamp":1530532972,"path_taken":["M","M","M","?","?","R","E","R","T","M","R","M","?","$","R","BOSS"],"build_version":"2018-06-28","purchased_purges":1,"victory":false,"max_hp_per_floor":[70,70,70,70,70,70,70,70,70,70,70,70,70,70,70,70],"card_choices":[{"not_picked":["Outmaneuver","Underhanded Strike"],"picked":"PiercingWail","floor":1},{"not_picked":["Underhanded Strike","PiercingWail"],"picked":"Backflip","floor":2},{"not_picked":["Prepared","Dagger Throw"],"picked":"Endless Agony","floor":3},{"not_picked":["Deadly Poison","Masterful Stab"],"picked":"Footwork","floor":7},{"not_picked":["Dagger Spray","Bane"],"picked":"Leg Sweep","floor":10},{"not_picked":["Catalyst","Acrobatics"],"picked":"Blur","floor":12}],"player_experience":894640,"relics_obtained":[{"floor":7,"key":"Lantern"},{"floor":9,"key":"Potion Belt"}],"event_choices":[{"event_name":"World of Goop","player_choice":"Gather Gold","floor":4,"damage_taken":0},{"event_name":"Living Wall","player_choice":"Forget","floor":5,"damage_taken":0},{"event_name":"Scrap Ooze","player_choice":"success","floor":13,"damage_taken":3}],"boss_relics":[],"items_purged_floors":[14],"is_endless":false,"potions_floor_spawned":[10,12],"killed_by":"Hexaghost","ascension_level":0}