{"gold_per_floor":[110,58,58,58,133,167,188,188,188,188,113,113,113,132,132,260,260,278,278,290,302,334,346,358,153,153,153,194,269,287,300,300,430,430,455,471,495,495,510,510,510,533,556,581,18,37,37,60,60,60],"floor_reached":51,"playtime":2081,"items_purged":["Strike_R","Writhe"],"score":763,"play_id":"fb80bdd9-9674-4aad-9a8a-fcbb71efe76f","local_time":"20181214131910","is_ascension_mode":false,"campfire_choices":[{"data":"Armaments","floor":8,"key":"SMITH"},{"data":"Cleave","floor":10,"key":"SMITH"},{"data":"Shrug It Off","floor":13,"key":"SMITH"},{"data":"Iron Wave","floor":15,"key":"SMITH"},{"data":"Bash","floor":23,"key":"SMITH"},{"floor":27,"key":"REST"},{"data":"Perfected Strike","floor":32,"key":"SMITH"},{"data":"Body Slam","floor":41,"key":"SMITH"},{"data":"Flex","floor":47,"key":"SMITH"},{"floor":49,"key":"REST"}],"neow_cost":"NONE","seed_source_timestamp":1338123915917155,"circlet_count":0,"master_deck":["Strike_R","Strike_R","Strike_R","Strike_R","Defend_R","Defend_R","Defend_R","Bash+1","Shrug It Off+1","Armaments+1","Cleave+1","Iron Wave+1","Shrug It Off+1","Perfected Strike+1","Thunderclap+1","Body Slam+1","Flex+1"],"relics":["Burning Blood","NeowsBlessing","Golden Idol","Lantern","Happy Flower","Mercury Hourglass","Busted Crown","MawBank","Strawberry","Nilry\u0027s Codex","Tiny Chest","Shuriken","Mango","Darkstone Periapt","Velvet Choker","Potion Belt","Pen Nib","Kunai","Toolbox"],"potions_floor_usage":[31,33,33,33,33,42,50,50,50,50],"damage_taken":[{"damage":0,"enemies":"Small Slimes","floor":1,"turns":1},{"damage":0,"enemies":"Gremlin Nob","floor":6,"turns":1},{"damage":5,"enemies":"2 Louse","floor":7,"turns":2},{"damage":1,"enemies":"Cultist","floor":14,"turns":3},{"damage":25,"enemies":"Slime Boss","floor":16,"turns":10},{"damage":8,"enemies":"Shell Parasite","floor":18,"turns":5},{"damage":24,"enemies":"2 Thieves","floor":22,"turns":4},{"damage":38,"enemies":"Book of Stabbing","floor":28,"turns":5},{"damage":1,"enemies":"Cultist and Chosen","floor":30,"turns":5},{"damage":14,"enemies":"Snecko","floor":31,"turns":4},{"damage":50,"enemies":"Collector","floor":33,"turns":6},{"damage":0,"enemies":"3 Shapes","floor":35,"turns":4},{"damage":8,"enemies":"Orb Walker","floor":36,"turns":3},{"damage":3,"enemies":"Transient","floor":37,"turns":5},{"damage":12,"enemies":"Sphere and 2 Shapes","floor":39,"turns":4},{"damage":7,"enemies":"Jaw Worm Horde","floor":42,"turns":3},{"damage":20,"enemies":"Spire Growth","floor":46,"turns":3},{"damage":0,"enemies":"Transient","floor":48,"turns":5},{"damage":56,"enemies":"Awakened One","floor":50,"turns":10}],"seed_played":"-7188102804703552610","potions_obtained":[{"floor":1,"key":"Dexterity Potion"},{"floor":14,"key":"Fruit Juice"},{"floor":30,"key":"Dexterity Potion"},{"floor":31,"key":"EntropicBrew"},{"floor":33,"key":"BloodPotion"},{"floor":36,"key":"LiquidBronze"},{"floor":39,"key":"Poison Potion"},{"floor":46,"key":"SpeedPotion"}],"is_trial":false,"path_per_floor":["M","$","?","?","?","E","M","R","T","R","$","?","R","M","R","B",null,"M","?","?","$","M","R","?","$","T","R","E","T","M","M","R","B",null,"M","M","M","?","M","?","R","M","T","T","$","M","R","M","R","B",null],"character_chosen":"IRONCLAD","items_purchased":["Shrug It Off","Tiny Chest","Kunai","Flex","Regen Potion","Toolbox"],"campfire_rested":2,"item_purchase_floors":[2,25,45,45,45,45],"current_hp_per_floor":[80,80,80,74,63,69,70,70,70,70,70,52,52,57,57,38,74,72,72,79,79,61,61,45,45,45,69,51,51,56,53,53,24,100,100,98,100,100,94,94,94,93,93,93,93,79,79,85,100,75],"gold":60,"neow_bonus":"THREE_ENEMY_KILL","is_prod":false,"is_daily":false,"chose_seed":false,"campfire_upgraded":8,"win_rate":0,"timestamp":1544761150,"path_taken":["M","$","?","?","?","E","M","R","T","R","$","?","R","M","R","BOSS","M","?","?","$","?","R","?","$","T","R","E","?","M","M","R","BOSS","M","?","M","?","M","?","R","M","T","?","$","M","R","M","R","BOSS"],"build_version":"2018-12-13","purchased_purges":2,"victory":true,"max_hp_per_floor":[80,80,80,74,74,74,74,74,74,74,74,74,74,74,74,74,74,74,74,81,81,81,81,81,81,81,81,95,95,95,100,100,100,100,100,100,100,100,100,100,100,100,100,100,100,100,100,100,100,100],"card_choices":[{"not_picked":["Bloodletting","Havoc","Warcry"],"picked":"SKIP","floor":1},{"not_picked":["Sever Soul","Spot Weakness"],"picked":"Armaments","floor":6},{"not_picked":["Burning Pact","Power Through"],"picked":"Cleave","floor":7},{"not_picked":["Havoc","Warcry"],"picked":"Iron Wave","floor":14},{"not_picked":["Reckless Charge"],"picked":"SKIP","floor":18},{"not_picked":["Headbutt"],"picked":"SKIP","floor":22},{"not_picked":[],"picked":"Shrug It Off+1","floor":28},{"not_picked":[],"picked":"Perfected Strike","floor":30},{"not_picked":["Sever Soul"],"picked":"SKIP","floor":31},{"not_picked":[],"picked":"Thunderclap+1","floor":35},{"not_picked":[],"picked":"Body Slam","floor":36},{"not_picked":["Rampage+1"],"picked":"SKIP","floor":37},{"not_picked":["Pummel+1"],"picked":"SKIP","floor":39},{"not_picked":["Pummel+1"],"picked":"SKIP","floor":39},{"not_picked":["Second Wind+1"],"picked":"SKIP","floor":42},{"not_picked":["Second Wind+1"],"picked":"SKIP","floor":42},{"not_picked":["Havoc"],"picked":"SKIP","floor":46},{"not_picked":["Entrench+1"],"picked":"SKIP","floor":48},{"not_picked":["Entrench+1"],"picked":"SKIP","floor":48}],"player_experience":185669,"relics_obtained":[{"floor":6,"key":"Lantern"},{"floor":9,"key":"Happy Flower"},{"floor":20,"key":"Strawberry"},{"floor":24,"key":"Nilry\u0027s Codex"},{"floor":26,"key":"Shuriken"},{"floor":28,"key":"Mango"},{"floor":29,"key":"Darkstone Periapt"},{"floor":43,"key":"Potion Belt"},{"floor":44,"key":"Pen Nib"}],"event_choices":[{"damage_healed":0,"gold_gain":0,"player_choice":"Ignored","damage_taken":0,"max_hp_gain":0,"max_hp_loss":0,"event_name":"Liars Game","floor":3,"gold_loss":0},{"damage_healed":0,"gold_gain":0,"player_choice":"Lose Max HP","damage_taken":0,"relics_obtained":["Golden Idol"],"max_hp_gain":0,"max_hp_loss":6,"event_name":"Golden Idol","floor":4,"gold_loss":0},{"damage_healed":0,"gold_gain":75,"player_choice":"Gather Gold","damage_taken":11,"max_hp_gain":0,"max_hp_loss":0,"event_name":"World of Goop","floor":5,"gold_loss":0},{"damage_healed":0,"gold_gain":0,"player_choice":"Success","damage_taken":18,"relics_obtained":["Mercury Hourglass"],"max_hp_gain":0,"max_hp_loss":0,"event_name":"Scrap Ooze","floor":12,"gold_loss":0},{"damage_healed":0,"gold_gain":0,"player_choice":"Opened","damage_taken":0,"relics_obtained":["MawBank"],"max_hp_gain":0,"max_hp_loss":0,"event_name":"The Mausoleum","floor":19,"gold_loss":0,"cards_obtained":["Writhe"]},{"damage_healed":0,"gold_gain":0,"player_choice":"Relic","damage_taken":0,"max_hp_gain":0,"max_hp_loss":0,"event_name":"Wheel of Change","floor":20,"gold_loss":0},{"damage_healed":0,"gold_gain":0,"player_choice":"Obtained Book","damage_taken":16,"max_hp_gain":0,"max_hp_loss":0,"event_name":"Cursed Tome","floor":24,"gold_loss":0},{"cards_removed":["Defend_R"],"damage_healed":0,"gold_gain":0,"player_choice":"Removed Skill","damage_taken":0,"max_hp_gain":0,"max_hp_loss":0,"event_name":"Falling","floor":38,"gold_loss":0},{"damage_healed":0,"gold_gain":0,"player_choice":"Memory 1","damage_taken":0,"max_hp_gain":0,"max_hp_loss":0,"event_name":"SensoryStone","floor":40,"gold_loss":0}],"is_beta":false,"boss_relics":[{"not_picked":["Philosopher\u0027s Stone","Astrolabe"],"picked":"Busted Crown"},{"not_picked":["Cursed Key","Runic Dome"],"picked":"Velvet Choker"}],"items_purged_floors":[11,25],"is_endless":false,"potions_floor_spawned":[1,14,30,31,33,36,39,46],"ascension_level":0}