{"gold_per_floor":[109,109,109,120,135,135,149,167,193,193,207,223,243,260,260,364,364,384,397,416,147,166,166,166,166,166,166,90,118],"floor_reached":29,"playtime":6164,"items_purged":["Strike_B"],"score":266,"play_id":"ae710ab9-4a7d-4d53-ade6-fe50a58d68a2","local_time":"20190126120410","is_ascension_mode":false,"campfire_choices":[{"data":"Chill","floor":6,"key":"SMITH"},{"data":"Defragment","floor":10,"key":"SMITH"},{"floor":15,"key":"REST"},{"data":"Defragment","floor":23,"key":"SMITH"},{"data":"Storm","floor":25,"key":"SMITH"},{"data":"Loop","floor":27,"key":"SMITH"}],"neow_cost":"NONE","seed_source_timestamp":0,"circlet_count":0,"master_deck":["Strike_B","Strike_B","Strike_B","Defend_B","Defend_B","Defend_B","Defend_B","Zap","Dualcast","Defragment+1","Loop+1","Cold Snap","Redo","Go for the Eyes","Capacitor","Chill+1","Electrodynamics","Cold Snap","Ball Lightning","Cold Snap","Biased Cognition","Conserve Battery","Cold Snap+1","Defragment+1","Conserve Battery","Doom and Gloom","Storm+1","Defragment"],"special_seed":0,"relics":["Orrery","Happy Flower"],"potions_floor_usage":[7],"damage_taken":[{"damage":6.0,"enemies":"Jaw Worm","floor":1.0,"turns":4.0},{"damage":1.0,"enemies":"Small Slimes","floor":4.0,"turns":5.0},{"damage":1,"enemies":"Cultist","floor":5,"turns":5},{"damage":25,"enemies":"Gremlin Gang","floor":7,"turns":5},{"damage":10,"enemies":"Blue Slaver","floor":8,"turns":5},{"damage":0,"enemies":"2 Fungi Beasts","floor":11,"turns":4},{"damage":7,"enemies":"Large Slime","floor":12,"turns":5},{"damage":9,"enemies":"Blue Slaver","floor":13,"turns":5},{"damage":0,"enemies":"2 Fungi Beasts","floor":14,"turns":4},{"damage":23,"enemies":"The Guardian","floor":16,"turns":12},{"damage":1,"enemies":"Chosen","floor":18,"turns":6},{"damage":1,"enemies":"Spheric Guardian","floor":19,"turns":4},{"damage":11,"enemies":"Snecko","floor":20,"turns":4},{"damage":11,"enemies":"Snake Plant","floor":22,"turns":7},{"damage":12,"enemies":"Book of Stabbing","floor":29,"turns":6}],"seed_played":"8067704290959870342","potions_obtained":[{"floor":4,"key":"PowerPotion"},{"floor":7,"key":"FearPotion"},{"floor":12,"key":"SmokeBomb"},{"floor":13,"key":"GamblersBrew"},{"floor":18,"key":"Explosive Potion"},{"floor":20,"key":"EssenceOfSteel"}],"is_trial":false,"path_per_floor":["M","?","?","M","M","R","M","M","T","R","M","M","M","M","R","B",null,"M","M","M","$","M","R","?","R","T","R","$","E"],"character_chosen":"DEFECT","items_purchased":["Defragment","Conserve Battery","Doom and Gloom","Defragment"],"campfire_rested":1,"item_purchase_floors":[21,21,21,28],"current_hp_per_floor":[69,74,74,73,72,72,47,37,37,37,37,30,21,21,45,22,80,79,78,67,67,56,56,56,56,56,56,56,44],"gold":118,"neow_bonus":"BOSS_RELIC","is_prod":false,"is_daily":false,"chose_seed":false,"campfire_upgraded":5,"win_rate":0,"timestamp":1548466450,"path_taken":["M","?","?","M","?","R","M","M","T","R","M","?","M","M","R","BOSS","M","?","M","$","M","R","?","R","T","R","$","E"],"build_version":"2019-01-23","purchased_purges":1,"victory":false,"max_hp_per_floor":[75,80,80,80,80,80,80,80,80,80,80,80,80,80,80,80,80,80,80,80,80,80,80,80,80,80,80,80,80],"card_choices":[{"not_picked":["Stack","Conserve Battery"],"picked":"Defragment","floor":0.0},{"not_picked":["Cold Snap","Sweeping Beam"],"picked":"Loop","floor":0.0},{"not_picked":["Force Field","Blizzard"],"picked":"Cold Snap","floor":0.0},{"not_picked":["Rip and Tear","Gash"],"picked":"Redo","floor":0.0},{"not_picked":["Compile Driver","Hologram"],"picked":"Go for the Eyes","floor":0.0},{"not_picked":["Ball Lightning","Barrage","Steam"],"picked":"SKIP","floor":1.0},{"not_picked":["Cold Snap","Rip and Tear"],"picked":"Capacitor","floor":4},{"not_picked":["Blizzard","Genetic Algorithm"],"picked":"Chill","floor":5},{"not_picked":["Blizzard","Auto Shields"],"picked":"Electrodynamics","floor":7},{"not_picked":["Sweeping Beam","Aggregate"],"picked":"Cold Snap","floor":8},{"not_picked":["Streamline","Barrage","Beam Cell"],"picked":"SKIP","floor":11},{"not_picked":["Gash","Sweeping Beam","Rebound"],"picked":"SKIP","floor":12},{"not_picked":["Go for the Eyes","Meteor Strike"],"picked":"Ball Lightning","floor":13},{"not_picked":["Ball Lightning","Scrape"],"picked":"Cold Snap","floor":14},{"not_picked":["Fission","Hyperbeam"],"picked":"Biased Cognition","floor":16},{"not_picked":["Compile Driver+1","Turbo+1"],"picked":"Conserve Battery","floor":18},{"not_picked":["Steam","Conserve Battery"],"picked":"Cold Snap+1","floor":19},{"not_picked":["Leap","Rip and Tear","Steam Power"],"picked":"SKIP","floor":20},{"not_picked":["Scrape+1","Barrage+1"],"picked":"Storm","floor":22}],"player_experience":516956,"relics_obtained":[{"floor":29,"key":"Happy Flower"}],"event_choices":[{"damage_healed":0.0,"max_hp_gain":5.0,"max_hp_loss":0.0,"gold_gain":0.0,"event_name":"Big Fish","player_choice":"Donut","floor":2.0,"gold_loss":0.0,"damage_taken":0.0},{"damage_healed":0.0,"max_hp_gain":0.0,"max_hp_loss":0.0,"gold_gain":0.0,"event_name":"Match and Keep!","player_choice":"0 cards matched","floor":3.0,"gold_loss":0.0,"damage_taken":0.0,"cards_obtained":[]}],"is_beta":false,"boss_relics":[{"not_picked":["Tiny House","Busted Crown","Runic Dome"]}],"items_purged_floors":[21],"is_endless":false,"potions_floor_spawned":[4,7,12,13,14,18,20,29],"killed_by":"Book of Stabbing","ascension_level":0}