{"gold_per_floor":[119,419,435,445,455,455,472,461,461,461,477,488,488],"floor_reached":13,"playtime":499,"items_purged":[],"score":81,"play_id":"45371504-a564-4799-b51a-98533effc883","local_time":"20180811003453","is_ascension_mode":false,"campfire_choices":[{"data":"Loop","floor":6,"key":"SMITH"},{"floor":10,"key":"REST"}],"neow_cost":"NONE","seed_source_timestamp":474814306693,"circlet_count":0,"master_deck":["Strike_B","Strike_B","Strike_B","Strike_B","Defend_B","Defend_B","Defend_B","Defend_B","Zap","Dualcast","Loop+1","Defragment","Consume"],"relics":["Busted Crown","Old Coin","Frozen Egg 2"],"potions_floor_usage":[11,11],"damage_taken":[{"damage":0,"enemies":"Cultist","floor":1,"turns":4},{"damage":4,"enemies":"2 Louse","floor":3,"turns":3},{"damage":1,"enemies":"Jaw Worm","floor":4,"turns":4},{"damage":18,"enemies":"Lots of Slimes","floor":5,"turns":5},{"damage":15,"enemies":"3 Louse","floor":7,"turns":5},{"damage":12,"enemies":"Exordium Thugs","floor":8,"turns":4},{"damage":10,"enemies":"Large Slime","floor":11,"turns":4},{"damage":10,"enemies":"Looter","floor":12,"turns":4},{"damage":13,"enemies":"Lagavulin","floor":13,"turns":4}],"seed_played":"-2100904545933139910","potions_obtained":[{"floor":1,"key":"EssenceOfSteel"},{"floor":4,"key":"LiquidBronze"},{"floor":7,"key":"SpeedPotion"}],"is_trial":false,"path_per_floor":["M","?","M","M","M","R","M","M","T","R","M","M"],"character_chosen":"DEFECT","items_purchased":[],"campfire_rested":1,"item_purchase_floors":[],"current_hp_per_floor":[75,57,53,52,34,34,19,7,7,29,19,9,0],"gold":488,"neow_bonus":"BOSS_RELIC","is_prod":false,"is_daily":false,"chose_seed":false,"campfire_upgraded":1,"win_rate":0,"timestamp":1533913493,"path_taken":["M","?","M","?","M","R","M","M","T","R","M","M","E"],"build_version":"2018-08-09","purchased_purges":0,"victory":false,"max_hp_per_floor":[75,75,75,75,75,75,75,75,75,75,75,75,75],"card_choices":[{"not_picked":["Rip and Tear"],"picked":"SKIP","floor":1},{"not_picked":[],"picked":"Loop","floor":3},{"not_picked":["Redo"],"picked":"SKIP","floor":4},{"not_picked":["Stack"],"picked":"SKIP","floor":5},{"not_picked":["Conserve Battery"],"picked":"SKIP","floor":7},{"not_picked":[],"picked":"Defragment","floor":8},{"not_picked":[],"picked":"Consume","floor":11},{"not_picked":["Stack"],"picked":"SKIP","floor":12}],"player_experience":308028,"relics_obtained":[{"floor":9,"key":"Frozen Egg 2"}],"event_choices":[{"event_name":"Scrap Ooze","player_choice":"success","floor":2,"damage_taken":18}],"is_beta":false,"boss_relics":[],"items_purged_floors":[],"is_endless":false,"potions_floor_spawned":[1,4,7,8],"killed_by":"Lagavulin","ascension_level":0}