{"path_per_floor":["M","?","?","$","?","E","R","M","T","$","M","M","?","M","R","B",null,"M","?","?","M"],"character_chosen":"IRONCLAD","items_purchased":["Flex"],"gold_per_floor":[113,113,213,88,88,114,114,127,127,27,37,55,130,146,146,245,245,265,180,180,180,180],"floor_reached":22,"campfire_rested":1,"playtime":479,"item_purchase_floors":[4],"current_hp_per_floor":[80,64,64,64,64,51,75,74,74,74,80,80,69,69,69,25,80,80,80,80,75,0],"items_purged":["Defend_R","Bash"],"gold":180,"score":184,"play_id":"4488f0f9-a00d-48b2-b3c7-2b81ae60eafa","local_time":"20180526184354","is_prod":false,"is_daily":false,"chose_seed":false,"is_ascension_mode":false,"campfire_upgraded":1,"win_rate":0.0,"timestamp":1527378234,"campfire_choices":[{"floor":7,"key":"REST"},{"data":"Inflame","floor":15,"key":"SMITH"}],"path_taken":["M","?","?","$","?","E","R","?","T","?","M","?","?","M","R","BOSS","M","?","?","M","?"],"build_version":"2018-05-25","seed_source_timestamp":323312912504500,"purchased_purges":2,"victory":false,"master_deck":["Strike_R","Strike_R","Strike_R+1","Strike_R","Strike_R","Defend_R","Defend_R","Defend_R","Whirlwind+1","Flex+1","Inflame+1","Headbutt","Reaper"],"max_hp_per_floor":[80,80,80,80,80,80,80,80,80,80,80,80,80,80,80,80,80,80,80,80,80,80],"relics":["Black Blood","Question Card","Toxic Egg 2","Bronze Scales"],"card_choices":[{"not_picked":["Body Slam","Corruption"],"picked":"Whirlwind","floor":0},{"not_picked":["Fire Breathing","Power Through","Twin Strike"],"picked":"SKIP","floor":1},{"not_picked":["Anger","Body Slam","Combust"],"picked":"SKIP","floor":6},{"not_picked":["Pommel Strike","True Grit","Perfected Strike"],"picked":"Inflame","floor":8},{"not_picked":["Heavy Blade","Anger","Juggernaut"],"picked":"Headbutt","floor":11},{"not_picked":["Body Slam","Armaments+1","Shrug It Off+1","Shockwave+1"],"picked":"SKIP","floor":12},{"not_picked":["Armaments+1","Perfected Strike","Burning Pact+1","Havoc+1"],"picked":"SKIP","floor":14},{"not_picked":["Brutality","Impervious+1","Dark Embrace"],"picked":"Reaper","floor":16},{"not_picked":["Clash","Body Slam","Pommel Strike","Burning Pact+1"],"picked":"SKIP","floor":18}],"player_experience":148082,"potions_floor_usage":[6,14,16,21],"damage_taken":[{"damage":0,"enemies":"2 Louse","floor":1,"turns":2},{"damage":19,"enemies":"3 Sentries","floor":6,"turns":3},{"damage":7,"enemies":"Small Slimes","floor":8,"turns":2},{"damage":0,"enemies":"Cultist","floor":11,"turns":2},{"damage":2,"enemies":"2 Fungi Beasts","floor":12,"turns":3},{"damage":6,"enemies":"Blue Slaver","floor":14,"turns":3},{"damage":50,"enemies":"The Guardian","floor":16,"turns":11},{"damage":1,"enemies":"3 Byrds","floor":18,"turns":3},{"damage":15,"enemies":"Shell Parasite","floor":21,"turns":3},{"damage":82,"enemies":"Masked Bandits","floor":22,"turns":5}],"relics_obtained":[{"floor":6,"key":"Question Card"},{"floor":9,"key":"Toxic Egg 2"}],"event_choices":[{"event_name":"Shining Light","player_choice":"Entered Light","floor":2,"damage_taken":0},{"event_name":"Golden Shrine","player_choice":"Pray","floor":3,"damage_taken":0},{"event_name":"Upgrade Shrine","player_choice":"Upgraded","floor":5,"damage_taken":0},{"event_name":"World of Goop","player_choice":"Gather Gold","floor":13,"damage_taken":0},{"event_name":"Addict","player_choice":"Obtained Relic","floor":19,"damage_taken":0},{"event_name":"Ghosts","player_choice":"Ignored","floor":20,"damage_taken":0},{"event_name":"Masked Bandits","player_choice":"Fought over 180 gold","floor":22,"damage_taken":0}],"boss_relics":[{"not_picked":["Astrolabe","Tiny House"],"picked":"Black Blood"}],"items_purged_floors":[4,10],"potions_floor_spawned":[1,6,14,18],"seed_played":"-8755843878455463838","killed_by":"Masked Bandits","ascension_level":0,"potions_obtained":[{"floor":1,"key":"Explosive Potion"},{"floor":6,"key":"Weak Potion"},{"floor":14,"key":"Dexterity Potion"},{"floor":18,"key":"SmokeBomb"}],"is_trial":false}