{"gold_per_floor":[117,132,152,77,92,92,105,105,155,155,230,243,243,260,260,335,335,355,31,47,47,57,57,57,57,57,57,72,92,92,92,92,166,166,185,198,198,198],"floor_reached":38,"playtime":1585,"items_purged":["Strike_G"],"score":786,"play_id":"c358f107-1432-4d3d-a944-c83a3c5d98d1","local_time":"20181029024929","is_ascension_mode":true,"campfire_choices":[{"data":"Neutralize","floor":6,"key":"SMITH"},{"data":"Noxious Fumes","floor":8,"key":"SMITH"},{"data":"Corpse Explosion","floor":10,"key":"SMITH"},{"data":"Noxious Fumes","floor":13,"key":"SMITH"},{"floor":15,"key":"REST"},{"data":"Leg Sweep","floor":23,"key":"SMITH"},{"data":"Blur","floor":27,"key":"SMITH"},{"data":"Crippling Poison","floor":32,"key":"SMITH"}],"neow_cost":"NONE","seed_source_timestamp":168877095978648,"circlet_count":0,"master_deck":["Defend_G","Defend_G","Defend_G","Defend_G+1","Defend_G+1","Strike_G","Strike_G","Strike_G","Survivor","Neutralize+1","AscendersBane","Backflip","Noxious Fumes+1","Corpse Explosion+1","Crippling Poison+1","Noxious Fumes+1","Leg Sweep+1","Adrenaline","Deadly Poison","Dodge and Roll","Blur+1","Well Laid Plans+1","Noxious Fumes+1","Malaise","Dodge and Roll","Terror"],"relics":["Sozu","Pen Nib","Eternal Feather","Frozen Egg 2","War Paint","Cursed Key"],"potions_floor_usage":[],"damage_taken":[{"damage":4,"enemies":"Cultist","floor":1,"turns":5},{"damage":0,"enemies":"Small Slimes","floor":2,"turns":4},{"damage":0,"enemies":"2 Louse","floor":3,"turns":3},{"damage":4,"enemies":"Exordium Wildlife","floor":5,"turns":5},{"damage":7,"enemies":"Large Slime","floor":7,"turns":6},{"damage":0,"enemies":"3 Louse","floor":12,"turns":2},{"damage":3,"enemies":"Exordium Wildlife","floor":14,"turns":4},{"damage":22,"enemies":"Slime Boss","floor":16,"turns":10},{"damage":14,"enemies":"2 Thieves","floor":18,"turns":4},{"damage":11,"enemies":"Chosen","floor":20,"turns":5},{"damage":6,"enemies":"Centurion and Healer","floor":22,"turns":5},{"damage":1,"enemies":"Snecko","floor":28,"turns":5},{"damage":8,"enemies":"3 Cultists","floor":29,"turns":4},{"damage":29,"enemies":"Automaton","floor":33,"turns":10},{"damage":6,"enemies":"Orb Walker","floor":35,"turns":5},{"damage":22,"enemies":"3 Darklings","floor":36,"turns":3},{"damage":36,"enemies":"Sphere and 2 Shapes","floor":38,"turns":3}],"seed_played":"-4184889926922536394","potions_obtained":[],"is_trial":false,"path_per_floor":["M","M","M","$","M","R","M","R","T","R","?","M","R","M","R","B",null,"M","$","M","?","M","R","$","?","T","R","M","M","?","$","R","B",null,"M","M","?"],"character_chosen":"THE_SILENT","items_purchased":["Frozen Egg 2","Dodge and Roll"],"campfire_rested":1,"item_purchase_floors":[19,19],"current_hp_per_floor":[55,55,55,55,51,51,44,44,44,44,33,33,33,30,49,27,56,42,42,31,31,25,37,37,37,37,49,48,40,40,40,52,23,55,49,27,27,0],"gold":198,"neow_bonus":"BOSS_RELIC","is_prod":false,"is_daily":false,"chose_seed":false,"campfire_upgraded":7,"win_rate":0,"timestamp":1540799369,"path_taken":["M","M","?","$","M","R","M","R","T","R","?","M","R","M","R","BOSS","M","$","M","?","M","R","$","?","T","R","?","M","?","?","R","BOSS","M","M","?","M"],"build_version":"2018-10-25v2","purchased_purges":1,"victory":false,"max_hp_per_floor":[66,66,66,66,66,66,66,66,66,66,66,66,66,66,66,66,66,66,66,66,66,66,66,66,66,66,66,66,66,66,66,66,66,66,66,66,66,66],"card_choices":[{"not_picked":["Slice","Masterful Stab"],"picked":"Backflip","floor":1},{"not_picked":["Dodge and Roll","Deadly Poison"],"picked":"Noxious Fumes","floor":2},{"not_picked":["Deadly Poison","PiercingWail"],"picked":"Corpse Explosion","floor":3},{"not_picked":["Quick Slash","Cloak And Dagger","Slice"],"picked":"SKIP","floor":5},{"not_picked":["Setup","Quick Slash"],"picked":"Crippling Poison","floor":7},{"not_picked":["Heel Hook","Deflect"],"picked":"Noxious Fumes","floor":12},{"not_picked":["Dodge and Roll","Tactician"],"picked":"Leg Sweep","floor":14},{"not_picked":["Doppelganger","After Image"],"picked":"Adrenaline","floor":16},{"not_picked":["PiercingWail","Poisoned Stab"],"picked":"Deadly Poison","floor":18},{"not_picked":["Endless Agony","Die Die Die","Deflect"],"picked":"SKIP","floor":20},{"not_picked":["Endless Agony","Quick Slash","Finisher"],"picked":"SKIP","floor":22},{"not_picked":["Acrobatics","Slice+1"],"picked":"Well Laid Plans+1","floor":28},{"not_picked":["Calculated Gamble+1","Underhanded Strike","Acrobatics"],"picked":"SKIP","floor":29},{"not_picked":["Storm of Steel","Adrenaline"],"picked":"Malaise","floor":33},{"not_picked":["Quick Slash","Dagger Spray+1"],"picked":"Dodge and Roll","floor":35},{"not_picked":["Dagger Spray","Accuracy+1","Calculated Gamble"],"picked":"SKIP","floor":36}],"player_experience":717679,"relics_obtained":[{"floor":9,"key":"Pen Nib"},{"floor":26,"key":"War Paint"}],"event_choices":[{"damage_healed":0,"gold_gain":75,"player_choice":"Gather Gold","damage_taken":11,"max_hp_gain":0,"max_hp_loss":0,"event_name":"World of Goop","floor":11,"gold_loss":0},{"damage_healed":0,"gold_gain":0,"player_choice":"Read","damage_taken":0,"max_hp_gain":0,"max_hp_loss":0,"event_name":"The Library","floor":21,"gold_loss":0,"cards_obtained":["Blur"]},{"damage_healed":0,"gold_gain":0,"player_choice":"Ignored","damage_taken":0,"max_hp_gain":0,"max_hp_loss":0,"event_name":"Ghosts","floor":25,"gold_loss":0},{"damage_healed":0,"gold_gain":0,"player_choice":"Copied","damage_taken":0,"max_hp_gain":0,"max_hp_loss":0,"event_name":"Duplicator","floor":30,"gold_loss":0,"cards_obtained":["Noxious Fumes"]},{"damage_healed":0,"gold_gain":0,"cards_transformed":["Strike_G"],"player_choice":"Transformed","damage_taken":0,"max_hp_gain":0,"max_hp_loss":0,"event_name":"Transmorgrifier","floor":37,"gold_loss":0,"cards_obtained":["Terror"]}],"is_beta":true,"boss_relics":[{"not_picked":["WristBlade","Lizard Tail"],"picked":"Eternal Feather"},{"not_picked":["Runic Pyramid","Fusion Hammer"],"picked":"Cursed Key"}],"items_purged_floors":[4],"is_endless":false,"potions_floor_spawned":[3,33,35],"killed_by":"Sphere and 2 Shapes","ascension_level":20}