{"gold_per_floor":[118,138,138,149,73,102,102,113,113,133,133,133,143,156,156,156],"floor_reached":16,"playtime":499,"items_purged":[],"score":135,"play_id":"a9553acb-e7de-4503-85db-2bcdec7c4907","local_time":"20181206125651","is_ascension_mode":true,"campfire_choices":[{"floor":7,"key":"REST"},{"floor":11,"key":"REST"},{"data":"Go for the Eyes","floor":15,"key":"SMITH"}],"neow_cost":"NONE","seed_source_timestamp":50954937327313,"circlet_count":0,"master_deck":["Strike_B","Strike_B","Strike_B","Strike_B","Defend_B","Defend_B","Defend_B","Defend_B","Zap","Dualcast","Steam","Beam Cell","Go for the Eyes+1","Streamline","Conserve Battery","White Noise","Normality","Multi-Cast","Auto Shields"],"relics":["Cracked Core","Vajra","Bottled Lightning","Singing Bowl"],"potions_floor_usage":[13,16],"damage_taken":[{"damage":3,"enemies":"Small Slimes","floor":1,"turns":3},{"damage":1,"enemies":"Cultist","floor":2,"turns":3},{"damage":0,"enemies":"2 Louse","floor":4,"turns":2},{"damage":27,"enemies":"3 Sentries","floor":6,"turns":7},{"damage":7,"enemies":"Exordium Thugs","floor":8,"turns":5},{"damage":18,"enemies":"Gremlin Gang","floor":10,"turns":4},{"damage":2,"enemies":"Lots of Slimes","floor":13,"turns":3},{"damage":0,"enemies":"Looter","floor":14,"turns":2},{"damage":63,"enemies":"Slime Boss","floor":16,"turns":8}],"seed_played":"7379532760225068966","potions_obtained":[{"floor":4,"key":"LiquidBronze"},{"floor":10,"key":"LiquidBronze"},{"floor":14,"key":"Weak Potion"}],"is_trial":false,"path_per_floor":["M","M","?","M","$","E","R","M","T","M","R","?","M","M","R","B"],"character_chosen":"DEFECT","items_purchased":["Streamline","Conserve Battery"],"campfire_rested":2,"item_purchase_floors":[5,5],"current_hp_per_floor":[65,64,64,64,64,37,59,52,52,36,59,59,59,59,59,0],"gold":156,"neow_bonus":"RANDOM_COMMON_RELIC","is_prod":false,"is_daily":false,"chose_seed":false,"campfire_upgraded":1,"win_rate":0,"timestamp":1544122611,"path_taken":["M","M","?","M","$","E","R","M","T","M","R","?","?","M","R","BOSS"],"build_version":"2018-12-06","purchased_purges":0,"victory":false,"max_hp_per_floor":[75,75,75,75,75,75,75,75,75,77,77,77,79,79,79,79],"card_choices":[{"not_picked":["Stack","Fusion"],"picked":"Steam","floor":1},{"not_picked":["Redo","Hologram"],"picked":"Beam Cell","floor":2},{"not_picked":["Scrape","Steam"],"picked":"Go for the Eyes","floor":4},{"not_picked":["Go for the Eyes","Meteor Strike"],"picked":"White Noise","floor":6},{"not_picked":["Redo","White Noise","Lockon"],"picked":"SKIP","floor":8},{"not_picked":["Rebound","Go for the Eyes","Barrage"],"picked":"Singing Bowl","floor":10},{"not_picked":["Static Discharge","Conserve Battery","Rebound"],"picked":"Singing Bowl","floor":13},{"not_picked":["Lockon","Hologram"],"picked":"Auto Shields","floor":14}],"player_experience":564957,"relics_obtained":[{"floor":6,"key":"Bottled Lightning"},{"floor":9,"key":"Singing Bowl"}],"event_choices":[{"damage_healed":0,"gold_gain":0,"player_choice":"Ignored","damage_taken":0,"max_hp_gain":0,"max_hp_loss":0,"event_name":"Golden Idol","floor":3,"gold_loss":0},{"damage_healed":0,"gold_gain":0,"player_choice":"2 cards matched","damage_taken":0,"max_hp_gain":0,"max_hp_loss":0,"event_name":"Match and Keep!","floor":12,"gold_loss":0,"cards_obtained":["Normality","Multi-Cast"]}],"is_beta":true,"boss_relics":[],"items_purged_floors":[],"is_endless":false,"potions_floor_spawned":[4,10,14],"killed_by":"Slime Boss","ascension_level":6}