{"gold_per_floor":[117,131,149,166,166,192,192,222,246,58,58,58,58,72,72,72],"floor_reached":16,"playtime":884,"items_purged":[],"score":170,"play_id":"b29f33cc-8c09-4d00-b30f-1103befd2e60","local_time":"20190117205822","is_ascension_mode":true,"campfire_choices":[{"floor":7,"key":"REST"},{"floor":12,"key":"REST"},{"data":"Searing Blow+1","floor":13,"key":"SMITH"},{"floor":15,"key":"REST"}],"neow_cost":"PERCENT_DAMAGE","seed_source_timestamp":48152798475528,"circlet_count":0,"master_deck":["AscendersBane","Strike_R","Strike_R","Strike_R","Strike_R","Strike_R","Defend_R","Defend_R","Defend_R","Defend_R","Bash","Headbutt","Disarm","Evolve","Searing Blow+2","Demon Form","Mayhem","Pommel Strike"],"relics":["Burning Blood","WingedGreaves","Red Skull","Happy Flower","Omamori","Golden Idol"],"potions_floor_usage":[3,8],"damage_taken":[{"damage":6,"enemies":"Cultist","floor":1,"turns":4},{"damage":6,"enemies":"2 Louse","floor":2,"turns":3},{"damage":0,"enemies":"Jaw Worm","floor":3,"turns":2},{"damage":21,"enemies":"Exordium Wildlife","floor":4,"turns":6},{"damage":50,"enemies":"3 Sentries","floor":8,"turns":11},{"damage":14,"enemies":"Large Slime","floor":14,"turns":4},{"damage":57,"enemies":"The Guardian","floor":16,"turns":9}],"seed_played":"-6786464841874271648","potions_obtained":[{"floor":1,"key":"SkillPotion"},{"floor":4,"key":"SkillPotion"}],"is_trial":false,"path_per_floor":["M","M","M","M","?","T","R","E","T","$","?","R","R","M","R","B"],"character_chosen":"IRONCLAD","items_purchased":["Mayhem"],"campfire_rested":3,"item_purchase_floors":[10],"current_hp_per_floor":[50,50,56,41,41,41,63,19,19,19,19,41,41,33,55,0],"gold":72,"neow_bonus":"ONE_RARE_RELIC","is_prod":false,"is_daily":false,"chose_seed":false,"campfire_upgraded":1,"win_rate":0,"timestamp":1547776702,"path_taken":["M","M","?","M","?","?","R","E","T","?","?","R","R","?","R","BOSS"],"build_version":"2019-01-17","purchased_purges":0,"victory":false,"max_hp_per_floor":[75,75,75,75,75,75,75,75,75,75,75,75,75,75,75,75],"card_choices":[{"not_picked":["Evolve","Sword Boomerang"],"picked":"Headbutt","floor":1},{"not_picked":["Twin Strike","Clash"],"picked":"Disarm","floor":2},{"not_picked":["Wild Strike","Entrench"],"picked":"Evolve","floor":3},{"not_picked":["Warcry","Headbutt"],"picked":"Searing Blow","floor":4},{"not_picked":["Pummel","Clash"],"picked":"Demon Form","floor":8},{"not_picked":["Burning Pact","Perfected Strike"],"picked":"Pommel Strike","floor":14}],"player_experience":2143354,"relics_obtained":[{"floor":6,"key":"Red Skull"},{"floor":8,"key":"Happy Flower"},{"floor":9,"key":"Omamori"}],"event_choices":[{"damage_healed":0,"gold_gain":0,"player_choice":"Grow","damage_taken":0,"max_hp_gain":0,"max_hp_loss":0,"event_name":"Living Wall","floor":5,"gold_loss":0,"cards_upgraded":["Searing Blow"]},{"damage_healed":0,"gold_gain":0,"player_choice":"Take Wound","damage_taken":0,"relics_obtained":["Golden Idol"],"max_hp_gain":0,"max_hp_loss":0,"event_name":"Golden Idol","floor":11,"gold_loss":0,"cards_obtained":["Injury"]}],"is_beta":false,"boss_relics":[],"items_purged_floors":[],"is_endless":false,"potions_floor_spawned":[1,4],"killed_by":"The Guardian","ascension_level":14}