{"gold_per_floor":[116,266,278,289,113,113,170,181,181,210,210,210],"floor_reached":12,"playtime":458,"items_purged":["Doubt"],"score":167,"play_id":"b4e32d82-3cde-4ae4-aa9c-441b7b45ec19","local_time":"20190101213752","is_ascension_mode":true,"campfire_choices":[{"floor":6,"key":"REST"},{"data":"Storm","floor":11,"key":"SMITH"}],"neow_cost":"NONE","seed_source_timestamp":1102226185852549,"circlet_count":0,"master_deck":["AscendersBane","Strike_B","Strike_B","Strike_B","Strike_B","Defend_B","Defend_B","Defend_B","Defend_B","Zap","Dualcast","Auto Shields","Electrodynamics","Hello World","Storm+1","Cold Snap","Static Discharge","Doom and Gloom"],"relics":["Cracked Core","Juzu Bracelet","Tiny Chest","Dream Catcher","Bottled Tornado"],"potions_floor_usage":[7,8],"damage_taken":[{"damage":15,"enemies":"Small Slimes","floor":1,"turns":3},{"damage":8,"enemies":"2 Louse","floor":3,"turns":3},{"damage":7,"enemies":"Jaw Worm","floor":4,"turns":4},{"damage":15,"enemies":"3 Sentries","floor":7,"turns":5},{"damage":1,"enemies":"Looter","floor":8,"turns":3},{"damage":21,"enemies":"Lagavulin","floor":10,"turns":5},{"damage":25,"enemies":"Exordium Thugs","floor":12,"turns":2}],"seed_played":"-5934527142632025045","potions_obtained":[{"floor":3,"key":"Block Potion"},{"floor":7,"key":"SkillPotion"},{"floor":10,"key":"Dexterity Potion"}],"is_trial":false,"path_per_floor":["M","?","M","M","$","R","E","M","T","E","R","M"],"character_chosen":"DEFECT","items_purchased":["Storm","Cold Snap"],"campfire_rested":1,"item_purchase_floors":[5,5],"current_hp_per_floor":[49,49,41,34,34,55,40,39,39,18,18,0],"gold":210,"neow_bonus":"RANDOM_COMMON_RELIC","is_prod":false,"is_daily":false,"chose_seed":false,"campfire_upgraded":1,"win_rate":0,"timestamp":1546396672,"path_taken":["M","?","M","M","$","R","E","M","T","E","R","M"],"build_version":"2018-12-20","purchased_purges":1,"victory":false,"max_hp_per_floor":[71,71,71,71,71,71,71,71,71,71,71,71],"card_choices":[{"not_picked":["Sweeping Beam","Beam Cell"],"picked":"Auto Shields","floor":1},{"not_picked":["Go for the Eyes","Hologram"],"picked":"Electrodynamics","floor":3},{"not_picked":["Gash","Hologram"],"picked":"Hello World","floor":4},{"not_picked":["Stack","Hello World"],"picked":"Static Discharge","floor":7},{"not_picked":["Reboot","Cold Snap"],"picked":"Doom and Gloom","floor":8},{"not_picked":["Steam Power","Barrage","Double Energy"],"picked":"SKIP","floor":10}],"player_experience":1986488,"relics_obtained":[{"floor":7,"key":"Tiny Chest"},{"floor":9,"key":"Dream Catcher"},{"floor":10,"key":"Bottled Tornado"}],"event_choices":[{"damage_healed":0,"gold_gain":150,"player_choice":"AGREE","damage_taken":0,"max_hp_gain":0,"max_hp_loss":0,"event_name":"Liars Game","floor":2,"gold_loss":0,"cards_obtained":["Doubt"]}],"is_beta":false,"boss_relics":[],"items_purged_floors":[5],"is_endless":false,"potions_floor_spawned":[3,7,10],"killed_by":"Exordium Thugs","ascension_level":18}