{"gold_per_floor":[116,116,116,136,136,169,169,202,229,246,263,263,281,311,311,311],"floor_reached":16,"playtime":881,"items_purged":[],"score":174,"play_id":"bc74d8ed-08a8-4c63-8faf-abd911998a05","local_time":"20190213175747","is_ascension_mode":true,"campfire_choices":[{"data":"Neutralize","floor":7.0,"key":"SMITH"},{"floor":12.0,"key":"REST"},{"data":"Crippling Poison","floor":15,"key":"SMITH"}],"neow_cost":"NONE","seed_source_timestamp":2782828505922548,"circlet_count":0,"master_deck":["Defend_G","Defend_G","Defend_G","Defend_G","Defend_G","Strike_G","Strike_G","Strike_G","Strike_G","Survivor","Neutralize+1","Unload","PiercingWail","Cloak And Dagger","PiercingWail","Crippling Poison+1","Predator","Bullet Time"],"special_seed":0,"relics":["Ring of the Snake","NeowsBlessing","Art of War","Happy Flower","Dream Catcher","Strawberry"],"potions_floor_usage":[16],"damage_taken":[{"damage":0.0,"enemies":"Jaw Worm","floor":1.0,"turns":1.0},{"damage":0.0,"enemies":"Cultist","floor":4.0,"turns":1.0},{"damage":0.0,"enemies":"3 Sentries","floor":6.0,"turns":2.0},{"damage":32.0,"enemies":"Lagavulin","floor":8.0,"turns":11.0},{"damage":0.0,"enemies":"2 Louse","floor":10.0,"turns":2.0},{"damage":1.0,"enemies":"Red Slaver","floor":11.0,"turns":3.0},{"damage":0.0,"enemies":"Lots of Slimes","floor":13.0,"turns":3.0},{"damage":19,"enemies":"3 Sentries","floor":14,"turns":9},{"damage":46,"enemies":"Slime Boss","floor":16,"turns":12}],"seed_played":"1630253515459689126","potions_obtained":[{"floor":1.0,"key":"GhostInAJar"},{"floor":4.0,"key":"Fire Potion"},{"floor":11.0,"key":"PowerPotion"}],"is_trial":false,"path_per_floor":["M","?","?","M","?","E","R","E","T","M","M","R","M","E","R","B"],"character_chosen":"THE_SILENT","items_purchased":[],"campfire_rested":1,"item_purchase_floors":[],"current_hp_per_floor":[70,70,70,70,70,70,70,38,38,38,37,58,58,46,46,0],"gold":311,"neow_bonus":"THREE_ENEMY_KILL","is_prod":false,"is_daily":false,"chose_seed":false,"campfire_upgraded":2,"win_rate":0,"timestamp":1550051867,"path_taken":["M","?","?","?","?","E","R","E","T","?","M","R","M","E","R","BOSS"],"build_version":"2019-01-23","purchased_purges":0,"victory":false,"max_hp_per_floor":[70,70,70,70,70,70,70,70,70,70,70,70,70,77,77,77],"card_choices":[{"not_picked":["Eviscerate","Setup","Expertise"],"picked":"SKIP","floor":1.0},{"not_picked":["Outmaneuver","Riddle With Holes"],"picked":"PiercingWail","floor":4.0},{"not_picked":["Prepared","Bane","Setup"],"picked":"SKIP","floor":6.0},{"not_picked":["Bane","Flying Knee"],"picked":"Cloak And Dagger","floor":8.0},{"not_picked":["Distraction","Heel Hook"],"picked":"PiercingWail","floor":10.0},{"not_picked":["Doppelganger","Heel Hook","Cloak And Dagger"],"picked":"SKIP","floor":11.0},{"not_picked":["Riddle With Holes","Dagger Throw"],"picked":"Crippling Poison","floor":12.0},{"not_picked":["Infinite Blades","Sucker Punch"],"picked":"Predator","floor":13.0},{"not_picked":["Outmaneuver","Underhanded Strike"],"picked":"Bullet Time","floor":14}],"player_experience":114510,"relics_obtained":[{"floor":6.0,"key":"Art of War"},{"floor":8.0,"key":"Happy Flower"},{"floor":9.0,"key":"Dream Catcher"},{"floor":14,"key":"Strawberry"}],"event_choices":[{"damage_healed":0.0,"max_hp_gain":0.0,"max_hp_loss":0.0,"gold_gain":0.0,"event_name":"Liars Game","player_choice":"Ignored","floor":2.0,"gold_loss":0.0,"damage_taken":0.0},{"damage_healed":0.0,"max_hp_gain":0.0,"max_hp_loss":0.0,"gold_gain":0.0,"cards_transformed":["Strike_G"],"event_name":"Transmorgrifier","player_choice":"Transformed","floor":3.0,"gold_loss":0.0,"damage_taken":0.0,"cards_obtained":["Unload"]},{"damage_healed":0.0,"max_hp_gain":0.0,"max_hp_loss":0.0,"gold_gain":0.0,"event_name":"Wheel of Change","player_choice":"Full Heal","floor":5.0,"gold_loss":0.0,"damage_taken":0.0}],"is_beta":false,"boss_relics":[],"items_purged_floors":[],"is_endless":false,"potions_floor_spawned":[1,4,11],"killed_by":"Slime Boss","ascension_level":4}