{"gold_per_floor":[109,120,130,145,145,179,179,212,238,255,255,49,62,76,76,176,176,194,7,27,38,38,38,53,53,53,53,2,17,17,30,30,133,133,145,145,0,100,120,120,133,133],"floor_reached":42,"playtime":1941,"items_purged":["Reflex+1"],"score":515,"play_id":"0a29c0c1-fe15-4be2-adec-25591f1baff1","local_time":"20181130162322","is_ascension_mode":true,"campfire_choices":[{"data":"Sucker Punch","floor":7,"key":"SMITH"},{"floor":11,"key":"REST"},{"floor":15,"key":"REST"},{"data":"Backflip","floor":23,"key":"SMITH"},{"floor":27,"key":"REST"},{"floor":32,"key":"REST"},{"floor":40,"key":"REST"}],"neow_cost":"NONE","seed_source_timestamp":654952330806,"circlet_count":0,"master_deck":["Defend_G","Defend_G","Defend_G","Defend_G+1","Strike_G+1","Survivor","Neutralize+1","Finesse+1","Flying Knee","Deadly Poison","Escape Plan","Bouncing Flask","Riddle With Holes","Panacea","Sucker Punch+1","Backflip+1","Adrenaline","Deadly Poison","Footwork","Catalyst","Deadly Poison+1","Die Die Die+1","Well Laid Plans"],"relics":["Ring of the Snake","Tingsha","War Paint","Bronze Scales","Frozen Eye","Empty Cage","Whetstone","Happy Flower","Blue Candle","Astrolabe"],"potions_floor_usage":[6,6,6,16,21,21,31,33],"damage_taken":[{"damage":0,"enemies":"Small Slimes","floor":1,"turns":4},{"damage":0,"enemies":"Cultist","floor":2,"turns":4},{"damage":1,"enemies":"Jaw Worm","floor":3,"turns":4},{"damage":0,"enemies":"Exordium Wildlife","floor":4,"turns":6},{"damage":17,"enemies":"Lagavulin","floor":6,"turns":8},{"damage":21,"enemies":"Gremlin Nob","floor":8,"turns":5},{"damage":11,"enemies":"Lots of Slimes","floor":10,"turns":3},{"damage":0,"enemies":"Large Slime","floor":13,"turns":6},{"damage":4,"enemies":"Gremlin Gang","floor":14,"turns":4},{"damage":10,"enemies":"The Guardian","floor":16,"turns":9},{"damage":5,"enemies":"3 Byrds","floor":18,"turns":5},{"damage":0,"enemies":"Shell Parasite","floor":20,"turns":5},{"damage":7,"enemies":"3 Cultists","floor":21,"turns":7},{"damage":35,"enemies":"Sentry and Sphere","floor":24,"turns":7},{"damage":13,"enemies":"Snecko","floor":29,"turns":5},{"damage":2,"enemies":"Shelled Parasite and Fungi","floor":31,"turns":4},{"damage":64,"enemies":"Champ","floor":33,"turns":16},{"damage":4,"enemies":"3 Shapes","floor":35,"turns":6},{"damage":8,"enemies":"Orb Walker","floor":39,"turns":4},{"damage":42,"enemies":"Jaw Worm Horde","floor":41,"turns":4},{"damage":22,"enemies":"Writhing Mass","floor":42,"turns":4}],"seed_played":"1817804280059672613","potions_obtained":[{"floor":2,"key":"EntropicBrew"},{"floor":8,"key":"Ancient Potion"},{"floor":10,"key":"SpeedPotion"},{"floor":14,"key":"FearPotion"},{"floor":18,"key":"GhostInAJar"},{"floor":24,"key":"Ancient Potion"},{"floor":33,"key":"GamblersBrew"},{"floor":41,"key":"LiquidBronze"}],"is_trial":false,"path_per_floor":["M","M","M","M","?","E","R","E","T","M","R","$","M","M","R","B",null,"M","$","M","M","?","R","M","?","T","R","$","M","?","M","R","B",null,"M","?","$","?","M","R","M","M"],"character_chosen":"THE_SILENT","items_purchased":["Frozen Eye","Footwork","Whetstone","Energy Potion","Well Laid Plans"],"campfire_rested":5,"item_purchase_floors":[12,19,19,28,37],"current_hp_per_floor":[70,70,69,69,69,63,63,42,42,31,52,52,52,48,69,59,67,62,62,62,55,55,55,20,20,20,41,41,28,28,26,47,7,54,50,50,50,50,42,63,21,0],"gold":133,"neow_bonus":"RANDOM_COLORLESS","is_prod":false,"is_daily":false,"chose_seed":false,"campfire_upgraded":2,"win_rate":0,"timestamp":1543616602,"path_taken":["M","M","M","M","?","E","R","E","T","?","R","$","M","M","R","BOSS","M","$","M","M","?","R","M","?","T","R","?","?","?","M","R","BOSS","M","?","$","?","M","R","M","?"],"build_version":"2018-11-15","purchased_purges":1,"victory":false,"max_hp_per_floor":[70,70,70,70,70,70,70,70,70,70,70,70,70,70,70,70,70,70,70,70,70,70,70,70,70,70,70,70,70,70,70,70,70,70,70,70,70,70,70,70,70,70],"card_choices":[{"not_picked":["Crippling Poison","Dagger Throw"],"picked":"Flying Knee","floor":1},{"not_picked":["Bane","Acrobatics"],"picked":"Deadly Poison","floor":2},{"not_picked":["Prepared","Cloak And Dagger"],"picked":"Escape Plan","floor":3},{"not_picked":["Crippling Poison","Endless Agony"],"picked":"Bouncing Flask","floor":4},{"not_picked":["Slice","Flying Knee"],"picked":"Sucker Punch","floor":6},{"not_picked":["Slice","Grand Finale","Riddle With Holes"],"picked":"SKIP","floor":8},{"not_picked":["Deflect","Acrobatics"],"picked":"Backflip","floor":10},{"not_picked":["Predator","Masterful Stab","Quick Slash"],"picked":"SKIP","floor":13},{"not_picked":["Prepared","Underhanded Strike","Backflip"],"picked":"SKIP","floor":14},{"not_picked":["Phantasmal Killer","Envenom"],"picked":"Adrenaline","floor":16},{"not_picked":["Outmaneuver","Caltrops"],"picked":"Deadly Poison","floor":18},{"not_picked":["Flying Knee","Calculated Gamble"],"picked":"Catalyst","floor":20},{"not_picked":["Infinite Blades","Outmaneuver","Deadly Poison"],"picked":"SKIP","floor":21},{"not_picked":["Concentrate","Cloak And Dagger","Bouncing Flask"],"picked":"SKIP","floor":24},{"not_picked":["Glass Knife","Acrobatics","Prepared+1"],"picked":"SKIP","floor":29},{"not_picked":["Slice","Accuracy","Tactician"],"picked":"SKIP","floor":31},{"not_picked":["Predator","Setup+1","Dagger Throw+1"],"picked":"SKIP","floor":35},{"not_picked":["Dash+1","Quick Slash","Calculated Gamble"],"picked":"SKIP","floor":39},{"not_picked":["Poisoned Stab","Slice+1","Calculated Gamble"],"picked":"SKIP","floor":41}],"player_experience":549887,"relics_obtained":[{"floor":6,"key":"Tingsha"},{"floor":8,"key":"War Paint"},{"floor":9,"key":"Bronze Scales"},{"floor":26,"key":"Blue Candle"}],"event_choices":[{"damage_healed":0,"gold_gain":0,"player_choice":"2 cards matched","damage_taken":0,"max_hp_gain":0,"max_hp_loss":0,"event_name":"Match and Keep!","floor":5,"gold_loss":0,"cards_obtained":["Riddle With Holes","Panacea"]},{"damage_healed":0,"gold_gain":0,"player_choice":"Opened","damage_taken":0,"relics_obtained":["Happy Flower"],"max_hp_gain":0,"max_hp_loss":0,"event_name":"The Mausoleum","floor":22,"gold_loss":0},{"damage_healed":0,"gold_gain":0,"player_choice":"Ignored","damage_taken":0,"max_hp_gain":0,"max_hp_loss":0,"event_name":"Vampires","floor":25,"gold_loss":0},{"damage_healed":0,"gold_gain":0,"player_choice":"Ignored","damage_taken":0,"max_hp_gain":0,"max_hp_loss":0,"event_name":"Cursed Tome","floor":30,"gold_loss":0},{"damage_healed":0,"gold_gain":0,"player_choice":"Ignored","damage_taken":0,"max_hp_gain":0,"max_hp_loss":0,"event_name":"Tomb of Lord Red Mask","floor":36,"gold_loss":0},{"damage_healed":0,"gold_gain":100,"player_choice":"Pray","damage_taken":0,"max_hp_gain":0,"max_hp_loss":0,"event_name":"Golden Shrine","floor":38,"gold_loss":0}],"is_beta":true,"boss_relics":[{"not_picked":["Philosopher\u0027s Stone","Eternal Feather"],"picked":"Empty Cage"},{"not_picked":["Fusion Hammer","Orrery"],"picked":"Astrolabe"}],"items_purged_floors":[37],"is_endless":false,"potions_floor_spawned":[2,8,10,14,18,24,29,33,41],"killed_by":"Writhing Mass","ascension_level":5}