{"gold_per_floor":[119,119,139,156,231,181,61,72,152,152,165,181,195,205,205,304,304,323,323,342,353,353,386,386,400,469,469],"floor_reached":27,"playtime":2877,"items_purged":[],"score":229,"play_id":"00d5bf6d-9706-4295-a3a8-796e75d2af6c","local_time":"20180707161042","is_ascension_mode":false,"campfire_choices":[{"data":"Bandage Up","floor":10,"key":"SMITH"},{"data":"Skewer","floor":15,"key":"SMITH"},{"floor":24,"key":"REST"}],"neow_cost":"","seed_source_timestamp":22172270372735,"circlet_count":0,"master_deck":["Defend_G","Defend_G","Defend_G","Defend_G","Defend_G","Strike_G","Strike_G","Strike_G+1","Strike_G+1","Survivor","Neutralize","All Out Attack","Flying Knee","Flying Knee","Bandage Up+1","Slice","Dagger Spray","Skewer+1","Choke","Dagger Spray","Heel Hook","Night Terror","Skewer+1","Sucker Punch","Dagger Throw+1","Wraith Form v2","Flying Knee","Malaise"],"relics":["Ring of the Snake","Kunai","Fusion Hammer","Orichalcum","Shuriken"],"potions_floor_usage":[21,21,23,27],"damage_taken":[{"damage":2,"enemies":"Jaw Worm","floor":1,"turns":4},{"damage":0,"enemies":"2 Louse","floor":3,"turns":3},{"damage":0,"enemies":"Small Slimes","floor":4,"turns":3},{"damage":4,"enemies":"Blue Slaver","floor":8,"turns":3},{"damage":0,"enemies":"Looter","floor":11,"turns":3},{"damage":6,"enemies":"3 Louse","floor":12,"turns":3},{"damage":1,"enemies":"Blue Slaver","floor":13,"turns":3},{"damage":0,"enemies":"2 Fungi Beasts","floor":14,"turns":2},{"damage":64,"enemies":"Hexaghost","floor":16,"turns":11},{"damage":5,"enemies":"3 Byrds","floor":18,"turns":4},{"damage":20,"enemies":"Chosen","floor":20,"turns":5},{"damage":0,"enemies":"Snecko","floor":21,"turns":2},{"damage":58,"enemies":"Slavers","floor":23,"turns":8},{"damage":17,"enemies":"3 Cultists","floor":25,"turns":5},{"damage":8,"enemies":"Sentry and Sphere","floor":27,"turns":2}],"seed_played":"9024308942457256902","potions_obtained":[{"floor":1,"key":"Strength Potion"},{"floor":4,"key":"GhostInAJar"},{"floor":14,"key":"Strength Potion"},{"floor":21,"key":"Dexterity Potion"}],"is_trial":false,"path_per_floor":["M","?","M","M","?","?","$","M","T","R","M","M","M","M","R","B",null,"M","?","M","M","?","E","R","M","T"],"character_chosen":"THE_SILENT","items_purchased":["Bandage Up","Slice"],"campfire_rested":1,"item_purchase_floors":[7,7],"current_hp_per_floor":[68,54,54,54,43,43,43,43,43,43,49,49,54,60,60,2,70,65,49,35,35,35,1,22,5,5,0],"gold":469,"neow_bonus":"","is_prod":false,"is_daily":false,"chose_seed":false,"campfire_upgraded":2,"win_rate":0.0,"timestamp":1530945642,"path_taken":["M","?","M","M","?","?","$","M","T","R","M","M","M","M","R","BOSS","M","?","M","M","?","E","R","?","T","M"],"build_version":"2018-07-05","purchased_purges":0,"victory":false,"max_hp_per_floor":[70,70,70,70,70,70,70,70,70,70,70,70,70,70,70,70,70,70,70,70,70,70,70,70,70,70,70],"card_choices":[{"not_picked":["Caltrops","Flying Knee"],"picked":"All Out Attack","floor":1},{"not_picked":["Bouncing Flask","Dodge and Roll"],"picked":"Flying Knee","floor":3},{"not_picked":["PiercingWail","Prepared"],"picked":"Flying Knee","floor":4},{"not_picked":["Dagger Throw","Bouncing Flask"],"picked":"Dagger Spray","floor":8},{"not_picked":["Bouncing Flask","Blur"],"picked":"Skewer","floor":11},{"not_picked":["Dodge and Roll","Reflex"],"picked":"Choke","floor":12},{"not_picked":["Poisoned Stab","Masterful Stab"],"picked":"Dagger Spray","floor":13},{"not_picked":["Blade Dance","Finisher"],"picked":"Heel Hook","floor":14},{"not_picked":["Doppelganger","Envenom"],"picked":"Night Terror","floor":16},{"not_picked":["Deflect","Poisoned Stab"],"picked":"Skewer+1","floor":18},{"not_picked":["Flying Knee","Dagger Throw"],"picked":"Sucker Punch","floor":20},{"not_picked":["Quick Slash","Deadly Poison+1"],"picked":"Dagger Throw+1","floor":21},{"not_picked":["Blade Dance","All Out Attack"],"picked":"Flying Knee","floor":23},{"not_picked":["Prepared+1","PiercingWail"],"picked":"Malaise","floor":25}],"player_experience":11945,"relics_obtained":[{"floor":9,"key":"Kunai"},{"floor":23,"key":"Orichalcum"},{"floor":26,"key":"Shuriken"}],"event_choices":[{"event_name":"Shining Light","player_choice":"Entered Light","floor":2,"damage_taken":0},{"event_name":"World of Goop","player_choice":"Gather Gold","floor":5,"damage_taken":0},{"event_name":"The Cleric","player_choice":"Card Removal","floor":6,"damage_taken":0},{"event_name":"Cursed Tome","player_choice":"Obtained Book","floor":19,"damage_taken":0},{"event_name":"The Library","player_choice":"Read","floor":22,"damage_taken":0}],"boss_relics":[{"not_picked":["Runic Pyramid","Calling Bell"],"picked":"Fusion Hammer"}],"items_purged_floors":[],"is_endless":false,"potions_floor_spawned":[1,4,14,18,21],"killed_by":"Sentry and Sphere","ascension_level":0}