{"gold_per_floor":[109,129,149,224,11,42,42,42,42,52,110,110,144,160,160,235,235,251,251,176,195,23,23,23],"floor_reached":24,"playtime":908,"items_purged":[],"score":364,"play_id":"64a78c05-3919-47e7-a92e-094ab7a3617e","local_time":"20190117182541","is_ascension_mode":true,"campfire_choices":[{"data":"Mayhem","floor":7.0,"key":"SMITH"},{"floor":15.0,"key":"REST"},{"floor":23,"key":"REST"}],"neow_cost":"NONE","seed_source_timestamp":38941516537720,"circlet_count":0,"master_deck":["AscendersBane","Strike_R","Strike_R","Strike_R","Strike_R","Defend_R","Defend_R","Defend_R","Defend_R","Bash","Dropkick","Rage","Hemokinesis","Mayhem+1","Rampage","Demon Form","True Grit","Clothesline","Rupture","Reaper","Limit Break","Pommel Strike","Feel No Pain","Mayhem"],"special_seed":0,"relics":["Burning Blood","NeowsBlessing","Champion Belt","Lantern","Bird Faced Urn","Tiny Chest","Ice Cream","Eternal Feather","Strawberry"],"potions_floor_usage":[],"damage_taken":[{"damage":0.0,"enemies":"Cultist","floor":1.0,"turns":1.0},{"damage":0.0,"enemies":"2 Louse","floor":2.0,"turns":1.0},{"damage":0.0,"enemies":"Jaw Worm","floor":3.0,"turns":1.0},{"damage":18.0,"enemies":"Lagavulin","floor":6.0,"turns":5.0},{"damage":9.0,"enemies":"Blue Slaver","floor":10.0,"turns":3.0},{"damage":42.0,"enemies":"3 Sentries","floor":11.0,"turns":9.0},{"damage":31.0,"enemies":"Lagavulin","floor":13.0,"turns":6.0},{"damage":8.0,"enemies":"2 Fungi Beasts","floor":14.0,"turns":3.0},{"damage":61.0,"enemies":"Slime Boss","floor":16.0,"turns":9.0},{"damage":27.0,"enemies":"Chosen","floor":18.0,"turns":6.0},{"damage":57.0,"enemies":"3 Byrds","floor":21.0,"turns":5.0},{"damage":85,"enemies":"Book of Stabbing","floor":24,"turns":6}],"seed_played":"-701266270564037925","potions_obtained":[{"floor":1.0,"key":"AttackPotion"},{"floor":3.0,"key":"SkillPotion"},{"floor":6.0,"key":"PowerPotion"},{"floor":14.0,"key":"FairyPotion"}],"is_trial":false,"path_per_floor":["M","M","M","?","$","E","R","?","T","M","E","?","E","M","R","B",null,"M","?","?","M","$","R","E"],"character_chosen":"IRONCLAD","items_purchased":["Mayhem","Rampage","Mayhem"],"campfire_rested":2,"item_purchase_floors":[5,5,22],"current_hp_per_floor":[74,75,75,64,64,52,52,52,52,51,19,44,23,21,43,39,66,57,64,64,29,29,65,0],"gold":23,"neow_bonus":"THREE_ENEMY_KILL","is_prod":false,"is_daily":false,"chose_seed":false,"campfire_upgraded":1,"win_rate":0,"timestamp":1547767541,"path_taken":["M","M","?","?","$","E","R","?","T","?","E","?","E","M","R","BOSS","M","?","?","M","$","R","E"],"build_version":"2019-01-10","purchased_purges":0,"victory":false,"max_hp_per_floor":[75,75,75,75,75,75,75,75,75,75,75,75,75,75,75,75,75,75,82,82,82,82,82,82],"card_choices":[{"not_picked":["Rage","Body Slam"],"picked":"Dropkick","floor":1.0},{"not_picked":["Bloodletting","Clothesline"],"picked":"Rage","floor":2.0},{"not_picked":["Havoc","Intimidate"],"picked":"Hemokinesis","floor":3.0},{"not_picked":["Feel No Pain","Body Slam"],"picked":"Demon Form","floor":6.0},{"not_picked":["Twin Strike","Cleave"],"picked":"True Grit","floor":10.0},{"not_picked":["Seeing Red","Flex"],"picked":"Clothesline","floor":11.0},{"not_picked":["Burning Pact","Cleave"],"picked":"Rupture","floor":13.0},{"not_picked":["Shrug It Off","Warcry"],"picked":"Reaper","floor":14.0},{"not_picked":["Double Tap","Impervious"],"picked":"Limit Break","floor":16.0},{"not_picked":["Flex+1","Warcry"],"picked":"Pommel Strike","floor":18.0},{"not_picked":["Warcry","Twin Strike"],"picked":"Feel No Pain","floor":21.0}],"player_experience":2141131,"relics_obtained":[{"floor":6.0,"key":"Champion Belt"},{"floor":9.0,"key":"Bird Faced Urn"},{"floor":11.0,"key":"Tiny Chest"},{"floor":13.0,"key":"Ice Cream"}],"event_choices":[{"damage_healed":0.0,"max_hp_gain":0.0,"max_hp_loss":0.0,"gold_gain":75.0,"event_name":"World of Goop","player_choice":"Gather Gold","floor":4.0,"gold_loss":0.0,"damage_taken":11.0},{"damage_healed":0.0,"max_hp_gain":0.0,"max_hp_loss":0.0,"gold_gain":0.0,"event_name":"WeMeetAgain","player_choice":"Gave Potion","floor":8.0,"gold_loss":0.0,"damage_taken":0.0,"relics_obtained":["Lantern"]},{"damage_healed":25.0,"max_hp_gain":0.0,"max_hp_loss":0.0,"gold_gain":0.0,"event_name":"Big Fish","player_choice":"Banana","floor":12.0,"gold_loss":0.0,"damage_taken":0.0},{"damage_healed":0.0,"max_hp_gain":0.0,"max_hp_loss":0.0,"gold_gain":0.0,"event_name":"The Mausoleum","player_choice":"Opened","floor":19.0,"gold_loss":0.0,"damage_taken":0.0,"relics_obtained":["Strawberry"]},{"cards_removed":["Strike_R"],"damage_healed":0.0,"max_hp_gain":0.0,"max_hp_loss":0.0,"gold_gain":0.0,"event_name":"Beggar","player_choice":"Gave Gold","floor":20.0,"gold_loss":75.0,"damage_taken":0.0}],"is_beta":false,"boss_relics":[{"not_picked":["White Beast Statue","Runic Cube"],"picked":"Eternal Feather"}],"items_purged_floors":[],"is_endless":false,"potions_floor_spawned":[1,3,6,14],"killed_by":"Book of Stabbing","ascension_level":14}