{"gold_per_floor":[116,66,66,30,4,4,19,19,74,100,100,127,127,159,159,261,261,271,50,50,50,149,149,167,167,167,185,201,201,201,216,216,313,313,331,345,355,365,108,124,140,140,191,66,66,76,76,87,87,87,87,87,35,60,60],"floor_reached":55,"playtime":3316,"items_purged":["Strike_G","Dagger Spray","Writhe"],"score":715,"play_id":"f51e374e-1dff-442a-85cb-d723166e188f","local_time":"20181210165127","is_ascension_mode":false,"campfire_choices":[{"data":"Bouncing Flask","floor":6,"key":"SMITH"},{"data":"Neutralize","floor":8,"key":"SMITH"},{"floor":15,"key":"RECALL"},{"data":"Malaise","floor":23,"key":"SMITH"},{"data":"Ghostly","floor":25,"key":"SMITH"},{"data":"Ghostly","floor":29,"key":"SMITH"},{"data":"Ghostly","floor":32,"key":"SMITH"},{"data":"Well Laid Plans","floor":45,"key":"SMITH"},{"data":"Terror","floor":47,"key":"SMITH"},{"floor":49,"key":"REST"},{"data":"Distraction","floor":52,"key":"SMITH"}],"neow_cost":"NONE","seed_source_timestamp":1003575122923656,"circlet_count":0,"master_deck":["Survivor","Neutralize+1","Bouncing Flask+1","PiercingWail","Bane","All Out Attack","Malaise+1","Poisoned Stab","Ghostly+1","Ghostly+1","Ghostly+1","Ghostly","Ghostly","Deadly Poison+1","Ghostly+1","Tactician","Distraction+1","Well Laid Plans+1","PiercingWail","Outmaneuver","Terror+1","Backstab+1","Backflip+1","Bullet Time"],"relics":["Ring of the Snake","NeowsBlessing","Blood Vial","Vajra","Singing Bowl","Potion Belt","Question Card","Cursed Key","Bronze Scales","Pandora\u0027s Box","Snake Skull","Strawberry"],"potions_floor_usage":[12,14,14,28,33,40,40,46,50,50,50,55,55,55],"damage_taken":[{"damage":0,"enemies":"Small Slimes","floor":1,"turns":1},{"damage":0,"enemies":"2 Louse","floor":7,"turns":1},{"damage":0,"enemies":"Lagavulin","floor":10,"turns":2},{"damage":30,"enemies":"3 Sentries","floor":12,"turns":6},{"damage":10,"enemies":"Gremlin Nob","floor":14,"turns":3},{"damage":19,"enemies":"The Guardian","floor":16,"turns":10},{"damage":3,"enemies":"3 Byrds","floor":18,"turns":5},{"damage":3,"enemies":"Shell Parasite","floor":24,"turns":5},{"damage":14,"enemies":"Centurion and Healer","floor":27,"turns":7},{"damage":3,"enemies":"Snecko","floor":28,"turns":5},{"damage":0,"enemies":"Snake Plant","floor":31,"turns":4},{"damage":2,"enemies":"Automaton","floor":33,"turns":12},{"damage":10,"enemies":"3 Darklings","floor":35,"turns":6},{"damage":3,"enemies":"3 Shapes","floor":36,"turns":5},{"damage":6,"enemies":"Spire Growth","floor":37,"turns":5},{"damage":6,"enemies":"4 Shapes","floor":38,"turns":8},{"damage":4,"enemies":"Jaw Worm Horde","floor":40,"turns":6},{"damage":11,"enemies":"Transient","floor":41,"turns":5},{"damage":7,"enemies":"4 Shapes","floor":46,"turns":5},{"damage":2,"enemies":"3 Darklings","floor":48,"turns":4},{"damage":45,"enemies":"Time Eater","floor":50,"turns":14},{"damage":21,"enemies":"Shield and Spear","floor":54,"turns":9},{"damage":63,"enemies":"The Heart","floor":55,"turns":6}],"seed_played":"-3560676731114229598","potions_obtained":[{"floor":7,"key":"AttackPotion"},{"floor":10,"key":"Dexterity Potion"},{"floor":12,"key":"FearPotion"},{"floor":24,"key":"Regen Potion"},{"floor":28,"key":"GhostInAJar"},{"floor":31,"key":"SpeedPotion"},{"floor":35,"key":"Strength Potion"},{"floor":37,"key":"Block Potion"},{"floor":40,"key":"Fire Potion"},{"floor":41,"key":"LiquidBronze"},{"floor":42,"key":"Regen Potion"},{"floor":42,"key":"Fruit Juice"},{"floor":42,"key":"SkillPotion"},{"floor":54,"key":"Dexterity Potion"}],"is_trial":false,"path_per_floor":["M","?","?","$","$","R","M","R","T","E","?","E","?","E","R","B",null,"M","$","?","?","?","R","M","R","T","M","M","R","?","M","R","B",null,"M","M","M","M","$","M","M","?","T","$","R","M","R","M","R","B",null,"R","$","E","B"],"character_chosen":"THE_SILENT","items_purchased":["Bouncing Flask","PiercingWail","Bronze Scales","Snake Skull","PowerPotion"],"campfire_rested":1,"item_purchase_floors":[4,5,19,39,53],"current_hp_per_floor":[70,70,58,58,58,58,60,60,60,64,69,41,41,35,35,18,79,76,76,76,39,39,39,38,38,38,26,41,41,41,45,45,45,47,39,40,36,34,34,34,25,25,25,25,25,20,20,22,39,16,62,62,62,50,0],"gold":60,"neow_bonus":"THREE_ENEMY_KILL","is_prod":false,"is_daily":false,"chose_seed":false,"campfire_upgraded":9,"win_rate":0,"timestamp":1544428287,"path_taken":["M","?","?","?","$","R","M","R","T","E","?","E","?","E","R","BOSS","M","$","?","?","?","R","M","R","T","M","M","R","?","M","R","BOSS","M","M","M","M","$","?","M","?","T","$","R","M","R","M","R","BOSS","R","$","E","BOSS"],"build_version":"2018-12-06","purchased_purges":3,"victory":false,"max_hp_per_floor":[70,70,70,70,70,70,70,70,70,72,77,77,77,79,79,79,79,79,79,79,39,39,39,41,41,41,41,43,43,43,45,45,47,47,49,51,51,53,53,55,55,55,55,55,55,55,55,57,57,62,62,62,62,71,71],"card_choices":[{"not_picked":["Dagger Throw","Acrobatics","Sucker Punch"],"picked":"SKIP","floor":1},{"not_picked":["Backstab","Outmaneuver"],"picked":"Bane","floor":7},{"not_picked":["Backstab","Distraction","Sucker Punch"],"picked":"Singing Bowl","floor":10},{"not_picked":["Expertise","Acrobatics"],"picked":"All Out Attack","floor":12},{"not_picked":["Tactician","Die Die Die","Quick Slash"],"picked":"Singing Bowl","floor":14},{"not_picked":["Phantasmal Killer","Night Terror","Venomology"],"picked":"Malaise","floor":16},{"not_picked":["Deflect","Blade Dance","Tactician"],"picked":"Poisoned Stab","floor":18},{"not_picked":["Dodge and Roll+1","Deflect","All Out Attack","Predator"],"picked":"Singing Bowl","floor":24},{"not_picked":["PiercingWail","Caltrops","Heel Hook+1"],"picked":"Deadly Poison+1","floor":27},{"not_picked":["Infinite Blades","Slice","Flying Knee","Tools of the Trade"],"picked":"Singing Bowl","floor":28},{"not_picked":["Flechettes+1","Cloak And Dagger","Deadly Poison","Deflect+1"],"picked":"Singing Bowl","floor":31},{"not_picked":["Night Terror","Wraith Form v2","Glass Knife","Phantasmal Killer"],"picked":"Singing Bowl","floor":33},{"not_picked":["Outmaneuver+1","Infinite Blades+1","PiercingWail+1","Sucker Punch"],"picked":"Singing Bowl","floor":35},{"not_picked":["Deadly Poison","Terror","Bouncing Flask","Masterful Stab+1"],"picked":"Singing Bowl","floor":36},{"not_picked":["Expertise","Deflect","Footwork+1"],"picked":"Backstab+1","floor":37},{"not_picked":["Underhanded Strike+1","Acrobatics+1","Flying Knee","Outmaneuver"],"picked":"Singing Bowl","floor":38},{"not_picked":["Deflect+1","Eviscerate+1","Outmaneuver","Sucker Punch"],"picked":"Singing Bowl","floor":40},{"not_picked":["Crippling Poison","Deadly Poison","Distraction"],"picked":"Backflip+1","floor":41},{"not_picked":["PiercingWail+1","Flying Knee","Dodge and Roll"],"picked":"Bullet Time","floor":46},{"not_picked":["Dagger Throw","Slice+1","Dash","Flying Knee+1"],"picked":"Singing Bowl","floor":48},{"not_picked":["Terror","Masterful Stab","Distraction","Skewer+1"],"picked":"Singing Bowl","floor":54}],"player_experience":131962,"relics_obtained":[{"floor":9,"key":"Vajra"},{"floor":10,"key":"Singing Bowl"},{"floor":12,"key":"Potion Belt"},{"floor":14,"key":"Question Card"},{"floor":54,"key":"Strawberry"}],"event_choices":[{"cards_removed":["Defend_G"],"damage_healed":0,"gold_gain":0,"player_choice":"Card Removal","damage_taken":0,"max_hp_gain":0,"max_hp_loss":0,"event_name":"The Cleric","floor":2,"gold_loss":50},{"damage_healed":0,"gold_gain":0,"player_choice":"Success","damage_taken":12,"relics_obtained":["Blood Vial"],"max_hp_gain":0,"max_hp_loss":0,"event_name":"Scrap Ooze","floor":3,"gold_loss":0},{"damage_healed":0,"gold_gain":0,"player_choice":"Donut","damage_taken":0,"max_hp_gain":5,"max_hp_loss":0,"event_name":"Big Fish","floor":11,"gold_loss":0},{"cards_removed":["Strike_G"],"damage_healed":0,"gold_gain":0,"player_choice":"Forget","damage_taken":0,"max_hp_gain":0,"max_hp_loss":0,"event_name":"Living Wall","floor":13,"gold_loss":0},{"damage_healed":0,"gold_gain":0,"player_choice":"Ignored","damage_taken":0,"max_hp_gain":0,"max_hp_loss":0,"event_name":"The Mausoleum","floor":20,"gold_loss":0},{"damage_healed":0,"gold_gain":0,"player_choice":"Became a Ghost","damage_taken":0,"max_hp_gain":0,"max_hp_loss":40,"event_name":"Ghosts","floor":21,"gold_loss":0,"cards_obtained":["Ghostly","Ghostly","Ghostly","Ghostly","Ghostly"]},{"damage_healed":0,"gold_gain":99,"player_choice":"Stole From Cult","damage_taken":0,"max_hp_gain":0,"max_hp_loss":0,"event_name":"Nest","floor":22,"gold_loss":0},{"damage_healed":0,"gold_gain":0,"player_choice":"Copied","damage_taken":0,"max_hp_gain":0,"max_hp_loss":0,"event_name":"Duplicator","floor":30,"gold_loss":0,"cards_obtained":["Ghostly"]},{"damage_healed":0,"gold_gain":0,"player_choice":"Got Potions","damage_taken":0,"max_hp_gain":0,"max_hp_loss":0,"event_name":"Lab","floor":42,"gold_loss":0}],"is_beta":false,"boss_relics":[{"not_picked":["Fusion Hammer","Black Star"],"picked":"Cursed Key"},{"not_picked":["Coffee Dripper","HoveringKite"],"picked":"Pandora\u0027s Box"}],"items_purged_floors":[19,39,44],"is_endless":false,"potions_floor_spawned":[7,10,12,24,28,31,35,37,40,41,54],"killed_by":"The Heart","ascension_level":0}