{"gold_per_floor":[113,127,377,388,388,388,419,419,442,442,455,4,18,34,34,130,130,148,163,190,206,131,131,159,170,219,248,258,21,21,21,21,122,122,135,186,202,0,0,34,34,52,106,117,17,30,47,59,59,59],"floor_reached":51,"playtime":3724,"items_purged":["Strike_R","Strike_R","Strike_R"],"score":1138,"play_id":"fede2dda-153a-48ac-9e66-3154d292e06c","local_time":"20180702232745","is_ascension_mode":true,"campfire_choices":[{"data":"Armaments","floor":6.0,"key":"SMITH"},{"data":"Shockwave","floor":8.0,"key":"SMITH"},{"data":"Metallicize","floor":10.0,"key":"SMITH"},{"data":"Barricade","floor":15.0,"key":"SMITH"},{"floor":23.0,"key":"REST"},{"floor":30.0,"key":"REST"},{"floor":32.0,"key":"REST"},{"floor":49,"key":"REST"}],"neow_cost":"","seed_source_timestamp":0,"circlet_count":0,"master_deck":["Strike_R","Defend_R","Defend_R+1","Defend_R","Defend_R+1","Bash+1","AscendersBane","Shockwave+1","Inflame","Armaments+1","Metallicize+1","Barricade+1","Clothesline","Whirlwind","Intimidate","Demon Form","Armaments","Clothesline+1","True Grit+1","Impervious","Body Slam","Heavy Blade","Heavy Blade","Shrug It Off","Heavy Blade","Metallicize+1","True Grit+1","Shrug It Off+1","Dark Embrace","Sentinel+1"],"special_seed":0,"relics":["Burning Blood","Spirit Poop","Vajra","Regal Pillow","Pear","War Paint","Fusion Hammer","Singing Bowl","Ice Cream","Ancient Tea Set","The Courier","Anchor","Runic Dome","Magic Flower","Red Mask","Dodecahedron","Happy Flower"],"potions_floor_usage":[48,48,50],"damage_taken":[{"damage":7.0,"enemies":"2 Louse","floor":1.0,"turns":3.0},{"damage":0.0,"enemies":"Cultist","floor":2.0,"turns":3.0},{"damage":15.0,"enemies":"Small Slimes","floor":4.0,"turns":4.0},{"damage":36.0,"enemies":"Gremlin Nob","floor":7.0,"turns":5.0},{"damage":0.0,"enemies":"2 Fungi Beasts","floor":11.0,"turns":4.0},{"damage":2.0,"enemies":"Red Slaver","floor":13.0,"turns":4.0},{"damage":0.0,"enemies":"Blue Slaver","floor":14.0,"turns":5.0},{"damage":39.0,"enemies":"The Guardian","floor":16.0,"turns":12.0},{"damage":22.0,"enemies":"Spheric Guardian","floor":18.0,"turns":5.0},{"damage":11.0,"enemies":"Shell Parasite","floor":19.0,"turns":5.0},{"damage":25.0,"enemies":"Snake Plant","floor":21.0,"turns":6.0},{"damage":49.0,"enemies":"Slavers","floor":24.0,"turns":6.0},{"damage":6.0,"enemies":"3 Cultists","floor":25.0,"turns":4.0},{"damage":15.0,"enemies":"Book of Stabbing","floor":27.0,"turns":7.0},{"damage":23.0,"enemies":"Centurion and Healer","floor":28.0,"turns":7.0},{"damage":33.0,"enemies":"Collector","floor":33.0,"turns":8.0},{"damage":25.0,"enemies":"Flame Bruiser 1 Orb","floor":35.0,"turns":6.0},{"damage":40.0,"floor":36.0,"turns":7.0},{"damage":0.0,"enemies":"3 Shapes","floor":37.0,"turns":4.0},{"damage":5.0,"enemies":"Nemesis","floor":40.0,"turns":9.0},{"damage":17,"enemies":"Transient","floor":42,"turns":5},{"damage":13,"enemies":"Flame Bruiser 2 Orb","floor":44,"turns":5},{"damage":0,"enemies":"Maw","floor":46,"turns":8},{"damage":24,"enemies":"4 Shapes","floor":47,"turns":7},{"damage":18,"enemies":"Flame Bruiser 2 Orb","floor":48,"turns":6},{"damage":41,"enemies":"Time Eater","floor":50,"turns":11}],"seed_played":"-4065589570101385554","potions_obtained":[{"floor":2.0,"key":"Swift Potion"},{"floor":13.0,"key":"GamblersBrew"},{"floor":14.0,"key":"Ancient Potion"},{"floor":19.0,"key":"Strength Potion"},{"floor":28.0,"key":"SkillPotion"},{"floor":33.0,"key":"SkillPotion"},{"floor":36.0,"key":"EssenceOfSteel"},{"floor":46,"key":"AttackPotion"},{"floor":47,"key":"Energy Potion"},{"floor":48,"key":"FearPotion"}],"is_trial":false,"path_per_floor":["M","M","?","M","?","R","E","R","T","R","M","$","M","M","R","B",null,"M","M","T","M","$","R","E","M","T","E","M","$","R","?","R","B",null,"M","?","M","?","?","E","?","M","T","M","$","M","M","M","R","B"],"character_chosen":"IRONCLAD","items_purchased":["Pear","War Paint","Clothesline","Anchor","Shrug It Off"],"campfire_rested":4,"item_purchase_floors":[],"current_hp_per_floor":[71,77,77,68,68,68,38,38,38,38,44,54,58,64,64,31,75,59,54,54,35,35,77,34,34,34,25,8,8,50,32,75,50,85,66,32,41,41,41,45,85,77,77,73,73,84,71,64,91,59],"gold":59,"neow_bonus":"","is_prod":false,"is_daily":false,"chose_seed":false,"campfire_upgraded":4,"win_rate":0,"timestamp":1530566865,"path_taken":["M","M","?","M","?","R","E","R","T","R","M","$","M","M","R","BOSS","M","M","?","?","?","R","E","M","T","E","M","$","R","?","R","BOSS","M","?","M","?","?","E","?","M","T","M","$","M","?","M","R","BOSS"],"build_version":"2018-06-29","purchased_purges":3,"victory":true,"max_hp_per_floor":[80,80,80,80,80,80,80,80,80,80,80,90,90,90,90,90,90,90,90,90,90,90,90,90,90,90,90,90,90,90,95,95,97,97,97,97,97,97,97,97,85,85,85,85,85,87,89,91,91,91],"card_choices":[{"not_picked":["Clash","Body Slam"],"picked":"Shockwave","floor":1.0},{"not_picked":["Carnage","Fire Breathing"],"picked":"Inflame","floor":2.0},{"not_picked":["Anger","Flex"],"picked":"Armaments","floor":4.0},{"not_picked":["Clothesline","Reckless Charge"],"picked":"Metallicize","floor":7.0},{"not_picked":["Pommel Strike","Twin Strike"],"picked":"Barricade","floor":11.0},{"not_picked":["Perfected Strike","Wild Strike"],"picked":"Whirlwind","floor":13.0},{"not_picked":["Twin Strike","Searing Blow"],"picked":"Intimidate","floor":14.0},{"not_picked":["Double Tap","Berserk"],"picked":"Demon Form","floor":16.0},{"not_picked":["Sentinel","True Grit"],"picked":"Armaments","floor":18.0},{"not_picked":["Rupture","Pommel Strike"],"picked":"Clothesline+1","floor":19.0},{"not_picked":["Cleave","Body Slam"],"picked":"True Grit+1","floor":21.0},{"not_picked":["Burning Pact","True Grit"],"picked":"Impervious","floor":24.0},{"not_picked":["Havoc","Entrench"],"picked":"Body Slam","floor":25.0},{"not_picked":["Sword Boomerang","Limit Break"],"picked":"Heavy Blade","floor":27.0},{"not_picked":["Body Slam","Flex"],"picked":"Heavy Blade","floor":28.0},{"not_picked":["Exhume","Fiend Fire","Barricade"],"picked":"Singing Bowl","floor":33.0},{"not_picked":["Headbutt","Havoc"],"picked":"Heavy Blade","floor":35.0},{"not_picked":["Wild Strike+1","Heavy Blade"],"picked":"Metallicize+1","floor":36.0},{"not_picked":["Pommel Strike","Havoc"],"picked":"True Grit+1","floor":37.0},{"not_picked":["Armaments","Pommel Strike"],"picked":"Shrug It Off+1","floor":40.0},{"not_picked":["Second Wind","Rupture"],"picked":"Dark Embrace","floor":42},{"not_picked":["Carnage","Second Wind"],"picked":"Sentinel+1","floor":44},{"not_picked":["Power Through","Shockwave+1","Warcry"],"picked":"Singing Bowl","floor":46},{"not_picked":["Twin Strike","Intimidate","Pommel Strike"],"picked":"Singing Bowl","floor":47},{"not_picked":["Dropkick","Rampage","Clash"],"picked":"Singing Bowl","floor":48}],"player_experience":238998,"relics_obtained":[{"floor":7.0,"key":"Vajra"},{"floor":9.0,"key":"Regal Pillow"},{"floor":20.0,"key":"Singing Bowl"},{"floor":24.0,"key":"Ice Cream"},{"floor":26.0,"key":"Ancient Tea Set"},{"floor":27.0,"key":"The Courier"},{"floor":36.0,"key":"Magic Flower"},{"floor":40.0,"key":"Dodecahedron"},{"floor":43,"key":"Happy Flower"}],"event_choices":[{"event_name":"Golden Shrine","player_choice":"Desecrate","floor":3.0,"damage_taken":0.0},{"event_name":"Bonfire Elementals","player_choice":"CURSE","floor":5.0,"damage_taken":0.0},{"event_name":"Forgotten Altar","player_choice":"Shed Blood","floor":31.0,"damage_taken":0.0},{"event_name":"Mysterious Sphere","player_choice":"Fight","floor":36.0,"damage_taken":0.0},{"event_name":"Tomb of Lord Red Mask","player_choice":"Paid","floor":38.0,"damage_taken":0.0},{"event_name":"Falling","player_choice":"Removed Attack","floor":39.0,"damage_taken":0.0},{"event_name":"The Moai Head","player_choice":"Heal","floor":41.0,"damage_taken":0.0}],"boss_relics":[{"not_picked":["White Beast Statue","Philosopher\u0027s Stone"],"picked":"Fusion Hammer"},{"not_picked":["Velvet Choker","Coffee Dripper"],"picked":"Runic Dome"}],"items_purged_floors":[],"is_endless":false,"potions_floor_spawned":[2,13,14,19,21,28,33,36,46,47,48],"ascension_level":12}