{"gold_per_floor":[116,116,116,116,116,116,130,130,155,155,185,185,199,35,35,131,131,145,70,70,14,14,14,34,49,49,67,67,82,82,102,102,205,205,225,41,58,58,76,76,94,94,169,169,44,54,65,85,85,187,187,205,205,219,219,239,239,239,239,239,258,258,258,277,296,296,397,397,414,414,214,244,244,244,159,159,192,192,212,41,75,75],"floor_reached":82,"playtime":4730,"items_purged":["Parasite","Transmutation","Cold Snap+1"],"score":1358,"play_id":"9841bbf6-e240-40db-bc2f-ff7280392e3c","local_time":"20180715180358","is_ascension_mode":false,"campfire_choices":[{"data":"Zap","floor":6,"key":"SMITH"},{"data":"Redo","floor":8,"key":"SMITH"},{"floor":10,"key":"REST"},{"data":"Dualcast","floor":12,"key":"SMITH"},{"data":"Streamline","floor":15,"key":"SMITH"},{"data":"All For One","floor":23,"key":"SMITH"},{"data":"Melter","floor":28,"key":"SMITH"},{"data":"Defragment","floor":30,"key":"SMITH"},{"floor":32,"key":"REST"},{"data":"Gash","floor":40,"key":"SMITH"},{"data":"All For One","floor":42,"key":"SMITH"},{"floor":49,"key":"REST"},{"data":"Blind","floor":57,"key":"SMITH"},{"floor":59,"key":"REST"},{"data":"FTL","floor":62,"key":"SMITH"},{"floor":66,"key":"REST"},{"floor":74,"key":"REST"},{"data":"Panache","floor":76,"key":"SMITH"},{"floor":78,"key":"REST"}],"neow_cost":"","seed_source_timestamp":0,"circlet_count":0,"master_deck":["Defend_B","Zap+1","Dualcast+1","Redo+1","Leap","Glacier","Streamline+1","Core Surge+1","All For One+1","Defragment+1","BootSequence","Go for the Eyes+1","Melter+1","Gash+1","All For One+1","Compile Driver+1","Blind+1","Redo+1","Trip","Capacitor","Gash","All For One","Defragment","Gash+1","Reprogram","All For One","FTL+1","Defragment","All For One","Panache+1","Beam Cell","Gash","Go for the Eyes","Beam Cell"],"relics":["FrozenCore","Ancient Tea Set","CultistMask","Happy Flower","The Courier","Vajra","Incense Burner","Empty Cage","Whetstone","Letter Opener","Orrery","DataDisk","Smiling Mask","Cursed Key","Red Mask","Enchiridion","Oddly Smooth Stone"],"potions_floor_usage":[16,16,33,33,41,50,50,50,65,67,67,82],"damage_taken":[{"damage":5,"enemies":"2 Louse","floor":1,"turns":2},{"damage":1,"enemies":"Jaw Worm","floor":7,"turns":3},{"damage":10,"enemies":"Lagavulin","floor":11,"turns":6},{"damage":0,"enemies":"Small Slimes","floor":13,"turns":2},{"damage":60,"enemies":"Slime Boss","floor":16,"turns":20},{"damage":4,"enemies":"Spheric Guardian","floor":18,"turns":4},{"damage":2,"enemies":"3 Byrds","floor":24,"turns":4},{"damage":4,"enemies":"Snecko","floor":25,"turns":6},{"damage":11,"enemies":"Chosen and Byrds","floor":27,"turns":5},{"damage":0,"enemies":"Centurion and Healer","floor":29,"turns":6},{"damage":0,"enemies":"3 Cultists","floor":31,"turns":5},{"damage":13,"enemies":"Automaton","floor":33,"turns":10},{"damage":0,"enemies":"Flame Bruiser 1 Orb","floor":35,"turns":5},{"damage":16,"enemies":"3 Darklings","floor":37,"turns":6},{"damage":0,"enemies":"Flame Bruiser 2 Orb","floor":39,"turns":6},{"damage":8,"enemies":"Spire Growth","floor":41,"turns":5},{"damage":0,"enemies":"Sphere and 2 Shapes","floor":46,"turns":3},{"damage":2,"enemies":"4 Shapes","floor":47,"turns":7},{"damage":0,"enemies":"Transient","floor":48,"turns":5},{"damage":5,"enemies":"Awakened One","floor":50,"turns":13},{"damage":3,"enemies":"Small Slimes","floor":52,"turns":3},{"damage":0,"enemies":"2 Louse","floor":54,"turns":2},{"damage":0,"enemies":"Cultist","floor":56,"turns":3},{"damage":0,"enemies":"Exordium Thugs","floor":61,"turns":3},{"damage":7,"enemies":"Looter","floor":64,"turns":2},{"damage":12,"enemies":"Large Slime","floor":65,"turns":5},{"damage":45,"enemies":"Hexaghost","floor":67,"turns":6},{"damage":0,"enemies":"Spheric Guardian","floor":69,"turns":3},{"damage":7,"floor":72,"turns":5},{"damage":47,"enemies":"Slavers","floor":77,"turns":6},{"damage":17,"enemies":"Shell Parasite","floor":79,"turns":4},{"damage":25,"enemies":"Gremlin Leader","floor":81,"turns":4},{"damage":12,"enemies":"Snake Plant","floor":82,"turns":1}],"seed_played":"-7432851017945319734","potions_obtained":[{"floor":11,"key":"SkillPotion"},{"floor":13,"key":"FearPotion"},{"floor":18,"key":"Ancient Potion"},{"floor":29,"key":"Strength Potion"},{"floor":31,"key":"Swift Potion"},{"floor":39,"key":"Dexterity Potion"},{"floor":46,"key":"Regen Potion"},{"floor":48,"key":"Block Potion"},{"floor":54,"key":"Dexterity Potion"},{"floor":61,"key":"Weak Potion"},{"floor":64,"key":"Fruit Juice"},{"floor":81,"key":"AttackPotion"}],"is_trial":true,"path_per_floor":["M","?","?","?","?","R","M","R","T","R","E","R","M","$","R","B",null,"M","?","?","$","?","R","M","M","T","M","R","M","R","M","R","B",null,"M","$","M","?","M","R","M","R","T","?","$","M","M","M","R","B",null,"M","?","M","?","M","R","?","R","T","M","R","?","M","M","R","B",null,"M","?","$","?","?","R","?","R","E","R","M","$","E"],"character_chosen":"DEFECT","items_purchased":["Streamline","Core Surge","Defragment","Whetstone","Blind","Capacitor","Panache","Gash","Go for the Eyes","Beam Cell"],"campfire_rested":7,"item_purchase_floors":[14,14,21,36,36,45,71,80,80,80],"current_hp_per_floor":[70,67,67,60,60,60,59,59,59,75,65,65,65,65,65,5,75,71,71,71,71,71,71,69,65,65,54,54,54,54,54,75,62,75,75,75,59,59,59,59,51,51,51,51,51,51,49,49,70,72,72,69,51,51,51,51,51,51,72,72,72,72,65,58,51,74,29,77,77,77,77,70,54,77,77,77,30,53,36,36,11,0],"gold":75,"neow_bonus":"","is_prod":false,"is_daily":false,"chose_seed":false,"campfire_upgraded":12,"win_rate":0,"timestamp":1531692238,"path_taken":["M","?","?","?","?","R","?","R","T","R","E","R","?","$","R","BOSS","M","?","?","$","?","R","M","M","T","M","R","M","R","M","R","BOSS","M","$","M","?","?","R","M","R","T","?","?","M","?","?","R","BOSS","M","?","M","?","M","R","?","R","T","M","R","?","?","M","R","BOSS","M","?","$","?","?","R","?","R","E","R","M","$","E","?"],"build_version":"2018-07-12","purchased_purges":3,"victory":false,"max_hp_per_floor":[75,75,75,75,75,75,75,75,75,75,75,75,75,75,75,75,75,75,75,75,75,75,75,75,75,75,75,75,75,75,75,75,75,75,75,75,75,75,75,75,75,75,75,75,72,72,72,72,72,72,72,72,72,72,72,72,72,72,72,72,72,72,72,72,77,77,77,77,77,77,77,77,77,77,77,77,77,77,77,77,77,77],"card_choices":[{"not_picked":["Hello World","Go for the Eyes"],"picked":"Redo","floor":1},{"not_picked":["Ball Lightning","Steam Power"],"picked":"Cold Snap","floor":7},{"not_picked":["Hello World","Redo"],"picked":"Leap","floor":11},{"not_picked":["Barrage","Auto Shields"],"picked":"Glacier","floor":13},{"not_picked":["Biased Cognition","Rainbow"],"picked":"All For One","floor":16},{"not_picked":["Chaos","Storm+1","Static Discharge"],"picked":"SKIP","floor":18},{"not_picked":["White Noise+1","Barrage"],"picked":"BootSequence","floor":24},{"not_picked":["Compile Driver","Rebound"],"picked":"Go for the Eyes+1","floor":25},{"not_picked":["Hello World","Stack"],"picked":"Melter","floor":27},{"not_picked":["Turbo","Stack+1","Static Discharge"],"picked":"SKIP","floor":29},{"not_picked":["Cold Snap+1","Darkness"],"picked":"Gash","floor":31},{"not_picked":["Buffer","Core Surge"],"picked":"All For One","floor":33},{"not_picked":["Force Field","Conserve Battery+1"],"picked":"Compile Driver+1","floor":35},{"not_picked":["Coolheaded","Auto Shields+1"],"picked":"Redo+1","floor":37},{"not_picked":["Force Field+1","Turbo+1","Reprogram"],"picked":"SKIP","floor":39},{"not_picked":["Redo","Sweeping Beam","Compile Driver"],"picked":"SKIP","floor":41},{"not_picked":["Loop+1","Fusion","Compile Driver+1"],"picked":"SKIP","floor":46},{"not_picked":["Ball Lightning+1","Barrage"],"picked":"Gash","floor":47},{"not_picked":["Ball Lightning+1","Sunder+1","Undo+1"],"picked":"SKIP","floor":48},{"not_picked":["Multi-Cast","Seek"],"picked":"All For One","floor":50},{"not_picked":["Force Field","Fusion+1"],"picked":"Defragment","floor":51},{"not_picked":["Tempest","Ball Lightning"],"picked":"Gash+1","floor":51},{"not_picked":["Auto Shields+1","Chaos+1"],"picked":"Reprogram","floor":51},{"not_picked":["Glacier","Turbo","Compile Driver"],"picked":"SKIP","floor":52},{"not_picked":["Barrage","Auto Shields","Rip and Tear"],"picked":"SKIP","floor":54},{"not_picked":["Stack","Coolheaded","Multi-Cast"],"picked":"SKIP","floor":56},{"not_picked":["Ball Lightning","Rebound"],"picked":"FTL","floor":61},{"not_picked":["Coolheaded","Streamline","Redo"],"picked":"SKIP","floor":64},{"not_picked":["Auto Shields","Hologram"],"picked":"Defragment","floor":65},{"not_picked":["Meteor Strike","Creative AI"],"picked":"All For One","floor":67},{"not_picked":["Coolheaded","Skim","Conserve Battery"],"picked":"SKIP","floor":69},{"not_picked":["Amplify","Barrage+1"],"picked":"Beam Cell","floor":77},{"not_picked":["Conserve Battery+1","Undo","Reinforced Body"],"picked":"SKIP","floor":79},{"not_picked":["Rip and Tear+1","Rebound","Recycle"],"picked":"SKIP","floor":81}],"player_experience":1122767,"relics_obtained":[{"floor":9,"key":"Happy Flower"},{"floor":11,"key":"The Courier"},{"floor":26,"key":"Incense Burner"},{"floor":43,"key":"Letter Opener"},{"floor":60,"key":"Smiling Mask"},{"floor":72,"key":"Red Mask"},{"floor":73,"key":"Enchiridion"}],"event_choices":[{"event_name":"Scrap Ooze","player_choice":"success","floor":2,"damage_taken":3},{"event_name":"Living Wall","player_choice":"Forget","floor":3,"damage_taken":0},{"event_name":"Golden Wing","player_choice":"Card Removal","floor":4,"damage_taken":0},{"event_name":"FaceTrader","player_choice":"Trade","floor":5,"damage_taken":0},{"event_name":"Beggar","player_choice":"Gave Gold","floor":19,"damage_taken":0},{"event_name":"Bonfire Elementals","player_choice":"BASIC","floor":20,"damage_taken":0},{"event_name":"Wheel of Change","player_choice":"Relic","floor":22,"damage_taken":0},{"event_name":"Purifier","player_choice":"One Purge","floor":38,"damage_taken":0},{"event_name":"Match and Keep!","player_choice":"2 cards matched","floor":44,"damage_taken":0},{"event_name":"Scrap Ooze","player_choice":"success","floor":53,"damage_taken":18},{"event_name":"Match and Keep!","player_choice":"3 cards matched","floor":55,"damage_taken":0},{"event_name":"Transmorgrifier","player_choice":"Transform","floor":58,"damage_taken":0},{"event_name":"Golden Wing","player_choice":"Card Removal","floor":63,"damage_taken":0},{"event_name":"Ghosts","player_choice":"Ignored","floor":70,"damage_taken":0},{"event_name":"Masked Bandits","player_choice":"Fought over 214 gold","floor":72,"damage_taken":0},{"event_name":"Cursed Tome","player_choice":"Obtained Book","floor":73,"damage_taken":0},{"event_name":"Addict","player_choice":"Obtained Relic","floor":75,"damage_taken":0}],"boss_relics":[{"not_picked":["Runic Pyramid","Philosopher\u0027s Stone"],"picked":"FrozenCore"},{"not_picked":["Busted Crown","Tiny House"],"picked":"Empty Cage"},{"not_picked":["Astrolabe","Fusion Hammer"],"picked":"Orrery"},{"not_picked":["Ectoplasm","Tiny House"],"picked":"Cursed Key"}],"items_purged_floors":[45,71,80],"is_endless":true,"potions_floor_spawned":[11,13,18,29,31,39,46,48,54,61,64,81],"killed_by":"Snake Plant","ascension_level":0}