{"gold_per_floor":[111,122,138,155,155,155,155,170,251,216,236,236,247,263,263,337,337,350,6,25,41,51,51,68,68,91,91,91],"floor_reached":28,"playtime":925,"items_purged":["Strike_B"],"score":439,"play_id":"f0b8c02b-7aaa-448d-b08a-c2c0bdfe2ff7","local_time":"20190122020444","is_ascension_mode":true,"campfire_choices":[{"data":"Zap","floor":6,"key":"SMITH"},{"data":"Conserve Battery","floor":12,"key":"SMITH"},{"data":"Streamline","floor":15,"key":"SMITH"},{"floor":23,"key":"REST"}],"neow_cost":"TEN_PERCENT_HP_LOSS","seed_source_timestamp":1473084091349344,"circlet_count":0,"master_deck":["AscendersBane","Strike_B+1","Strike_B","Strike_B+1","Defend_B","Defend_B","Defend_B","Defend_B","Zap+1","Dualcast","Rebound","Streamline+1","Ball Lightning","Conserve Battery+1","Hologram","Electrodynamics","Static Discharge","Capacitor","Undo","Cold Snap","Bandage Up"],"relics":["Cracked Core","Turnip","Girya","Mercury Hourglass","Sozu","OrangePellets","Bag of Preparation"],"potions_floor_usage":[16],"damage_taken":[{"damage":1,"enemies":"Cultist","floor":1,"turns":4},{"damage":2,"enemies":"2 Louse","floor":2,"turns":2},{"damage":12,"enemies":"Small Slimes","floor":3,"turns":2},{"damage":9,"enemies":"2 Fungi Beasts","floor":4,"turns":3},{"damage":8,"enemies":"Red Slaver","floor":8,"turns":4},{"damage":0,"enemies":"Exordium Wildlife","floor":11,"turns":2},{"damage":1,"enemies":"Looter","floor":13,"turns":3},{"damage":4,"enemies":"2 Fungi Beasts","floor":14,"turns":2},{"damage":0,"enemies":"Slime Boss","floor":16,"turns":6},{"damage":1,"enemies":"Spheric Guardian","floor":18,"turns":3},{"damage":12,"enemies":"Shell Parasite","floor":20,"turns":4},{"damage":38,"enemies":"Shelled Parasite and Fungi","floor":21,"turns":6},{"damage":0,"enemies":"3 Cultists","floor":22,"turns":2},{"damage":19,"enemies":"Snake Plant","floor":24,"turns":3},{"damage":17,"enemies":"Cultist and Chosen","floor":28,"turns":4}],"seed_played":"3548786427220502138","potions_obtained":[{"floor":1,"key":"Dexterity Potion"},{"floor":3,"key":"FocusPotion"},{"floor":16,"key":"Energy Potion"}],"is_trial":false,"path_per_floor":["M","M","M","M","?","R","?","M","T","?","M","R","M","M","R","B",null,"M","$","M","M","M","R","M","?","T","?","M"],"character_chosen":"DEFECT","items_purchased":["OrangePellets","Static Discharge"],"campfire_rested":1,"item_purchase_floors":[19,19],"current_hp_per_floor":[67,65,53,44,41,41,27,19,19,36,36,36,35,31,31,31,59,58,58,46,8,8,28,9,9,9,9,0],"gold":91,"neow_bonus":"ONE_RARE_RELIC","is_prod":false,"is_daily":false,"chose_seed":false,"campfire_upgraded":3,"win_rate":0,"timestamp":1548090284,"path_taken":["M","M","M","?","?","R","?","M","T","?","M","R","M","M","R","BOSS","M","$","M","M","M","R","M","?","T","?","M"],"build_version":"2019-01-17v2","purchased_purges":1,"victory":false,"max_hp_per_floor":[68,68,68,68,68,68,68,68,68,68,68,68,68,68,68,68,68,68,68,68,68,68,68,68,68,68,68,68],"card_choices":[{"not_picked":["Lockon","Chill"],"picked":"Rebound","floor":1},{"not_picked":["Leap","Beam Cell"],"picked":"Streamline","floor":2},{"not_picked":["Turbo","Rebound"],"picked":"Ball Lightning","floor":3},{"not_picked":["Rebound","Redo","Coolheaded"],"picked":"SKIP","floor":4},{"not_picked":["Fusion","Turbo","Storm"],"picked":"SKIP","floor":8},{"not_picked":["Barrage","Ball Lightning"],"picked":"Conserve Battery","floor":11},{"not_picked":["Steam","Stack","Turbo"],"picked":"SKIP","floor":13},{"not_picked":["Streamline","Rebound"],"picked":"Hologram","floor":14},{"not_picked":["Biased Cognition","Seek"],"picked":"Electrodynamics","floor":16},{"not_picked":["Gash","Stack","Genetic Algorithm"],"picked":"SKIP","floor":18},{"not_picked":["Coolheaded","Steam"],"picked":"Capacitor","floor":20},{"not_picked":["Hologram","Turbo"],"picked":"Undo","floor":21},{"not_picked":["Chill","Recycle"],"picked":"Cold Snap","floor":22},{"not_picked":["Sweeping Beam","Steam","Hyperbeam"],"picked":"SKIP","floor":24}],"player_experience":424612,"relics_obtained":[{"floor":9,"key":"Mercury Hourglass"},{"floor":26,"key":"Bag of Preparation"}],"event_choices":[{"damage_healed":0,"gold_gain":0,"player_choice":"Success","damage_taken":3,"relics_obtained":["Girya"],"max_hp_gain":0,"max_hp_loss":0,"event_name":"Scrap Ooze","floor":5,"gold_loss":0},{"damage_healed":0,"gold_gain":0,"player_choice":"Entered Light","damage_taken":14,"max_hp_gain":0,"max_hp_loss":0,"event_name":"Shining Light","floor":7,"gold_loss":0,"cards_upgraded":["Strike_B","Strike_B"]},{"damage_healed":17,"gold_gain":0,"player_choice":"Healed","damage_taken":0,"max_hp_gain":0,"max_hp_loss":0,"event_name":"The Cleric","floor":10,"gold_loss":35},{"damage_healed":0,"gold_gain":0,"player_choice":"Ignored","damage_taken":0,"max_hp_gain":0,"max_hp_loss":0,"event_name":"Cursed Tome","floor":25,"gold_loss":0},{"damage_healed":0,"gold_gain":0,"player_choice":"1 cards matched","damage_taken":0,"max_hp_gain":0,"max_hp_loss":0,"event_name":"Match and Keep!","floor":27,"gold_loss":0,"cards_obtained":["Bandage Up"]}],"is_beta":false,"boss_relics":[{"not_picked":["Black Star","White Beast Statue"],"picked":"Sozu"}],"items_purged_floors":[19],"is_endless":false,"potions_floor_spawned":[1,3,14,16,20,24],"killed_by":"Cultist and Chosen","ascension_level":13}