{"gold_per_floor":[115,115,115,135,152,152,170,197,271,271,291,310,343,359,359,438,438,455,468,468,468,70,96,96,114,114,128,128,74,124,124,124,124],"floor_reached":33,"playtime":2090,"items_purged":["Decay"],"score":516,"play_id":"21946c6a-0c72-4954-8de2-00d3835e9d8f","local_time":"20190212223407","is_ascension_mode":true,"campfire_choices":[{"data":"Clothesline","floor":6,"key":"SMITH"},{"data":"Feel No Pain","floor":10,"key":"SMITH"},{"data":"Armaments","floor":15,"key":"SMITH"},{"data":"True Grit","floor":24,"key":"SMITH"},{"floor":28,"key":"REST"},{"data":"Dual Wield","floor":32,"key":"SMITH"}],"neow_cost":"TEN_PERCENT_HP_LOSS","seed_source_timestamp":734490019106236,"circlet_count":0,"master_deck":["AscendersBane","Bash","Reaper","Clothesline+1","Feel No Pain+1","Anger","Iron Wave","Shrug It Off","True Grit","Juggernaut","Armaments+1","Reaper","Body Slam","Sword Boomerang","Combust","True Grit+1","Uppercut","Berserk","Offering","Hemokinesis","Reckless Charge","Battle Trance","Panache","Metallicize","Headbutt+1","Spot Weakness","Dual Wield+1"],"relics":["Burning Blood","Bird Faced Urn","Bottled Flame","Bronze Scales","Pandora\u0027s Box","Dead Branch","Ornamental Fan"],"potions_floor_usage":[4,11,13,18,21,23,25,33,33],"damage_taken":[{"damage":17,"enemies":"Cultist","floor":1,"turns":4},{"damage":5,"enemies":"2 Louse","floor":4,"turns":4},{"damage":4,"enemies":"Small Slimes","floor":5,"turns":4},{"damage":8,"enemies":"Blue Slaver","floor":7,"turns":3},{"damage":28,"enemies":"Gremlin Nob","floor":8,"turns":6},{"damage":7,"enemies":"3 Louse","floor":11,"turns":4},{"damage":14,"enemies":"Lots of Slimes","floor":12,"turns":6},{"damage":17,"enemies":"3 Sentries","floor":13,"turns":11},{"damage":1,"enemies":"Blue Slaver","floor":14,"turns":5},{"damage":41,"enemies":"The Guardian","floor":16,"turns":11},{"damage":17,"enemies":"Chosen","floor":18,"turns":3},{"damage":25,"enemies":"Spheric Guardian","floor":19,"turns":4},{"damage":6,"enemies":"Snake Plant","floor":21,"turns":1},{"damage":53,"enemies":"Gremlin Leader","floor":23,"turns":6},{"damage":27,"enemies":"Cultist and Chosen","floor":25,"turns":5},{"damage":34,"enemies":"Shelled Parasite and Fungi","floor":27,"turns":4},{"damage":84,"enemies":"Automaton","floor":33,"turns":6}],"seed_played":"7085711977579187504","potions_obtained":[{"floor":1,"key":"BloodPotion"},{"floor":4,"key":"Block Potion"},{"floor":7,"key":"Fire Potion"},{"floor":13,"key":"Dexterity Potion"},{"floor":16,"key":"Swift Potion"},{"floor":18,"key":"SmokeBomb"},{"floor":23,"key":"AttackPotion"}],"is_trial":false,"path_per_floor":["M","?","?","M","M","R","M","E","T","R","M","M","E","M","R","B",null,"M","M","?","M","$","E","R","M","T","M","R","$","?","?","R","B"],"character_chosen":"IRONCLAD","items_purchased":["Panache","Energy Potion","Metallicize","Strength Potion"],"campfire_rested":1,"item_purchase_floors":[22,22,22,29],"current_hp_per_floor":[57,62,55,70,73,73,71,53,53,53,66,69,67,73,73,40,65,68,61,61,61,61,38,38,45,45,27,48,48,48,48,48,0],"gold":124,"neow_bonus":"THREE_RARE_CARDS","is_prod":false,"is_daily":false,"chose_seed":false,"campfire_upgraded":5,"win_rate":0,"timestamp":1550010847,"path_taken":["M","?","?","M","M","R","M","E","T","R","M","M","E","M","R","BOSS","M","M","?","M","$","E","R","M","T","M","R","$","?","?","R","BOSS"],"build_version":"2019-02-06","purchased_purges":1,"victory":false,"max_hp_per_floor":[68,73,73,73,73,73,73,73,73,73,73,73,73,73,73,73,73,73,73,73,73,73,73,73,73,73,73,73,73,73,73,73,73],"card_choices":[{"not_picked":["Juggernaut","Dark Embrace"],"picked":"Reaper","floor":0},{"not_picked":["Metallicize","Warcry"],"picked":"Clothesline","floor":1},{"not_picked":["Blood for Blood","Sword Boomerang"],"picked":"Feel No Pain","floor":4},{"not_picked":["Perfected Strike","Fire Breathing"],"picked":"Anger","floor":5},{"not_picked":["Perfected Strike","Ghostly Armor"],"picked":"Iron Wave","floor":7},{"not_picked":["Clothesline","Thunderclap"],"picked":"Shrug It Off","floor":8},{"not_picked":["Wild Strike","Corruption","Dropkick"],"picked":"SKIP","floor":11},{"not_picked":["Second Wind","Burning Pact"],"picked":"True Grit","floor":12},{"not_picked":["Inflame","Perfected Strike"],"picked":"Juggernaut","floor":13},{"not_picked":["Cleave","Thunderclap"],"picked":"Armaments","floor":14},{"not_picked":["Juggernaut","Brutality"],"picked":"Reaper","floor":16},{"not_picked":["Intimidate","Cleave"],"picked":"Reckless Charge","floor":18},{"not_picked":["Heavy Blade","Power Through"],"picked":"Battle Trance","floor":19},{"not_picked":["Second Wind","Anger"],"picked":"Headbutt+1","floor":23},{"not_picked":["Shrug It Off","Wild Strike"],"picked":"Spot Weakness","floor":25},{"not_picked":["Wild Strike","Immolate","Twin Strike"],"picked":"SKIP","floor":27}],"player_experience":885091,"relics_obtained":[{"floor":8,"key":"Bird Faced Urn"},{"floor":9,"key":"Bottled Flame"},{"floor":13,"key":"Bronze Scales"},{"floor":23,"key":"Dead Branch"},{"floor":26,"key":"Ornamental Fan"}],"event_choices":[{"damage_healed":0,"gold_gain":0,"player_choice":"Donut","damage_taken":0,"max_hp_gain":5,"max_hp_loss":0,"event_name":"Big Fish","floor":2,"gold_loss":0},{"cards_removed":["Strike_R"],"damage_healed":0,"gold_gain":0,"player_choice":"Card Removal","damage_taken":7,"max_hp_gain":0,"max_hp_loss":0,"event_name":"Golden Wing","floor":3,"gold_loss":0},{"damage_healed":0,"gold_gain":0,"player_choice":"Smashed Altar","damage_taken":0,"max_hp_gain":0,"max_hp_loss":0,"event_name":"Forgotten Altar","floor":20,"gold_loss":0,"cards_obtained":["Decay"]},{"damage_healed":0,"gold_gain":50,"player_choice":"Stole From Cult","damage_taken":0,"max_hp_gain":0,"max_hp_loss":0,"event_name":"Nest","floor":30,"gold_loss":0},{"damage_healed":0,"gold_gain":0,"player_choice":"Read","damage_taken":0,"max_hp_gain":0,"max_hp_loss":0,"event_name":"The Library","floor":31,"gold_loss":0,"cards_obtained":["Dual Wield"]}],"is_beta":true,"boss_relics":[{"not_picked":["Runic Cube","Lizard Tail"],"picked":"Pandora\u0027s Box"}],"items_purged_floors":[22],"is_endless":false,"potions_floor_spawned":[1,4,7,13,16,18,23],"killed_by":"Automaton","ascension_level":17}