{"gold_per_floor":[115,40,40,40,60,95,95,95,95,113,64,64,77,77,77,208,208,229,248,163,186,200,200,236,236,236,236,257,257,10,25,25,145,145,161,494,464,480,496,512,532,532,532,432,432,432,38,38,38,38],"floor_reached":51,"playtime":3129,"items_purged":["Defend_B","Cold Snap","Defend_B+1"],"score":690,"play_id":"b49a030b-233c-48c8-b820-1f5be118eb5f","local_time":"20181209131451","is_ascension_mode":false,"campfire_choices":[{"data":"White Noise","floor":7,"key":"SMITH"},{"floor":15,"key":"REST"},{"data":"Defragment","floor":23,"key":"SMITH"},{"data":"Defragment","floor":25,"key":"SMITH"},{"floor":32,"key":"REST"},{"data":"Go for the Eyes","floor":42,"key":"SMITH"},{"data":"Go for the Eyes","floor":45,"key":"SMITH"},{"floor":49,"key":"RECALL"}],"neow_cost":"NONE","seed_source_timestamp":904813758777022,"circlet_count":0,"master_deck":["Strike_B+1","Strike_B+1","Defend_B+1","Defend_B+1","Zap+1","Dualcast","Loop","Defragment+1","White Noise+1","Coolheaded","Defragment+1","Seek","Go for the Eyes+1","Undo+1","Redo+1","Glacier+1","Amplify+1","Glacier+1","Capacitor","Auto Shields+1"],"relics":["Cracked Core","PreservedInsect","Bottled Tornado","Nuclear Battery","Toxic Egg 2","Orichalcum","Bottled Flame","Bottled Lightning","Lizard Tail","Mummified Hand","OrangePellets"],"potions_floor_usage":[13,24,31,33,38,40,40,50,50,50],"damage_taken":[{"damage":1,"enemies":"Cultist","floor":1,"turns":3},{"damage":0,"enemies":"Small Slimes","floor":5,"turns":3},{"damage":30,"enemies":"Gremlin Nob","floor":6,"turns":4},{"damage":8,"enemies":"Jaw Worm","floor":10,"turns":4},{"damage":7,"enemies":"Large Slime","floor":13,"turns":4},{"damage":0,"enemies":"Hexaghost","floor":16,"turns":9},{"damage":1,"enemies":"3 Byrds","floor":18,"turns":5},{"damage":0,"enemies":"Spheric Guardian","floor":19,"turns":4},{"damage":15,"enemies":"3 Cultists","floor":21,"turns":6},{"damage":1,"enemies":"Chosen and Byrds","floor":22,"turns":9},{"damage":36,"enemies":"Gremlin Leader","floor":24,"turns":9},{"damage":0,"enemies":"Cultist and Chosen","floor":28,"turns":6},{"damage":2,"enemies":"Colosseum Slavers","floor":29,"turns":4},{"damage":1,"enemies":"Shelled Parasite and Fungi","floor":31,"turns":3},{"damage":15,"enemies":"Automaton","floor":33,"turns":23},{"damage":1,"enemies":"Orb Walker","floor":35,"turns":5},{"damage":0,"enemies":"3 Darklings","floor":38,"turns":8},{"damage":0,"enemies":"4 Shapes","floor":39,"turns":10},{"damage":21,"enemies":"Maw","floor":40,"turns":12},{"damage":19,"enemies":"Transient","floor":41,"turns":5},{"damage":7,"enemies":"Time Eater","floor":50,"turns":25}],"seed_played":"4928929518658274235","potions_obtained":[{"floor":1,"key":"Block Potion"},{"floor":5,"key":"Weak Potion"},{"floor":10,"key":"Strength Potion"},{"floor":19,"key":"EssenceOfSteel"},{"floor":22,"key":"Weak Potion"},{"floor":31,"key":"Weak Potion"},{"floor":37,"key":"Fruit Juice"},{"floor":37,"key":"SkillPotion"},{"floor":38,"key":"FocusPotion"},{"floor":40,"key":"SteroidPotion"},{"floor":48,"key":"Poison Potion"},{"floor":48,"key":"Fire Potion"}],"is_trial":false,"path_per_floor":["M","$","?","?","M","E","R","?","T","M","$","?","M","?","R","B",null,"M","M","?","M","M","R","E","R","T","?","M","?","$","M","R","B",null,"M","?","?","M","M","M","M","R","T","$","R","?","$","?","R","B",null],"character_chosen":"DEFECT","items_purchased":["Go for the Eyes","Bottled Lightning","OrangePellets","Auto Shields+1"],"campfire_rested":2,"item_purchase_floors":[11,30,47,47],"current_hp_per_floor":[74,74,67,67,67,37,37,37,37,29,29,15,8,8,28,28,69,68,68,68,53,52,52,16,16,16,16,16,14,14,13,33,18,69,68,68,68,73,73,52,33,33,33,33,33,33,33,33,33,26],"gold":38,"neow_bonus":"TRANSFORM_CARD","is_prod":false,"is_daily":false,"chose_seed":false,"campfire_upgraded":5,"win_rate":0,"timestamp":1544328891,"path_taken":["M","$","?","?","M","E","R","?","T","?","$","?","M","?","R","BOSS","M","M","?","M","M","R","E","R","T","?","M","?","$","M","R","BOSS","M","?","?","?","M","M","M","R","T","$","R","?","$","?","R","BOSS"],"build_version":"2018-12-06","purchased_purges":3,"victory":true,"max_hp_per_floor":[75,75,75,75,75,75,75,69,69,69,69,69,69,69,69,69,69,69,69,69,69,69,69,69,69,69,69,69,69,69,69,69,69,69,69,69,69,74,74,74,74,74,74,74,74,74,74,74,74,74],"card_choices":[{"not_picked":["Barrage","Rebound"],"picked":"Defragment","floor":1},{"not_picked":["Cold Snap","Recycle"],"picked":"White Noise","floor":5},{"not_picked":["FTL","Force Field"],"picked":"Coolheaded","floor":6},{"not_picked":["Reprogram","Hello World","Barrage"],"picked":"SKIP","floor":10},{"not_picked":["Steam","Conserve Battery"],"picked":"Defragment","floor":13},{"not_picked":["Reboot","Fission"],"picked":"Seek","floor":16},{"not_picked":["Beam Cell","Hello World+1"],"picked":"Cold Snap","floor":18},{"not_picked":["Reprogram","Compile Driver"],"picked":"Go for the Eyes","floor":19},{"not_picked":["Reboot+1","Scrape+1","Aggregate+1"],"picked":"SKIP","floor":21},{"not_picked":["Coolheaded+1","Streamline"],"picked":"Undo+1","floor":22},{"not_picked":["Turbo+1","Skim+1","Chill+1"],"picked":"SKIP","floor":24},{"not_picked":["Cold Snap","Stack+1"],"picked":"Redo+1","floor":28},{"not_picked":["Force Field+1","Melter"],"picked":"Glacier+1","floor":31},{"not_picked":["Hyperbeam","All For One"],"picked":"Amplify+1","floor":33},{"not_picked":["Aggregate+1","Skim+1","Rebound"],"picked":"SKIP","floor":35},{"not_picked":["Force Field+1","Steam+1","Chaos+1"],"picked":"SKIP","floor":38},{"not_picked":["Double Energy+1","Compile Driver","BootSequence+1"],"picked":"SKIP","floor":39},{"not_picked":["Barrage+1","Hologram+1"],"picked":"Glacier+1","floor":40},{"not_picked":["Leap+1","Streamline+1"],"picked":"Capacitor","floor":41}],"player_experience":112982,"relics_obtained":[{"floor":6,"key":"PreservedInsect"},{"floor":9,"key":"Bottled Tornado"},{"floor":24,"key":"Orichalcum"},{"floor":26,"key":"Bottled Flame"},{"floor":43,"key":"Mummified Hand"}],"event_choices":[{"cards_removed":["Strike_B"],"damage_healed":0,"gold_gain":0,"player_choice":"Card Removal","damage_taken":7,"max_hp_gain":0,"max_hp_loss":0,"event_name":"Golden Wing","floor":3,"gold_loss":0},{"damage_healed":0,"gold_gain":0,"player_choice":"Leave","damage_taken":0,"max_hp_gain":0,"max_hp_loss":0,"event_name":"The Cleric","floor":4,"gold_loss":0},{"damage_healed":0,"gold_gain":0,"player_choice":"Lose Max HP","damage_taken":0,"relics_obtained":["Golden Idol"],"max_hp_gain":0,"max_hp_loss":6,"event_name":"Golden Idol","floor":8,"gold_loss":0},{"damage_healed":0,"gold_gain":0,"player_choice":"Entered Light","damage_taken":14,"max_hp_gain":0,"max_hp_loss":0,"event_name":"Shining Light","floor":12,"gold_loss":0,"cards_upgraded":["Zap","Strike_B"]},{"damage_healed":0,"gold_gain":0,"player_choice":"Ignored","damage_taken":0,"max_hp_gain":0,"max_hp_loss":0,"event_name":"Liars Game","floor":14,"gold_loss":0},{"damage_healed":0,"gold_gain":0,"player_choice":"Obtained Relic","damage_taken":0,"relics_obtained":["Toxic Egg 2"],"max_hp_gain":0,"max_hp_loss":0,"event_name":"Addict","floor":20,"gold_loss":85},{"damage_healed":0,"gold_gain":0,"player_choice":"Simplicity","damage_taken":0,"max_hp_gain":0,"max_hp_loss":0,"event_name":"Back to Basics","floor":27,"gold_loss":0,"cards_upgraded":["Strike_B","Defend_B","Defend_B","Defend_B"]},{"damage_healed":0,"gold_gain":0,"player_choice":"Fight","damage_taken":0,"max_hp_gain":0,"max_hp_loss":0,"event_name":"Colosseum","floor":29,"gold_loss":0},{"damage_healed":0,"gold_gain":0,"player_choice":"Fled From Nobs","damage_taken":0,"max_hp_gain":0,"max_hp_loss":0,"event_name":"Colosseum","floor":29,"gold_loss":0},{"damage_healed":0,"gold_gain":333,"player_choice":"Gave Idol","damage_taken":0,"max_hp_gain":0,"max_hp_loss":0,"event_name":"The Moai Head","floor":36,"relics_lost":["Golden Idol"],"gold_loss":0},{"damage_healed":0,"gold_gain":0,"player_choice":"Bought 2 Potions","damage_taken":0,"max_hp_gain":0,"max_hp_loss":0,"event_name":"The Woman in Blue","floor":37,"gold_loss":0},{"cards_removed":["Go for the Eyes"],"damage_healed":0,"gold_gain":0,"player_choice":"Removed Attack","damage_taken":0,"max_hp_gain":0,"max_hp_loss":0,"event_name":"Falling","floor":46,"gold_loss":0},{"damage_healed":0,"gold_gain":0,"player_choice":"Got Potions","damage_taken":0,"max_hp_gain":0,"max_hp_loss":0,"event_name":"Lab","floor":48,"gold_loss":0}],"is_beta":false,"boss_relics":[{"not_picked":["Runic Dome","Astrolabe"],"picked":"Nuclear Battery"},{"not_picked":["Tiny House","Sozu"],"picked":"Lizard Tail"}],"items_purged_floors":[2,44,47],"is_endless":false,"potions_floor_spawned":[1,5,10,19,21,22,29,31,38,40],"ascension_level":0}