{"gold_per_floor":[118,130,55,55,73,102,102,121,121,154,154,171,171,189,189,189],"floor_reached":16,"playtime":301,"items_purged":["Defend_R"],"score":112,"play_id":"adee2625-530f-4ddc-b046-17bf241ebf58","local_time":"20180704204732","is_ascension_mode":false,"campfire_choices":[{"data":"Seeing Red","floor":7,"key":"SMITH"},{"floor":13,"key":"REST"},{"data":"Bash","floor":15,"key":"SMITH"}],"neow_cost":"NONE","seed_source_timestamp":175067137281024,"circlet_count":0,"master_deck":["Strike_R+1","Strike_R","Strike_R","Strike_R+1","Strike_R","Defend_R","Defend_R","Defend_R","Bash+1","Cleave","Seeing Red+1"],"relics":["Burning Blood","Whetstone","Orichalcum","Dream Catcher","Toxic Egg 2"],"potions_floor_usage":[6,10,10,10,10,12],"damage_taken":[{"damage":1,"enemies":"Jaw Worm","floor":1,"turns":3},{"damage":6,"enemies":"Cultist","floor":2,"turns":3},{"damage":12,"enemies":"Small Slimes","floor":5,"turns":2},{"damage":15,"enemies":"Gremlin Nob","floor":6,"turns":4},{"damage":6,"enemies":"Blue Slaver","floor":8,"turns":2},{"damage":19,"enemies":"Lagavulin","floor":10,"turns":4},{"damage":24,"enemies":"Exordium Wildlife","floor":12,"turns":4},{"damage":6,"enemies":"2 Fungi Beasts","floor":14,"turns":3},{"damage":58,"enemies":"Hexaghost","floor":16,"turns":9}],"seed_played":"-919511539669604829","potions_obtained":[{"floor":2,"key":"Explosive Potion"},{"floor":4,"key":"EntropicBrew"},{"floor":4,"key":"GamblersBrew"},{"floor":6,"key":"EssenceOfSteel"}],"is_trial":false,"path_per_floor":["M","M","$","?","M","E","R","M","T","E","?","M","R","M","R"],"character_chosen":"IRONCLAD","items_purchased":[],"campfire_rested":1,"item_purchase_floors":[],"current_hp_per_floor":[80,80,80,80,74,65,65,65,65,52,52,34,58,58,58,0],"gold":189,"neow_bonus":"RANDOM_COMMON_RELIC","is_prod":false,"is_daily":false,"chose_seed":false,"campfire_upgraded":2,"win_rate":0,"timestamp":1530755252,"path_taken":["M","M","$","?","?","E","R","M","T","E","?","M","R","M","R","BOSS"],"build_version":"2018-07-03","purchased_purges":1,"victory":false,"max_hp_per_floor":[80,80,80,80,80,80,80,80,80,80,80,80,80,80,80,80],"card_choices":[{"not_picked":["Sword Boomerang","Clothesline"],"picked":"Cleave","floor":1},{"not_picked":["Perfected Strike","Armaments","Inflame"],"picked":"SKIP","floor":2},{"not_picked":["Iron Wave","Clash"],"picked":"Seeing Red","floor":5},{"not_picked":["Metallicize","Evolve","Burning Pact"],"picked":"SKIP","floor":6},{"not_picked":["Twin Strike","Armaments","Headbutt"],"picked":"SKIP","floor":8},{"not_picked":["Clash","Heavy Blade","Headbutt"],"picked":"SKIP","floor":10},{"not_picked":["Wild Strike","Evolve","Armaments+1"],"picked":"SKIP","floor":12},{"not_picked":["Heavy Blade","Clash","Anger"],"picked":"SKIP","floor":14}],"player_experience":318248,"relics_obtained":[{"floor":6,"key":"Orichalcum"},{"floor":9,"key":"Dream Catcher"},{"floor":10,"key":"Toxic Egg 2"}],"event_choices":[{"event_name":"The Lab","player_choice":"Got Potions","floor":4,"damage_taken":0},{"event_name":"Liars Game","player_choice":"disagreed","floor":11,"damage_taken":0}],"boss_relics":[],"items_purged_floors":[3],"is_endless":false,"potions_floor_spawned":[2,5,6],"killed_by":"Hexaghost","ascension_level":0}