{"path_per_floor":["M","M","$","?","?","E","M","E","T","$","R","?","M","M","R","B",null,"M","?","?","M","M","R","?","R","T","E","?","$","M"],"character_chosen":"THE_SILENT","items_purchased":["Cloak And Dagger","Pen Nib","Bane","Regal Pillow"],"gold_per_floor":[113,132,32,32,32,65,89,132,209,32,32,32,57,80,80,208,208,193,193,108,127,142,142,142,142,142,167,167,16,16,16],"floor_reached":31,"campfire_rested":4,"playtime":2633,"item_purchase_floors":[3,10,10,29],"current_hp_per_floor":[70,70,70,63,63,47,44,24,24,24,45,45,41,28,49,24,70,58,58,58,30,11,32,32,53,53,7,7,7,7,0],"items_purged":["Strike_G"],"gold":16,"score":263,"play_id":"d29f1b16-cdbc-4569-a7ae-f3a0d7870e63","local_time":"20180601075602","is_prod":false,"is_daily":false,"chose_seed":false,"is_ascension_mode":false,"campfire_upgraded":0,"win_rate":0.0,"timestamp":1527854162,"campfire_choices":[{"floor":11,"key":"REST"},{"floor":15,"key":"REST"},{"floor":23,"key":"REST"},{"floor":25,"key":"REST"}],"path_taken":["M","M","$","?","?","E","M","E","T","$","R","?","M","?","R","BOSS","M","?","?","M","M","R","?","R","T","E","?","$","M","M"],"build_version":"2018-05-31","seed_source_timestamp":47660854068870,"purchased_purges":1,"victory":false,"master_deck":["Defend_G+1","Defend_G+1","Defend_G+1","Defend_G+1","Defend_G+1","Strike_G+1","Strike_G+1","Survivor","Neutralize","Flying Knee","Cloak And Dagger","Riddle With Holes","Cloak And Dagger","Injury","Noxious Fumes","Slice","Choke","Bane","Calculated Gamble","Skewer","Acrobatics","Envenom+1","Underhanded Strike","Cloak And Dagger+1","Backflip","Catalyst+1"],"max_hp_per_floor":[70,70,70,70,70,70,70,70,70,70,70,70,70,70,70,70,70,70,70,70,70,70,70,70,70,70,70,70,70,70,70],"relics":["Ring of the Snake","Bloody Idol","Girya","Happy Flower","Frozen Egg 2","Pen Nib","Lizard Tail","Art of War","Mercury Hourglass","Bottled Flame","Regal Pillow"],"card_choices":[{"not_picked":["Poisoned Stab","Dagger Spray"],"picked":"Cloak And Dagger","floor":1},{"not_picked":["Underhanded Strike","Dagger Throw"],"picked":"Riddle With Holes","floor":2},{"not_picked":["Dodge and Roll","Outmaneuver"],"picked":"Noxious Fumes","floor":6},{"not_picked":["Bullet Time","Eviscerate"],"picked":"Slice","floor":7},{"not_picked":["Dodge and Roll","Endless Agony"],"picked":"Choke","floor":8},{"not_picked":["Well Laid Plans+1","Masterful Stab"],"picked":"Skewer","floor":13},{"not_picked":["Blur","Sucker Punch"],"picked":"Acrobatics","floor":14},{"not_picked":["Bullet Time","Glass Knife"],"picked":"Envenom+1","floor":16},{"not_picked":["Concentrate+1","Outmaneuver"],"picked":"Underhanded Strike","floor":18},{"not_picked":["Escape Plan","Quick Slash"],"picked":"Cloak And Dagger+1","floor":21},{"not_picked":["Catalyst","Bane"],"picked":"Backflip","floor":22},{"not_picked":["Flying Knee","Grand Finale"],"picked":"Catalyst+1","floor":27}],"player_experience":233950,"potions_floor_usage":[8,16,16,30,30],"damage_taken":[{"damage":0,"enemies":"2 Louse","floor":1,"turns":3},{"damage":0,"enemies":"Cultist","floor":2,"turns":3},{"damage":16,"enemies":"3 Sentries","floor":6,"turns":10},{"damage":3,"enemies":"Jaw Worm","floor":7,"turns":4},{"damage":20,"enemies":"Gremlin Nob","floor":8,"turns":5},{"damage":4,"enemies":"Looter","floor":13,"turns":3},{"damage":13,"enemies":"Exordium Wildlife","floor":14,"turns":4},{"damage":25,"enemies":"Slime Boss","floor":16,"turns":8},{"damage":12,"enemies":"2 Thieves","floor":18,"turns":4},{"damage":28,"enemies":"Spheric Guardian","floor":21,"turns":6},{"damage":19,"enemies":"Chosen and Byrds","floor":22,"turns":6},{"damage":88,"enemies":"Gremlin Leader","floor":27,"turns":8},{"damage":0,"enemies":"Snake Plant","floor":30,"turns":3},{"damage":8,"enemies":"Sentry and Sphere","floor":31,"turns":3}],"relics_obtained":[{"floor":6,"key":"Girya"},{"floor":8,"key":"Happy Flower"},{"floor":9,"key":"Frozen Egg 2"},{"floor":26,"key":"Mercury Hourglass"},{"floor":27,"key":"Bottled Flame"}],"event_choices":[{"event_name":"Wheel of Change","player_choice":"Damage","floor":4,"damage_taken":0},{"event_name":"Golden Idol","player_choice":"Take Wound","floor":5,"damage_taken":0},{"event_name":"Living Wall","player_choice":"Change","floor":12,"damage_taken":0},{"event_name":"Ghosts","player_choice":"Ignored","floor":19,"damage_taken":0},{"event_name":"Addict","player_choice":"Obtained Relic","floor":20,"damage_taken":0},{"event_name":"Forgotten Altar","player_choice":"Gave Idol","floor":24,"damage_taken":0},{"event_name":"Back to Basics","player_choice":"Simplicity","floor":28,"damage_taken":0}],"boss_relics":[{"not_picked":["Eternal Feather","Snecko Eye"],"picked":"Lizard Tail"}],"items_purged_floors":[3],"potions_floor_spawned":[2,8,14,18,27],"seed_played":"-4051477528354735778","killed_by":"Sentry and Sphere","ascension_level":0,"potions_obtained":[{"floor":2,"key":"Weak Potion"},{"floor":8,"key":"Explosive Potion"},{"floor":14,"key":"Weak Potion"},{"floor":18,"key":"SmokeBomb"},{"floor":27,"key":"PowerPotion"}],"is_trial":false}