{"gold_per_floor":[111,122,141,37,54,54,81,92,92,117,117,131,143,143,143,241,241,256,256,256,12,12,12,23,33,112,143,143,143,172,1,1,104,104,118,118,118,58,58,58,74,74,156,0,20,33,47,47,47,47],"floor_reached":51,"playtime":1901,"items_purged":["Writhe"],"score":812,"play_id":"b7d639db-88ba-459c-a2e3-33a24b0eddc1","local_time":"20181021185436","is_ascension_mode":true,"campfire_choices":[{"data":"Armaments","floor":6,"key":"SMITH"},{"floor":11,"key":"REST"},{"data":"Clothesline","floor":15,"key":"SMITH"},{"data":"Flame Barrier","floor":23,"key":"SMITH"},{"data":"Shrug It Off","floor":29,"key":"SMITH"},{"data":"Shrug It Off","floor":32,"key":"SMITH"},{"data":"Metallicize","floor":40,"key":"SMITH"},{"data":"Dark Embrace","floor":42,"key":"SMITH"},{"floor":49,"key":"REST"}],"neow_cost":"NONE","seed_source_timestamp":98443850260431,"circlet_count":0,"master_deck":["Strike_R","Strike_R","Strike_R","Strike_R+1","Defend_R","Defend_R","Defend_R","Defend_R","Bash+1","Cleave","Shrug It Off+1","Inflame","Rampage","Armaments+1","Immolate","Disarm","Thunderclap","Shrug It Off+1","Clothesline+1","Offering","Uppercut+1","Flame Barrier+1","Disarm","Offering","Whirlwind","Shrug It Off+1","Flame Barrier+1","Inflame","Metallicize+1","Dark Embrace+1","Disarm+1","Flame Barrier+1","Impatience","Pain","Havoc"],"relics":["Burning Blood","Red Skull","Champion Belt","Gambling Chip","Bottled Flame","Prayer Wheel","Sozu","The Courier","Enchiridion","Gremlin Horn","Ornamental Fan","Whetstone","Bronze Scales","Cursed Key","Charon\u0027s Ashes","Question Card","Red Mask"],"potions_floor_usage":[7,12,13],"damage_taken":[{"damage":5,"enemies":"Cultist","floor":1,"turns":5},{"damage":3,"enemies":"Jaw Worm","floor":2,"turns":5},{"damage":7,"enemies":"Small Slimes","floor":3,"turns":3},{"damage":16,"enemies":"Blue Slaver","floor":5,"turns":4},{"damage":17,"enemies":"3 Sentries","floor":7,"turns":7},{"damage":6,"enemies":"Lots of Slimes","floor":8,"turns":2},{"damage":25,"enemies":"Gremlin Nob","floor":10,"turns":4},{"damage":4,"enemies":"Red Slaver","floor":12,"turns":3},{"damage":0,"enemies":"Blue Slaver","floor":13,"turns":4},{"damage":17,"enemies":"Hexaghost","floor":16,"turns":13},{"damage":8,"enemies":"Chosen","floor":18,"turns":4},{"damage":6,"enemies":"3 Byrds","floor":24,"turns":1},{"damage":12,"enemies":"Snecko","floor":25,"turns":3},{"damage":13,"enemies":"Gremlin Leader","floor":27,"turns":5},{"damage":12,"enemies":"Book of Stabbing","floor":30,"turns":5},{"damage":37,"enemies":"Champ","floor":33,"turns":13},{"damage":6,"enemies":"3 Shapes","floor":35,"turns":1},{"damage":7,"enemies":"Mind Bloom Boss Battle","floor":39,"turns":6},{"damage":6,"enemies":"Orb Walker","floor":41,"turns":5},{"damage":16,"enemies":"3 Darklings","floor":45,"turns":3},{"damage":6,"enemies":"Jaw Worm Horde","floor":46,"turns":3},{"damage":20,"enemies":"Transient","floor":47,"turns":5},{"damage":42,"enemies":"Awakened One","floor":50,"turns":17}],"seed_played":"-9219857016697060152","potions_obtained":[{"floor":5,"key":"EssenceOfSteel"},{"floor":10,"key":"Energy Potion"},{"floor":12,"key":"BloodPotion"},{"floor":13,"key":"SpeedPotion"}],"is_trial":false,"path_per_floor":["M","M","M","$","M","R","E","M","T","E","R","M","M","?","R","B",null,"M","?","?","$","?","R","M","M","T","E","?","R","E","$","R","B",null,"M","?","?","$","?","R","M","R","T","?","M","M","M","$","R","B"],"character_chosen":"IRONCLAD","items_purchased":["Inflame","Rampage","Flame Barrier","Disarm","Offering","Metallicize","Bronze Scales"],"campfire_rested":2,"item_purchase_floors":[4,4,21,21,21,31,31],"current_hp_per_floor":[80,80,79,79,69,69,58,58,58,39,63,65,79,61,61,50,80,78,78,78,78,62,62,62,56,56,49,75,75,69,69,69,38,80,80,80,80,80,79,79,79,79,79,79,69,69,55,55,79,43],"gold":47,"neow_bonus":"RANDOM_COMMON_RELIC","is_prod":false,"is_daily":false,"chose_seed":false,"campfire_upgraded":7,"win_rate":0,"timestamp":1540166076,"path_taken":["M","M","M","$","M","R","E","M","T","E","R","M","M","?","R","BOSS","M","?","?","$","?","R","M","M","T","E","?","R","E","?","R","BOSS","M","?","?","$","?","R","M","R","T","?","M","M","?","$","R","BOSS"],"build_version":"2018-10-19","purchased_purges":1,"victory":true,"max_hp_per_floor":[80,80,80,80,80,80,80,80,80,80,80,80,80,80,80,80,80,80,80,80,80,80,80,80,80,80,80,80,80,80,80,80,80,80,80,80,80,80,80,80,80,80,80,80,80,80,80,80,80,80],"card_choices":[{"not_picked":["Havoc","True Grit"],"picked":"Cleave","floor":1},{"not_picked":["Thunderclap","Flex"],"picked":"Shrug It Off","floor":2},{"not_picked":["Exhume","Sword Boomerang","Cleave"],"picked":"SKIP","floor":3},{"not_picked":["Cleave","Corruption"],"picked":"Armaments","floor":5},{"not_picked":["Clothesline","Blood for Blood"],"picked":"Immolate","floor":7},{"not_picked":["Flex","Heavy Blade"],"picked":"Disarm","floor":8},{"not_picked":["Clash","Feel No Pain"],"picked":"Thunderclap","floor":10},{"not_picked":["Sword Boomerang","Heavy Blade"],"picked":"Shrug It Off","floor":12},{"not_picked":["Twin Strike","Clash"],"picked":"Clothesline","floor":13},{"not_picked":["Barricade","Exhume"],"picked":"Offering","floor":16},{"not_picked":["Shrug It Off","True Grit+1"],"picked":"Uppercut+1","floor":18},{"not_picked":["Evolve","Warcry","Wild Strike"],"picked":"SKIP","floor":18},{"not_picked":["Clash","Reckless Charge"],"picked":"Whirlwind","floor":24},{"not_picked":["Headbutt","Clash"],"picked":"Shrug It Off+1","floor":24},{"not_picked":["Combust+1","Anger"],"picked":"Flame Barrier+1","floor":25},{"not_picked":["Clothesline+1","Rage+1","Bloodletting"],"picked":"SKIP","floor":25},{"not_picked":["Rampage","Anger+1","Dark Embrace"],"picked":"SKIP","floor":27},{"not_picked":["Sentinel","Havoc"],"picked":"Inflame","floor":30},{"not_picked":["Fiend Fire","Bludgeon"],"picked":"Dark Embrace","floor":33},{"not_picked":["Flex","Entrench+1"],"picked":"Disarm+1","floor":35},{"not_picked":["Seeing Red","Havoc+1"],"picked":"Flame Barrier+1","floor":35},{"not_picked":["Forethought","Panacea"],"picked":"Impatience","floor":37},{"not_picked":["Carnage","Shrug It Off+1","Rage"],"picked":"SKIP","floor":41},{"not_picked":["Clothesline+1","Warcry","Combust"],"picked":"SKIP","floor":41},{"not_picked":["Sever Soul","Pommel Strike+1","Flex","Dark Embrace"],"picked":"SKIP","floor":45},{"not_picked":["Flame Barrier","Pummel","Cleave+1","Entrench"],"picked":"SKIP","floor":45},{"not_picked":["Thunderclap","Anger","Intimidate","Dual Wield+1"],"picked":"SKIP","floor":46},{"not_picked":["Clash","Heavy Blade+1","Power Through","Iron Wave+1"],"picked":"SKIP","floor":46},{"not_picked":["Cleave","Second Wind","Flex"],"picked":"Havoc","floor":47},{"not_picked":["Shrug It Off","Sword Boomerang","Sever Soul","Iron Wave+1"],"picked":"SKIP","floor":47}],"player_experience":441771,"relics_obtained":[{"floor":7,"key":"Champion Belt"},{"floor":9,"key":"Gambling Chip"},{"floor":10,"key":"Bottled Flame"},{"floor":22,"key":"Enchiridion"},{"floor":26,"key":"Gremlin Horn"},{"floor":27,"key":"Ornamental Fan"},{"floor":30,"key":"Whetstone"},{"floor":39,"key":"Charon\u0027s Ashes"},{"floor":43,"key":"Question Card"}],"event_choices":[{"damage_healed":0,"gold_gain":0,"player_choice":"Success","damage_taken":18,"relics_obtained":["Prayer Wheel"],"max_hp_gain":0,"max_hp_loss":0,"event_name":"Scrap Ooze","floor":14,"gold_loss":0},{"cards_removed":["Strike_R"],"damage_healed":0,"gold_gain":0,"player_choice":"Offered Basic","damage_taken":0,"max_hp_gain":0,"max_hp_loss":0,"event_name":"Bonfire Elementals","floor":19,"gold_loss":0},{"damage_healed":0,"gold_gain":0,"player_choice":"Gave Potion","damage_taken":0,"relics_obtained":["The Courier"],"max_hp_gain":0,"max_hp_loss":0,"event_name":"WeMeetAgain","floor":20,"gold_loss":0},{"damage_healed":0,"gold_gain":0,"player_choice":"Obtained Book","damage_taken":16,"max_hp_gain":0,"max_hp_loss":0,"event_name":"Cursed Tome","floor":22,"gold_loss":0},{"damage_healed":26,"gold_gain":0,"player_choice":"Heal","damage_taken":0,"max_hp_gain":0,"max_hp_loss":0,"event_name":"The Library","floor":28,"gold_loss":0},{"damage_healed":20,"gold_gain":0,"player_choice":"Writhe","damage_taken":0,"max_hp_gain":0,"max_hp_loss":0,"event_name":"Winding Halls","floor":36,"gold_loss":0,"cards_obtained":["Writhe"]},{"damage_healed":0,"gold_gain":0,"player_choice":"Memory 1","damage_taken":0,"max_hp_gain":0,"max_hp_loss":0,"event_name":"SensoryStone","floor":37,"gold_loss":0},{"damage_healed":0,"gold_gain":0,"player_choice":"Fight","damage_taken":0,"max_hp_gain":0,"max_hp_loss":0,"event_name":"MindBloom","floor":39,"gold_loss":0},{"damage_healed":0,"gold_gain":0,"player_choice":"Paid","damage_taken":0,"relics_obtained":["Red Mask"],"max_hp_gain":0,"max_hp_loss":0,"event_name":"Tomb of Lord Red Mask","floor":44,"gold_loss":156}],"is_beta":true,"boss_relics":[{"not_picked":["Astrolabe","Calling Bell"],"picked":"Sozu"},{"not_picked":["Runic Dome","Orrery"],"picked":"Cursed Key"}],"items_purged_floors":[38],"is_endless":false,"potions_floor_spawned":[5,10,12,13,18,24,25,27,35],"ascension_level":2}