{"gold_per_floor":[119,119,69,89,89,133,133,149,149,172,172,191,26,64,64,185,185,170,31,31,31,31,31,31,31,31,31,31,31,31,12,12,12,12,12,12,12,12,12,12,12,12,12,12,12,12,12,12,12,12],"floor_reached":50,"playtime":2272,"items_purged":["Defend_R","Strike_R"],"score":607,"play_id":"05288437-fe9d-463b-8a34-eb64435259a4","local_time":"20180629100248","is_ascension_mode":true,"campfire_choices":[{"data":"Reckless Charge","floor":7,"key":"SMITH"},{"data":"Carnage","floor":15,"key":"SMITH"},{"floor":23,"key":"REST"},{"data":"Impervious","floor":30,"key":"SMITH"},{"floor":32,"key":"REST"},{"floor":40,"key":"REST"},{"floor":42,"key":"REST"},{"floor":44,"key":"REST"},{"floor":49,"key":"REST"}],"neow_cost":"NONE","seed_source_timestamp":395754047238703,"circlet_count":0,"master_deck":["Strike_R","Strike_R","Strike_R","Defend_R","Defend_R","Defend_R","Bash","Reckless Charge+1","Carnage+1","Shockwave","Inflame","Battle Trance","Impervious+1","Flash of Steel","Cleave","Barricade+1","Spot Weakness","Spot Weakness","Ghostly Armor","Reckless Charge","Headbutt+1","Thunderclap","Whirlwind+1","Warcry+1","Shrug It Off","Mind Blast","Body Slam"],"relics":["Burning Blood","NeowsBlessing","Golden Idol","Mercury Hourglass","Meat on the Bone","Paper Frog","Blue Candle","Ectoplasm","Pen Nib","The Courier","Philosopher\u0027s Stone","Vajra","Blood Vial","Spirit Poop"],"potions_floor_usage":[14,14,18,25,38,50],"damage_taken":[{"damage":0,"enemies":"2 Louse","floor":1,"turns":1},{"damage":0,"enemies":"Small Slimes","floor":4,"turns":1},{"damage":0,"enemies":"3 Sentries","floor":6,"turns":2},{"damage":7,"enemies":"Jaw Worm","floor":8,"turns":2},{"damage":13,"enemies":"Blue Slaver","floor":10,"turns":2},{"damage":12,"enemies":"2 Fungi Beasts","floor":12,"turns":3},{"damage":15,"enemies":"Lagavulin","floor":14,"turns":4},{"damage":37,"enemies":"The Guardian","floor":16,"turns":11},{"damage":11,"enemies":"2 Thieves","floor":18,"turns":2},{"damage":23,"enemies":"3 Byrds","floor":21,"turns":4},{"damage":9,"enemies":"Centurion and Healer","floor":22,"turns":5},{"damage":24,"enemies":"Snake Plant","floor":25,"turns":3},{"damage":5,"enemies":"Chosen and Byrds","floor":28,"turns":6},{"damage":51,"enemies":"Automaton","floor":33,"turns":9},{"damage":9,"enemies":"Orb Walker","floor":35,"turns":3},{"damage":2,"enemies":"3 Shapes","floor":36,"turns":4},{"damage":25,"enemies":"Maw","floor":38,"turns":7},{"damage":24,"enemies":"3 Darklings","floor":39,"turns":6},{"damage":67,"enemies":"Giant Head","floor":41,"turns":8},{"damage":19,"enemies":"Sphere and 2 Shapes","floor":47,"turns":3},{"damage":21,"enemies":"Maw","floor":48,"turns":6},{"damage":109,"enemies":"Awakened One","floor":50,"turns":4}],"seed_played":"-5835407079352865778","potions_obtained":[{"floor":1,"key":"Weak Potion"},{"floor":4,"key":"Regen Potion"},{"floor":14,"key":"Explosive Potion"},{"floor":18,"key":"FairyPotion"},{"floor":21,"key":"GamblersBrew"},{"floor":22,"key":"LiquidBronze"},{"floor":33,"key":"Weak Potion"},{"floor":48,"key":"PowerPotion"}],"is_trial":false,"path_per_floor":["M","?","?","M","?","E","R","M","T","M","T","M","$","E","R","B",null,"M","$","?","M","M","R","?","M","T","$","M","?","R","$","R","B",null,"M","M","?","M","M","R","E","R","T","R","?","?","M","M","R"],"character_chosen":"IRONCLAD","items_purchased":["Flash of Steel","Spot Weakness","Thunderclap"],"campfire_rested":6,"item_purchase_floors":[13,19,31],"current_hp_per_floor":[80,74,74,74,74,74,74,73,73,66,66,60,60,60,60,41,74,69,69,69,52,49,71,71,53,53,53,54,54,54,54,74,41,74,71,74,74,55,49,71,22,44,44,66,66,66,55,54,74,0],"gold":12,"neow_bonus":"THREE_ENEMY_KILL","is_prod":false,"is_daily":false,"chose_seed":false,"campfire_upgraded":3,"win_rate":0,"timestamp":1530280968,"path_taken":["M","?","?","?","?","E","R","M","T","M","?","M","$","E","R","BOSS","M","$","?","M","M","R","?","M","T","$","M","?","R","$","R","BOSS","M","M","?","M","M","R","E","R","T","R","?","?","?","M","R","BOSS"],"build_version":"2018-06-28","purchased_purges":2,"victory":false,"max_hp_per_floor":[80,74,74,74,74,74,74,74,74,74,74,74,74,74,74,74,74,74,74,74,74,74,74,74,74,74,74,74,74,74,74,74,74,74,74,74,74,74,74,74,74,74,74,74,74,74,74,74,74,74],"card_choices":[{"not_picked":["Hemokinesis","Evolve"],"picked":"Reckless Charge","floor":1},{"not_picked":["Sword Boomerang","Cleave"],"picked":"Carnage","floor":4},{"not_picked":["Feel No Pain","Warcry"],"picked":"Shockwave","floor":6},{"not_picked":["Feel No Pain","Armaments"],"picked":"Inflame","floor":8},{"not_picked":["Havoc","Thunderclap"],"picked":"Battle Trance","floor":10},{"not_picked":["Burning Pact","Anger"],"picked":"Impervious","floor":12},{"not_picked":["Rupture","Dark Embrace"],"picked":"Cleave","floor":14},{"not_picked":["Exhume","Brutality"],"picked":"Barricade","floor":16},{"not_picked":["Headbutt","Cleave"],"picked":"Spot Weakness","floor":18},{"not_picked":["Anger+1","Clash","Clothesline+1"],"picked":"SKIP","floor":21},{"not_picked":["Wild Strike","Seeing Red"],"picked":"Ghostly Armor","floor":22},{"not_picked":["Sever Soul","Second Wind"],"picked":"Reckless Charge","floor":25},{"not_picked":["True Grit","Hemokinesis"],"picked":"Headbutt+1","floor":28},{"not_picked":["Exhume","Brutality"],"picked":"Fiend Fire","floor":33},{"not_picked":["Cleave+1","Searing Blow+1","Twin Strike+1"],"picked":"SKIP","floor":35},{"not_picked":["Heavy Blade+1","Pommel Strike+1"],"picked":"Whirlwind+1","floor":36},{"not_picked":["Reckless Charge","Sword Boomerang"],"picked":"Warcry+1","floor":38},{"not_picked":["Iron Wave","Power Through+1","Wild Strike"],"picked":"SKIP","floor":39},{"not_picked":["Twin Strike+1","Iron Wave"],"picked":"Shrug It Off","floor":41},{"not_picked":["Enlightenment","Finesse"],"picked":"Mind Blast","floor":46},{"not_picked":["Rampage+1","Perfected Strike","Headbutt+1"],"picked":"SKIP","floor":47},{"not_picked":["Armaments+1","Pummel+1"],"picked":"Body Slam","floor":48}],"player_experience":845207,"relics_obtained":[{"floor":6,"key":"Mercury Hourglass"},{"floor":9,"key":"Meat on the Bone"},{"floor":11,"key":"Paper Frog"},{"floor":14,"key":"Blue Candle"},{"floor":26,"key":"Pen Nib"},{"floor":41,"key":"Vajra"},{"floor":43,"key":"Blood Vial"}],"event_choices":[{"event_name":"Golden Idol","player_choice":"Lose Max HP","floor":2,"damage_taken":0},{"event_name":"The Cleric","player_choice":"Card Removal","floor":3,"damage_taken":0},{"event_name":"Liars Game","player_choice":"disagreed","floor":5,"damage_taken":0},{"event_name":"Upgrade Shrine","player_choice":"Upgraded","floor":20,"damage_taken":0},{"event_name":"Ghosts","player_choice":"Ignored","floor":24,"damage_taken":0},{"event_name":"The Mausoleum","player_choice":"Yes","floor":29,"damage_taken":0},{"event_name":"Falling","player_choice":"Removed Attack","floor":37,"damage_taken":0},{"event_name":"Bonfire Elementals","player_choice":"CURSE","floor":45,"damage_taken":0},{"event_name":"SensoryStone","player_choice":"Memory 1","floor":46,"damage_taken":0}],"boss_relics":[{"not_picked":["Black Star","Runic Cube"],"picked":"Ectoplasm"},{"not_picked":["Velvet Choker","Calling Bell"],"picked":"Philosopher\u0027s Stone"}],"items_purged_floors":[13,19],"is_endless":false,"potions_floor_spawned":[1,4,14,18,21,22,33,35,48],"killed_by":"Awakened One","ascension_level":4}