{"gold_per_floor":[218,28,28,48,13,13,44,44,126,126,301,301,119,130,130,232,232,202,52,52,52,52,52,52,52,52,52,7,7,7,0,0,0],"floor_reached":33,"playtime":835,"items_purged":["Strike_G","Pain","Doubt"],"score":418,"play_id":"a72feb29-dba8-4229-84bf-ec0153063b76","local_time":"20190212141213","is_ascension_mode":true,"campfire_choices":[{"data":"Noxious Fumes","floor":6.0,"key":"SMITH"},{"data":"Neutralize","floor":8.0,"key":"SMITH"},{"data":"Skewer","floor":10.0,"key":"SMITH"},{"data":"Outmaneuver","floor":15.0,"key":"SMITH"},{"floor":23,"key":"REST"},{"floor":27,"key":"REST"},{"floor":32,"key":"REST"}],"neow_cost":"NONE","seed_source_timestamp":5175242907610,"circlet_count":0,"master_deck":["AscendersBane","Defend_G","Defend_G","Defend_G+1","Defend_G","Defend_G","Strike_G+1","Strike_G","Strike_G","Strike_G","Survivor","Neutralize+1","Backflip","Infinite Blades","Skewer+1","Noxious Fumes+1","Outmaneuver+1","Infinite Blades","Outmaneuver","Phantasmal Killer","Finisher","Outmaneuver","Concentrate","Backflip","Dodge and Roll","Tools of the Trade","Backflip"],"special_seed":0,"relics":["Ring of the Snake","WarpedTongs","Ice Cream","Ninja Scroll","Ectoplasm","Nilry\u0027s Codex","Anchor","Vajra"],"potions_floor_usage":[18,25],"damage_taken":[{"damage":9.0,"enemies":"2 Louse","floor":1.0,"turns":4.0},{"damage":3.0,"enemies":"Cultist","floor":4.0,"turns":4.0},{"damage":12.0,"enemies":"Gremlin Nob","floor":7.0,"turns":5.0},{"damage":0.0,"enemies":"Small Slimes","floor":14.0,"turns":4.0},{"damage":19.0,"enemies":"The Guardian","floor":16.0,"turns":9.0},{"damage":9,"enemies":"2 Thieves","floor":18,"turns":4},{"damage":13,"enemies":"Spheric Guardian","floor":20,"turns":4},{"damage":8,"enemies":"Centurion and Healer","floor":24,"turns":5},{"damage":7,"enemies":"3 Cultists","floor":25,"turns":5},{"damage":30,"enemies":"Book of Stabbing","floor":29,"turns":9},{"damage":0,"enemies":"Sentry and Sphere","floor":30,"turns":2},{"damage":53,"enemies":"Automaton","floor":33,"turns":6}],"seed_played":"-9193530808699122473","potions_obtained":[{"floor":1.0,"key":"GhostInAJar"},{"floor":4.0,"key":"LiquidBronze"},{"floor":7.0,"key":"SteroidPotion"},{"floor":18,"key":"AttackPotion"}],"is_trial":false,"path_per_floor":["M","$","?","M","?","R","E","R","T","R","?","?","$","M","R","B",null,"M","$","M","?","?","R","M","M","T","R","$","E","M","?","R","B"],"character_chosen":"THE_SILENT","items_purchased":["Infinite Blades","Skewer","Infinite Blades","Outmaneuver","Dodge and Roll"],"campfire_rested":3,"item_purchase_floors":[2,2,13,19,28],"current_hp_per_floor":[54,54,54,51,68,68,56,56,56,56,56,42,42,42,42,23,58,49,49,36,20,20,41,33,26,26,47,47,17,17,17,38,0],"gold":0,"neow_bonus":"HUNDRED_GOLD","is_prod":false,"is_daily":false,"chose_seed":false,"campfire_upgraded":4,"win_rate":0,"timestamp":1550002333,"path_taken":["M","$","?","?","?","R","E","R","T","R","?","?","$","M","R","BOSS","M","$","M","?","?","R","M","M","T","R","?","E","?","?","R","BOSS"],"build_version":"2019-01-23","purchased_purges":3,"victory":false,"max_hp_per_floor":[70,70,70,70,70,70,70,70,70,70,70,70,70,70,70,70,70,70,70,70,70,70,70,70,70,70,70,70,70,70,70,70,70],"card_choices":[{"not_picked":["Riddle With Holes","Accuracy"],"picked":"Backflip","floor":1.0},{"not_picked":["Expertise","Deadly Poison"],"picked":"Noxious Fumes","floor":4.0},{"not_picked":["Blade Dance","Setup"],"picked":"Outmaneuver","floor":7.0},{"not_picked":["Blade Dance","Terror"],"picked":"Outmaneuver","floor":14.0},{"not_picked":["Adrenaline","A Thousand Cuts"],"picked":"Phantasmal Killer","floor":16.0},{"not_picked":["PiercingWail","Infinite Blades"],"picked":"Finisher","floor":18},{"not_picked":["Deadly Poison","Endless Agony","Prepared"],"picked":"SKIP","floor":20},{"not_picked":["Quick Slash","Poisoned Stab"],"picked":"Concentrate","floor":24},{"not_picked":["Bane","Deadly Poison"],"picked":"Backflip","floor":25},{"not_picked":["Catalyst","Setup"],"picked":"Tools of the Trade","floor":29},{"not_picked":["Dagger Throw","PiercingWail+1"],"picked":"Backflip","floor":30}],"player_experience":790816,"relics_obtained":[{"floor":7.0,"key":"Ice Cream"},{"floor":9.0,"key":"Ninja Scroll"},{"floor":21,"key":"Nilry\u0027s Codex"},{"floor":26,"key":"Anchor"},{"floor":29,"key":"Vajra"}],"event_choices":[{"damage_healed":0.0,"max_hp_gain":0.0,"max_hp_loss":0.0,"gold_gain":0.0,"event_name":"Accursed Blacksmith","player_choice":"Rummage","floor":3.0,"gold_loss":0.0,"damage_taken":0.0,"relics_obtained":["WarpedTongs"],"cards_obtained":["Pain"]},{"damage_healed":17.0,"max_hp_gain":0.0,"max_hp_loss":0.0,"gold_gain":0.0,"event_name":"The Cleric","player_choice":"Healed","floor":5.0,"gold_loss":35.0,"damage_taken":0.0},{"damage_healed":0.0,"max_hp_gain":0.0,"max_hp_loss":0.0,"gold_gain":175.0,"event_name":"Liars Game","player_choice":"AGREE","floor":11.0,"gold_loss":0.0,"damage_taken":0.0,"cards_obtained":["Doubt"]},{"damage_healed":0.0,"max_hp_gain":0.0,"max_hp_loss":0.0,"gold_gain":0.0,"event_name":"Shining Light","player_choice":"Entered Light","floor":12.0,"gold_loss":0.0,"damage_taken":14.0,"cards_upgraded":["Strike_G","Defend_G"]},{"damage_healed":0,"gold_gain":0,"player_choice":"Obtained Book","damage_taken":16,"max_hp_gain":0,"max_hp_loss":0,"event_name":"Cursed Tome","floor":21,"gold_loss":0},{"damage_healed":0,"gold_gain":0,"player_choice":"Ignored","damage_taken":0,"max_hp_gain":0,"max_hp_loss":0,"event_name":"Beggar","floor":22,"gold_loss":0},{"damage_healed":0,"gold_gain":0,"player_choice":"Paid Fearfully","damage_taken":0,"max_hp_gain":0,"max_hp_loss":0,"event_name":"Masked Bandits","floor":31,"gold_loss":7}],"is_beta":false,"boss_relics":[{"not_picked":["Tiny House","Pandora\u0027s Box"],"picked":"Ectoplasm"}],"items_purged_floors":[2,13,19],"is_endless":false,"potions_floor_spawned":[1,4,7,18],"killed_by":"Automaton","ascension_level":12}