{"gold_per_floor":[210,210,229,229,248,248,91,91,91,91,91,119,134,145,145,248,248,259,277,55,55,55,55,108,136,136,102,102,112,112],"floor_reached":30,"playtime":1230,"items_purged":["Strike_R","Perfected Strike"],"score":246,"play_id":"0793e1f6-0224-4087-9b25-f63f424c46c2","local_time":"20190107213117","is_ascension_mode":false,"campfire_choices":[{"data":"Fire Breathing","floor":6,"key":"SMITH"},{"data":"Bash","floor":10,"key":"SMITH"},{"floor":15,"key":"REST"},{"data":"True Grit","floor":23,"key":"SMITH"}],"neow_cost":"NONE","seed_source_timestamp":311526359406283,"circlet_count":0,"master_deck":["Bash+1","Shrug It Off","Fire Breathing+1","Clash","Trip","Dropkick","Headbutt","Fiend Fire","Twin Strike","Havoc","Immolate","Sever Soul","Bloodletting","Reaper","Carnage","Spot Weakness+1","Pommel Strike","True Grit+1","Feel No Pain","Shrug It Off","Shockwave","Uppercut","Clash+1"],"relics":["Burning Blood","Matryoshka","NlothsMask","Paper Frog","Whetstone","Pandora\u0027s Box","Bag of Preparation","Bronze Scales","Ancient Tea Set"],"potions_floor_usage":[30],"damage_taken":[{"damage":4,"enemies":"2 Louse","floor":1,"turns":4},{"damage":2,"enemies":"Cultist","floor":3,"turns":4},{"damage":0,"enemies":"Small Slimes","floor":5,"turns":3},{"damage":57,"enemies":"3 Sentries","floor":12,"turns":18},{"damage":2,"enemies":"Blue Slaver","floor":13,"turns":2},{"damage":0,"enemies":"Large Slime","floor":14,"turns":2},{"damage":31,"enemies":"The Guardian","floor":16,"turns":11},{"damage":10,"enemies":"Chosen","floor":18,"turns":2},{"damage":19,"enemies":"Shell Parasite","floor":19,"turns":3},{"damage":48,"enemies":"Gremlin Leader","floor":25,"turns":6},{"damage":9,"enemies":"Centurion and Healer","floor":29,"turns":4},{"damage":39,"enemies":"Sentry and Sphere","floor":30,"turns":5}],"seed_played":"8330488619973087914","potions_obtained":[{"floor":14,"key":"Ancient Potion"},{"floor":16,"key":"Dexterity Potion"},{"floor":18,"key":"GamblersBrew"}],"is_trial":false,"path_per_floor":["M","?","M","?","M","R","$","$","T","R","?","E","M","M","R","B",null,"M","M","$","?","?","R","T","E","T","$","?","M","M"],"character_chosen":"IRONCLAD","items_purchased":["Trip","True Grit","Feel No Pain","Uppercut"],"campfire_rested":1,"item_purchase_floors":[7,20,20,27],"current_hp_per_floor":[80,62,66,66,72,72,72,72,72,72,72,21,25,31,55,30,80,76,63,63,63,63,63,63,36,36,36,36,33,0],"gold":112,"neow_bonus":"HUNDRED_GOLD","is_prod":false,"is_daily":false,"chose_seed":false,"campfire_upgraded":3,"win_rate":0,"timestamp":1546914677,"path_taken":["M","?","M","?","?","R","?","$","T","R","?","E","M","M","R","BOSS","M","?","$","?","?","R","?","E","T","$","?","M","M"],"build_version":"2019-01-03v4","purchased_purges":2,"victory":false,"max_hp_per_floor":[80,80,80,80,80,80,80,80,80,80,80,80,80,80,80,80,80,80,80,80,80,80,80,80,80,80,80,80,80,80],"card_choices":[{"not_picked":["Sword Boomerang","Thunderclap"],"picked":"Shrug It Off","floor":1},{"not_picked":["Clash","Wild Strike"],"picked":"Fire Breathing","floor":3},{"not_picked":["Flex","Corruption"],"picked":"Clash","floor":5},{"not_picked":["Battle Trance","Headbutt"],"picked":"Dropkick","floor":12},{"not_picked":["Shockwave","Rupture"],"picked":"Headbutt","floor":13},{"not_picked":["Infernal Blade","Corruption","Berserk"],"picked":"SKIP","floor":14},{"not_picked":["Exhume","Berserk"],"picked":"Fiend Fire","floor":16},{"not_picked":["Sentinel+1","Infernal Blade"],"picked":"Spot Weakness+1","floor":18},{"not_picked":["Spot Weakness","Twin Strike"],"picked":"Pommel Strike","floor":19},{"not_picked":["Bloodletting","Body Slam"],"picked":"Shockwave","floor":25},{"not_picked":["Heavy Blade","Wild Strike"],"picked":"Clash+1","floor":29}],"player_experience":2046600,"relics_obtained":[{"floor":9,"key":"Paper Frog"},{"floor":12,"key":"Whetstone"},{"floor":24,"key":"Bag of Preparation"},{"floor":24,"key":"Bronze Scales"},{"floor":25,"key":"Ancient Tea Set"}],"event_choices":[{"damage_healed":0,"gold_gain":0,"player_choice":"Success","damage_taken":18,"relics_obtained":["Matryoshka"],"max_hp_gain":0,"max_hp_loss":0,"event_name":"Scrap Ooze","floor":2,"gold_loss":0},{"damage_healed":0,"gold_gain":0,"player_choice":"Trade","damage_taken":0,"relics_obtained":["NlothsMask"],"max_hp_gain":0,"max_hp_loss":0,"event_name":"FaceTrader","floor":4,"gold_loss":0},{"damage_healed":0,"gold_gain":0,"player_choice":"Ignored","damage_taken":0,"max_hp_gain":0,"max_hp_loss":0,"event_name":"NoteForYourself","floor":11,"gold_loss":0},{"damage_healed":0,"gold_gain":0,"player_choice":"Ignored","damage_taken":0,"max_hp_gain":0,"max_hp_loss":0,"event_name":"Ghosts","floor":21,"gold_loss":0},{"damage_healed":0,"gold_gain":0,"player_choice":"Read","damage_taken":0,"max_hp_gain":0,"max_hp_loss":0,"event_name":"The Library","floor":22,"gold_loss":0,"cards_obtained":["Shrug It Off"]},{"damage_healed":0,"gold_gain":0,"player_choice":"Ignored","damage_taken":0,"max_hp_gain":0,"max_hp_loss":0,"event_name":"Vampires","floor":28,"gold_loss":0}],"is_beta":false,"boss_relics":[{"not_picked":["Astrolabe","Calling Bell"],"picked":"Pandora\u0027s Box"}],"items_purged_floors":[7,20],"is_endless":false,"potions_floor_spawned":[14,16,18,29],"killed_by":"Sentry and Sphere","ascension_level":0}