{"gold_per_floor":[119,3,15,15,29,54,67,98,110,132,144],"floor_reached":11,"playtime":404,"items_purged":[],"score":162,"play_id":"1999bcea-6465-46db-8962-292bd302658b","local_time":"20190121132158","is_ascension_mode":true,"campfire_choices":[],"neow_cost":"NONE","seed_source_timestamp":104592066862990,"circlet_count":0,"master_deck":["AscendersBane","Strike_B","Strike_B","Strike_B","Defend_B","Defend_B","Defend_B","Defend_B","Zap","Dualcast","Loop","Loop","Ball Lightning","Glacier","Coolheaded","Redo","Compile Driver","Reinforced Body","Machine Learning"],"relics":["Cracked Core","NeowsBlessing","Bag of Marbles","MawBank","Boot"],"potions_floor_usage":[6,6,6,6,11],"damage_taken":[{"damage":0,"enemies":"Small Slimes","floor":1,"turns":1},{"damage":0,"enemies":"2 Louse","floor":3,"turns":1},{"damage":0,"enemies":"Cultist","floor":5,"turns":1},{"damage":18,"enemies":"Gremlin Nob","floor":6,"turns":4},{"damage":9,"enemies":"Large Slime","floor":7,"turns":5},{"damage":14,"enemies":"3 Sentries","floor":8,"turns":10},{"damage":5,"enemies":"2 Fungi Beasts","floor":10,"turns":5},{"damage":20,"enemies":"Gremlin Nob","floor":11,"turns":3}],"seed_played":"4361365530437965212","potions_obtained":[{"floor":1,"key":"LiquidBronze"},{"floor":5,"key":"EntropicBrew"},{"floor":8,"key":"SpeedPotion"}],"is_trial":false,"path_per_floor":["M","$","M","?","M","E","M","E","T","M","E"],"character_chosen":"DEFECT","items_purchased":["Loop","Ball Lightning"],"campfire_rested":0,"item_purchase_floors":[2,2],"current_hp_per_floor":[64,64,64,57,57,39,30,16,16,11,0],"gold":144,"neow_bonus":"THREE_ENEMY_KILL","is_prod":false,"is_daily":false,"chose_seed":false,"campfire_upgraded":0,"win_rate":0,"timestamp":1548094918,"path_taken":["M","$","M","?","M","E","M","E","T","M","E"],"build_version":"2019-01-17v2","purchased_purges":0,"victory":false,"max_hp_per_floor":[71,71,71,71,71,71,71,71,71,71,71],"card_choices":[{"not_picked":["Compile Driver","Cold Snap"],"picked":"Loop","floor":1},{"not_picked":["Redo","Cold Snap"],"picked":"Glacier","floor":3},{"not_picked":["Rebound","Leap"],"picked":"Coolheaded","floor":5},{"not_picked":["Turbo","Amplify"],"picked":"Redo","floor":6},{"not_picked":["Turbo","Beam Cell"],"picked":"Compile Driver","floor":7},{"not_picked":["Gash","Conserve Battery"],"picked":"Reinforced Body","floor":8},{"not_picked":["Leap","Reinforced Body"],"picked":"Machine Learning","floor":10}],"player_experience":2186429,"relics_obtained":[{"floor":6,"key":"Bag of Marbles"},{"floor":8,"key":"MawBank"},{"floor":9,"key":"Boot"}],"event_choices":[{"cards_removed":["Strike_B"],"damage_healed":0,"gold_gain":0,"player_choice":"Card Removal","damage_taken":7,"max_hp_gain":0,"max_hp_loss":0,"event_name":"Golden Wing","floor":4,"gold_loss":0}],"is_beta":false,"boss_relics":[],"items_purged_floors":[],"is_endless":false,"potions_floor_spawned":[1,5,8],"killed_by":"Gremlin Nob","ascension_level":18}