{"gold_per_floor":[114,18,18,18,18,18,18,48,48,48,67,77,110,126,126,199,199,215,226,67,85,96,96,115,115,115,115],"floor_reached":27,"playtime":1542,"items_purged":["Strike_B"],"score":471,"play_id":"efbd586d-b9fe-4b2f-8b12-cd55185cffab","local_time":"20190102163944","is_ascension_mode":true,"campfire_choices":[{"data":"White Noise","floor":6,"key":"SMITH"},{"floor":15,"key":"REST"},{"floor":23,"key":"REST"},{"floor":25,"key":"REST"}],"neow_cost":"NONE","seed_source_timestamp":1169637989511509,"circlet_count":0,"master_deck":["AscendersBane","Strike_B","Strike_B","Defend_B","Defend_B","Defend_B","Defend_B","Zap","Dualcast","Hologram","Self Repair","Leap","White Noise+1","Conserve Battery","Reinforced Body","Coolheaded","Gash","Gash","Machine Learning","Buffer","Conserve Battery","Compile Driver","Storm","BootSequence+1","Sweeping Beam","Conserve Battery+1"],"relics":["Cracked Core","NeowsBlessing","Bag of Marbles","Pear","FossilizedHelix","Sozu"],"potions_floor_usage":[13,13,18],"damage_taken":[{"damage":0,"enemies":"Cultist","floor":1,"turns":1},{"damage":0,"enemies":"3 Sentries","floor":8,"turns":1},{"damage":0,"enemies":"Jaw Worm","floor":11,"turns":1},{"damage":1,"enemies":"Small Slimes","floor":12,"turns":4},{"damage":50,"enemies":"Lagavulin","floor":13,"turns":9},{"damage":1,"enemies":"2 Fungi Beasts","floor":14,"turns":4},{"damage":40,"enemies":"Hexaghost","floor":16,"turns":15},{"damage":8,"enemies":"2 Thieves","floor":18,"turns":5},{"damage":6,"enemies":"Shell Parasite","floor":19,"turns":10},{"damage":52,"enemies":"Chosen and Byrds","floor":21,"turns":9},{"damage":17,"enemies":"Snecko","floor":22,"turns":9},{"damage":17,"enemies":"Shelled Parasite and Fungi","floor":24,"turns":6},{"damage":62,"enemies":"3 Cultists","floor":27,"turns":6}],"seed_played":"-1684665077911770912","potions_obtained":[{"floor":8,"key":"SkillPotion"},{"floor":11,"key":"Strength Potion"},{"floor":14,"key":"Fire Potion"}],"is_trial":false,"path_per_floor":["M","$","?","?","$","R","$","E","T","?","M","M","E","M","R","B",null,"M","M","$","M","M","R","M","R","T","M"],"character_chosen":"DEFECT","items_purchased":["Self Repair","Leap","Storm"],"campfire_rested":3,"item_purchase_floors":[2,2,20],"current_hp_per_floor":[64,64,69,69,69,69,69,69,79,79,79,85,42,48,73,40,75,74,75,75,23,20,45,35,60,60,0],"gold":115,"neow_bonus":"THREE_ENEMY_KILL","is_prod":false,"is_daily":false,"chose_seed":false,"campfire_upgraded":1,"win_rate":0,"timestamp":1546465184,"path_taken":["M","?","?","?","$","R","$","E","T","?","M","M","E","?","R","BOSS","M","M","$","M","M","R","M","R","T","M"],"build_version":"2018-12-20","purchased_purges":1,"victory":false,"max_hp_per_floor":[71,71,76,76,76,76,76,76,86,86,86,86,86,86,86,86,86,86,86,86,86,86,86,86,86,86,86],"card_choices":[{"not_picked":["Go for the Eyes","Compile Driver"],"picked":"Hologram","floor":1},{"not_picked":["Steam Power","Hello World"],"picked":"Conserve Battery","floor":8},{"not_picked":["Redo","Compile Driver"],"picked":"Coolheaded","floor":11},{"not_picked":["Rebound","Barrage"],"picked":"Gash","floor":12},{"not_picked":["Skim","Fusion"],"picked":"Gash","floor":13},{"not_picked":["Consume","Aggregate"],"picked":"Machine Learning","floor":14},{"not_picked":["Biased Cognition","Fission"],"picked":"Buffer","floor":16},{"not_picked":["Double Energy+1","Stack"],"picked":"Conserve Battery","floor":18},{"not_picked":["Doom and Gloom","Redo"],"picked":"Compile Driver","floor":19},{"not_picked":["Tempest","Doom and Gloom"],"picked":"BootSequence+1","floor":21},{"not_picked":["Redo","Streamline"],"picked":"Sweeping Beam","floor":22},{"not_picked":["Lockon","Turbo"],"picked":"Conserve Battery+1","floor":24}],"player_experience":1987075,"relics_obtained":[{"floor":8,"key":"Bag of Marbles"},{"floor":9,"key":"Pear"},{"floor":13,"key":"FossilizedHelix"}],"event_choices":[{"damage_healed":0,"gold_gain":0,"player_choice":"Donut","damage_taken":0,"max_hp_gain":5,"max_hp_loss":0,"event_name":"Big Fish","floor":3,"gold_loss":0},{"damage_healed":0,"gold_gain":0,"cards_transformed":["Strike_B"],"player_choice":"Change","damage_taken":0,"max_hp_gain":0,"max_hp_loss":0,"event_name":"Living Wall","floor":4,"gold_loss":0,"cards_obtained":["White Noise"]},{"damage_healed":0,"gold_gain":0,"player_choice":"1 cards matched","damage_taken":0,"max_hp_gain":0,"max_hp_loss":0,"event_name":"Match and Keep!","floor":10,"gold_loss":0,"cards_obtained":["Reinforced Body"]}],"is_beta":false,"boss_relics":[{"not_picked":["Orrery","White Beast Statue"],"picked":"Sozu"}],"items_purged_floors":[20],"is_endless":false,"potions_floor_spawned":[8,11,14,19],"killed_by":"3 Cultists","ascension_level":18}