{"gold_per_floor":[112,122,122,22,22,22,49,69,69,69,99,111,111,122,122,193,193,210,76,90,107,22,22,51,68,93,104,104,115,115,15,15,91,91,102,102,120,120,134,134,151,151,177,192,192,217,217,236,236,236,236,236,3,32,32],"floor_reached":55,"playtime":3255,"items_purged":["Strike_R","Strike_R"],"score":1112,"play_id":"a2315461-9d2b-485b-9ae3-2e3b097e4838","local_time":"20190116180151","is_ascension_mode":true,"campfire_choices":[{"data":"Bash","floor":6,"key":"SMITH"},{"floor":13,"key":"REST"},{"floor":15,"key":"REST"},{"data":"Double Tap","floor":23,"key":"SMITH"},{"floor":28,"key":"REST"},{"data":"True Grit","floor":32,"key":"SMITH"},{"floor":40,"key":"REST"},{"floor":49,"key":"RECALL"},{"floor":52,"key":"REST"}],"neow_cost":"NONE","seed_source_timestamp":654439341035544,"circlet_count":0,"master_deck":["AscendersBane","Strike_R","Strike_R","Defend_R","Defend_R","Defend_R","Defend_R","Bash+1","Cleave","Shockwave","Anger","Uppercut","Double Tap+1","Iron Wave","Shrug It Off","Dropkick","Fiend Fire","Dropkick","Flash of Steel","Thunderclap","Pommel Strike+1","Disarm","Rage+1","True Grit+1","Offering","True Grit+1","Panache","Fire Breathing","Juggernaut"],"relics":["Burning Blood","Strawberry","Sundial","Kunai","Centennial Puzzle","Ancient Tea Set","Runic Cube","Bag of Marbles","Dodecahedron","MutagenicStrength","Runic Pyramid","Bronze Scales","Boot","Happy Flower"],"potions_floor_usage":[7,16,16,21,48,48,48,48],"damage_taken":[{"damage":6,"enemies":"Cultist","floor":1,"turns":4},{"damage":7,"enemies":"2 Louse","floor":2,"turns":2},{"damage":35,"enemies":"3 Sentries","floor":7,"turns":6},{"damage":9,"enemies":"Jaw Worm","floor":8,"turns":2},{"damage":30,"enemies":"Lagavulin","floor":11,"turns":5},{"damage":10,"enemies":"Blue Slaver","floor":12,"turns":3},{"damage":2,"enemies":"Red Slaver","floor":14,"turns":2},{"damage":15,"enemies":"Slime Boss","floor":16,"turns":10},{"damage":7,"enemies":"Chosen","floor":18,"turns":3},{"damage":22,"enemies":"Spheric Guardian","floor":20,"turns":4},{"damage":0,"enemies":"Centurion and Healer","floor":21,"turns":4},{"damage":38,"enemies":"Book of Stabbing","floor":24,"turns":6},{"damage":3,"enemies":"Snecko","floor":25,"turns":3},{"damage":10,"enemies":"Snake Plant","floor":27,"turns":4},{"damage":4,"enemies":"Cultist and Chosen","floor":29,"turns":4},{"damage":64,"enemies":"Champ","floor":33,"turns":8},{"damage":6,"enemies":"Orb Walker","floor":35,"turns":2},{"damage":47,"enemies":"3 Darklings","floor":37,"turns":8},{"damage":29,"enemies":"Spire Growth","floor":39,"turns":3},{"damage":17,"enemies":"4 Shapes","floor":41,"turns":6},{"damage":22,"enemies":"3 Darklings","floor":44,"turns":3},{"damage":16,"enemies":"Writhing Mass","floor":48,"turns":2},{"damage":47,"enemies":"Awakened One","floor":50,"turns":10},{"damage":44,"enemies":"Shield and Spear","floor":54,"turns":11},{"damage":95,"enemies":"The Heart","floor":55,"turns":3}],"seed_played":"-1639741058227764498","potions_obtained":[{"floor":1,"key":"SkillPotion"},{"floor":7,"key":"Block Potion"},{"floor":14,"key":"Block Potion"},{"floor":16,"key":"SpeedPotion"},{"floor":20,"key":"Poison Potion"},{"floor":21,"key":"SteroidPotion"},{"floor":29,"key":"EssenceOfSteel"},{"floor":36,"key":"EntropicBrew"},{"floor":54,"key":"Energy Potion"}],"is_trial":false,"path_per_floor":["M","M","?","$","?","R","E","M","T","?","E","M","R","M","R","B",null,"M","$","M","M","?","R","E","M","T","M","R","M","?","$","R","B",null,"M","?","M","$","M","R","M","?","T","M","?","T","?","M","R","B",null,"R","$","E","B"],"character_chosen":"IRONCLAD","items_purchased":["Anger","Flash of Steel","Thunderclap","Panache","Fire Breathing"],"campfire_rested":5,"item_purchase_floors":[4,19,19,53,53],"current_hp_per_floor":[79,78,83,83,83,83,54,51,51,51,27,23,50,54,81,72,87,86,86,70,76,76,76,44,47,47,43,70,72,72,72,72,14,73,73,73,32,32,9,36,25,25,25,9,76,76,76,66,66,25,63,76,76,38,0],"gold":32,"neow_bonus":"RANDOM_COMMON_RELIC","is_prod":false,"is_daily":false,"chose_seed":false,"campfire_upgraded":3,"win_rate":0,"timestamp":1547679711,"path_taken":["M","M","?","$","?","R","E","M","T","?","E","M","R","M","R","BOSS","M","$","M","M","?","R","E","M","T","M","R","M","?","?","R","BOSS","M","?","?","$","M","R","M","?","T","M","?","?","?","M","R","BOSS","R","$","E","BOSS"],"build_version":"2019-01-10","purchased_purges":2,"victory":false,"max_hp_per_floor":[87,87,92,92,92,92,92,92,92,92,92,92,92,92,92,92,92,92,92,92,92,92,92,92,92,92,92,92,92,92,92,92,92,92,92,92,92,92,92,92,92,87,87,87,76,76,76,76,76,76,76,76,76,76,76],"card_choices":[{"not_picked":["Wild Strike","Headbutt"],"picked":"Cleave","floor":1},{"not_picked":["Clash","Evolve"],"picked":"Shockwave","floor":2},{"not_picked":["Evolve","Anger"],"picked":"Uppercut","floor":7},{"not_picked":["Anger","Pommel Strike"],"picked":"Double Tap","floor":8},{"not_picked":["Flex","Twin Strike"],"picked":"Iron Wave","floor":11},{"not_picked":["Cleave","Perfected Strike"],"picked":"Shrug It Off","floor":12},{"not_picked":["Flame Barrier","Sever Soul"],"picked":"Dropkick","floor":14},{"not_picked":["Dark Embrace","Feed"],"picked":"Fiend Fire","floor":16},{"not_picked":["Body Slam","Metallicize+1"],"picked":"Dropkick","floor":18},{"not_picked":["Clash","Iron Wave"],"picked":"Pommel Strike+1","floor":20},{"not_picked":["Armaments","Cleave+1"],"picked":"Disarm","floor":21},{"not_picked":["Shockwave","Searing Blow"],"picked":"Rage+1","floor":24},{"not_picked":["Thunderclap","Flex"],"picked":"True Grit","floor":25},{"not_picked":["Havoc","Double Tap","Thunderclap"],"picked":"SKIP","floor":27},{"not_picked":["Wild Strike+1","Second Wind","Reckless Charge"],"picked":"SKIP","floor":29},{"not_picked":["Barricade","Brutality"],"picked":"Offering","floor":33},{"not_picked":["Fire Breathing","Pommel Strike"],"picked":"True Grit+1","floor":35},{"not_picked":["Warcry","Clothesline","Blood for Blood"],"picked":"SKIP","floor":37},{"not_picked":["Searing Blow","Fire Breathing+1","Body Slam"],"picked":"SKIP","floor":39},{"not_picked":["Pummel","Bloodletting","Reckless Charge"],"picked":"SKIP","floor":41},{"not_picked":["Clothesline+1","True Grit","Seeing Red"],"picked":"SKIP","floor":44},{"not_picked":["Havoc+1","Thunderclap","Clothesline"],"picked":"SKIP","floor":48},{"not_picked":["Evolve","Ghostly Armor"],"picked":"Juggernaut","floor":54}],"player_experience":2132165,"relics_obtained":[{"floor":7,"key":"Sundial"},{"floor":9,"key":"Kunai"},{"floor":11,"key":"Ancient Tea Set"},{"floor":24,"key":"Dodecahedron"},{"floor":43,"key":"Bronze Scales"},{"floor":46,"key":"Boot"},{"floor":54,"key":"Happy Flower"}],"event_choices":[{"damage_healed":0,"gold_gain":0,"player_choice":"Donut","damage_taken":0,"max_hp_gain":5,"max_hp_loss":0,"event_name":"Big Fish","floor":3,"gold_loss":0},{"damage_healed":0,"gold_gain":0,"player_choice":"Ignored","damage_taken":0,"max_hp_gain":0,"max_hp_loss":0,"event_name":"Liars Game","floor":5,"gold_loss":0},{"damage_healed":0,"gold_gain":0,"player_choice":"Searched \u00272\u0027 times","damage_taken":0,"relics_obtained":["Centennial Puzzle"],"max_hp_gain":0,"max_hp_loss":0,"event_name":"Dead Adventurer","floor":10,"gold_loss":0},{"damage_healed":0,"gold_gain":0,"player_choice":"Obtained Relic","damage_taken":0,"relics_obtained":["Bag of Marbles"],"max_hp_gain":0,"max_hp_loss":0,"event_name":"Addict","floor":22,"gold_loss":85},{"damage_healed":0,"gold_gain":0,"player_choice":"Inject Mutagens","damage_taken":0,"relics_obtained":["MutagenicStrength"],"max_hp_gain":0,"max_hp_loss":0,"event_name":"Drug Dealer","floor":30,"gold_loss":0},{"damage_healed":0,"gold_gain":0,"player_choice":"Got Potions","damage_taken":0,"max_hp_gain":0,"max_hp_loss":0,"event_name":"Lab","floor":36,"gold_loss":0},{"damage_healed":0,"gold_gain":0,"player_choice":"Max HP","damage_taken":0,"max_hp_gain":0,"max_hp_loss":5,"event_name":"Winding Halls","floor":42,"gold_loss":0},{"damage_healed":76,"gold_gain":0,"player_choice":"Heal","damage_taken":0,"max_hp_gain":0,"max_hp_loss":11,"event_name":"The Moai Head","floor":45,"gold_loss":0},{"cards_removed":["Strike_R"],"damage_healed":0,"gold_gain":0,"player_choice":"Removed Attack","damage_taken":0,"max_hp_gain":0,"max_hp_loss":0,"event_name":"Falling","floor":47,"gold_loss":0}],"is_beta":false,"boss_relics":[{"not_picked":["Snecko Eye","Velvet Choker"],"picked":"Runic Cube"},{"not_picked":["Philosopher\u0027s Stone","Coffee Dripper"],"picked":"Runic Pyramid"}],"items_purged_floors":[4,31],"is_endless":false,"potions_floor_spawned":[1,7,14,16,20,21,29,37,44,54],"killed_by":"The Heart","ascension_level":13}