{"gold_per_floor":[113,113,113,131,149,149,183,35,35,48,48,73,73,92,92,194,194,206,129,129,139,157,157,167,193,241,253,276,288,300,331,343,355],"floor_reached":33,"playtime":2506,"items_purged":[],"score":429,"play_id":"6984e42a-2b48-4b9d-8704-74f6b065073a","local_time":"20180807174134","is_ascension_mode":true,"campfire_choices":[{"data":"Neutralize","floor":6,"key":"SMITH"},{"floor":11,"key":"REST"},{"data":"Sucker Punch","floor":13,"key":"SMITH"},{"floor":15,"key":"REST"},{"data":"Cloak And Dagger","floor":23,"key":"SMITH"},{"data":"Cloak And Dagger","floor":27,"key":"SMITH"},{"data":"Cloak And Dagger","floor":30,"key":"SMITH"},{"floor":32,"key":"REST"}],"neow_cost":"TEN_PERCENT_HP_LOSS","seed_source_timestamp":1004221035642512,"circlet_count":0,"master_deck":["Defend_G","Defend_G","Defend_G","Defend_G","Defend_G","Strike_G","Strike_G","Strike_G","Survivor","Neutralize+1","AscendersBane","PiercingWail","All Out Attack","Defend_G","Backstab","Cloak And Dagger+1","Noxious Fumes","Adrenaline","Backstab","Sucker Punch+1","Cloak And Dagger+1","Adrenaline","Leg Sweep","J.A.X.","Calculated Gamble+1","Infinite Blades","Envenom","Cloak And Dagger+1","Dodge and Roll+1"],"relics":["Ring of the Snake","Du-Vu Doll","The Courier","Kunai","WristBlade","Omamori","MawBank","Tingsha"],"potions_floor_usage":[7,14,16,33,33],"damage_taken":[{"damage":32,"enemies":"Jaw Worm","floor":1,"turns":12},{"damage":6,"enemies":"Cultist","floor":4,"turns":5},{"damage":0,"enemies":"2 Louse","floor":5,"turns":2},{"damage":21,"enemies":"Lagavulin","floor":7,"turns":7},{"damage":2,"enemies":"Red Slaver","floor":10,"turns":5},{"damage":37,"enemies":"Gremlin Nob","floor":12,"turns":5},{"damage":0,"enemies":"Blue Slaver","floor":14,"turns":1},{"damage":8,"enemies":"Hexaghost","floor":16,"turns":13},{"damage":3,"enemies":"Spheric Guardian","floor":18,"turns":4},{"damage":3,"enemies":"Chosen","floor":21,"turns":4},{"damage":5,"enemies":"3 Cultists","floor":22,"turns":5},{"damage":15,"enemies":"Centurion and Healer","floor":24,"turns":7},{"damage":12,"enemies":"Slavers","floor":25,"turns":5},{"damage":12,"enemies":"Cultist and Chosen","floor":28,"turns":4},{"damage":9,"enemies":"Chosen and Byrds","floor":31,"turns":4},{"damage":39,"enemies":"Collector","floor":33,"turns":6}],"seed_played":"-6871517359090550474","potions_obtained":[{"floor":3,"key":"FairyPotion"},{"floor":3,"key":"AttackPotion"},{"floor":12,"key":"AttackPotion"},{"floor":14,"key":"SteroidPotion"},{"floor":28,"key":"SneckoOil"},{"floor":31,"key":"GamblersBrew"}],"is_trial":false,"path_per_floor":["M","?","?","M","M","R","E","$","T","M","R","E","R","M","R","B",null,"M","?","?","M","M","R","M","E","T","R","M","T","R","M","R"],"character_chosen":"THE_SILENT","items_purchased":["Noxious Fumes","Adrenaline"],"campfire_rested":3,"item_purchase_floors":[8,8],"current_hp_per_floor":[31,31,31,25,25,25,4,4,4,2,20,6,6,6,24,16,51,48,48,63,60,55,55,40,28,28,28,16,16,16,7,25,0],"gold":355,"neow_bonus":"TRANSFORM_TWO_CARDS","is_prod":false,"is_daily":false,"chose_seed":false,"campfire_upgraded":5,"win_rate":0,"timestamp":1533681694,"path_taken":["M","?","?","M","M","R","E","$","T","M","R","E","R","M","R","BOSS","M","?","?","M","M","R","M","E","T","R","M","?","R","?","R","BOSS"],"build_version":"2018-08-06","purchased_purges":0,"victory":false,"max_hp_per_floor":[63,63,63,63,63,63,63,63,63,63,63,63,63,63,63,63,63,63,63,63,63,63,63,63,63,63,63,63,63,63,63,63,63],"card_choices":[{"not_picked":["Bane","Quick Slash"],"picked":"All Out Attack","floor":1},{"not_picked":["Deadly Poison","Poisoned Stab"],"picked":"Backstab","floor":4},{"not_picked":["Dodge and Roll","Setup"],"picked":"Cloak And Dagger","floor":5},{"not_picked":["Catalyst","PiercingWail","Bane"],"picked":"SKIP","floor":7},{"not_picked":["Acrobatics","Sucker Punch"],"picked":"Backstab","floor":10},{"not_picked":["Bouncing Flask","Flying Knee"],"picked":"Sucker Punch","floor":12},{"not_picked":["Slice","Deflect"],"picked":"Cloak And Dagger","floor":14},{"not_picked":["Doppelganger","Wraith Form v2"],"picked":"Adrenaline","floor":16},{"not_picked":["Expertise","Sucker Punch"],"picked":"Leg Sweep","floor":18},{"not_picked":["Choke","Deadly Poison+1"],"picked":"Calculated Gamble+1","floor":21},{"not_picked":["Dagger Throw","Deadly Poison","Outmaneuver"],"picked":"SKIP","floor":22},{"not_picked":["Dagger Throw","Dash"],"picked":"Infinite Blades","floor":24},{"not_picked":["Cloak And Dagger","Heel Hook"],"picked":"Envenom","floor":25},{"not_picked":["Terror","Accuracy"],"picked":"Cloak And Dagger","floor":28},{"not_picked":["Dagger Throw","Quick Slash"],"picked":"Dodge and Roll+1","floor":31}],"player_experience":367322,"relics_obtained":[{"floor":7,"key":"Du-Vu Doll"},{"floor":9,"key":"The Courier"},{"floor":12,"key":"Kunai"},{"floor":25,"key":"Omamori"},{"floor":26,"key":"MawBank"},{"floor":29,"key":"Tingsha"}],"event_choices":[{"event_name":"NoteForYourself","player_choice":"Took Card","floor":2,"damage_taken":0},{"event_name":"The Lab","player_choice":"Got Potions","floor":3,"damage_taken":0},{"event_name":"Drug Dealer","player_choice":"Got JAXXED","floor":19,"damage_taken":0},{"event_name":"The Library","player_choice":"Heal","floor":20,"damage_taken":0}],"is_beta":true,"boss_relics":[{"not_picked":["HoveringKite","Busted Crown"],"picked":"WristBlade"}],"items_purged_floors":[],"is_endless":false,"potions_floor_spawned":[4,5,12,14,28,31],"killed_by":"Collector","ascension_level":11}