{"gold_per_floor":[111,36,36,36,56,56,86,100,124,157,180,61,61,74,74,147,147,165,182,202,214,114,114,114],"floor_reached":24,"playtime":857,"items_purged":["Strike_B","Strike_B"],"score":419,"play_id":"037691ef-09ee-4d7d-92b2-4c1c6c914c5f","local_time":"20181109100601","is_ascension_mode":true,"campfire_choices":[{"data":"Dualcast","floor":6,"key":"SMITH"},{"floor":13,"key":"REST"},{"floor":15,"key":"REST"},{"floor":23,"key":"REST"}],"neow_cost":"NONE","seed_source_timestamp":305341759996320,"circlet_count":0,"master_deck":["AscendersBane","Strike_B","Defend_B+1","Defend_B","Defend_B+1","Defend_B","Zap+1","Dualcast+1","Gash","Melter","Doom and Gloom","Genetic Algorithm","Rebound","Hologram","Gash","Compile Driver","All For One","Glacier","Hologram","Beam Cell+1","Defragment"],"relics":["Cracked Core","NeowsBlessing","Pen Nib","War Paint","MawBank","Lizard Tail"],"potions_floor_usage":[10,10,16,19,20],"damage_taken":[{"damage":0,"enemies":"2 Louse","floor":1,"turns":1},{"damage":0,"enemies":"Cultist","floor":5,"turns":1},{"damage":0,"enemies":"Lagavulin","floor":7,"turns":1},{"damage":7,"enemies":"Jaw Worm","floor":8,"turns":3},{"damage":13,"enemies":"3 Sentries","floor":10,"turns":4},{"damage":8,"enemies":"Exordium Thugs","floor":11,"turns":4},{"damage":7,"enemies":"Lots of Slimes","floor":14,"turns":2},{"damage":44,"enemies":"Hexaghost","floor":16,"turns":9},{"damage":33,"enemies":"Chosen","floor":18,"turns":6},{"damage":32,"enemies":"2 Thieves","floor":19,"turns":4},{"damage":33,"enemies":"Snake Plant","floor":20,"turns":5},{"damage":1,"enemies":"Chosen and Byrds","floor":21,"turns":5},{"damage":22,"enemies":"3 Cultists","floor":24,"turns":3}],"seed_played":"-163918173943625183","potions_obtained":[{"floor":5,"key":"LiquidBronze"},{"floor":7,"key":"Energy Potion"},{"floor":10,"key":"Block Potion"},{"floor":18,"key":"EssenceOfSteel"},{"floor":19,"key":"Ancient Potion"}],"is_trial":false,"path_per_floor":["M","?","?","$","M","R","E","M","T","E","M","$","R","M","R","B",null,"M","M","M","M","$","R","M"],"character_chosen":"DEFECT","items_purchased":["Gash"],"campfire_rested":3,"item_purchase_floors":[12],"current_hp_per_floor":[64,64,64,64,64,64,64,57,57,44,36,36,57,50,71,27,60,27,35,2,1,1,22,0],"gold":114,"neow_bonus":"THREE_ENEMY_KILL","is_prod":false,"is_daily":false,"chose_seed":false,"campfire_upgraded":1,"win_rate":0,"timestamp":1541775961,"path_taken":["M","?","?","$","M","R","E","M","T","E","M","$","R","?","R","BOSS","M","M","M","?","$","R","M"],"build_version":"2018-11-08","purchased_purges":2,"victory":false,"max_hp_per_floor":[71,71,71,71,71,71,71,71,71,71,71,71,71,71,71,71,71,71,71,71,71,71,71,71],"card_choices":[{"not_picked":["Rebound","Coolheaded"],"picked":"Gash","floor":1},{"not_picked":["Hologram","Cold Snap"],"picked":"Melter","floor":5},{"not_picked":["Buffer","Blizzard"],"picked":"Doom and Gloom","floor":7},{"not_picked":["Compile Driver","Redo"],"picked":"Genetic Algorithm","floor":8},{"not_picked":["Streamline","Blizzard"],"picked":"Rebound","floor":10},{"not_picked":["Melter","Recycle"],"picked":"Hologram","floor":11},{"not_picked":["Coolheaded","Rebound"],"picked":"Compile Driver","floor":14},{"not_picked":["Core Surge","Biased Cognition"],"picked":"All For One","floor":16},{"not_picked":["Hologram","Static Discharge"],"picked":"Glacier","floor":18},{"not_picked":["Conserve Battery","Steam"],"picked":"Hologram","floor":19},{"not_picked":["Barrage","Cold Snap"],"picked":"Beam Cell+1","floor":20},{"not_picked":["Storm+1","Lockon"],"picked":"Defragment","floor":21}],"player_experience":1673811,"relics_obtained":[{"floor":7,"key":"Pen Nib"},{"floor":9,"key":"War Paint"},{"floor":10,"key":"MawBank"}],"event_choices":[{"cards_removed":["Strike_B"],"damage_healed":0,"gold_gain":0,"player_choice":"Card Removal","damage_taken":0,"max_hp_gain":0,"max_hp_loss":0,"event_name":"The Cleric","floor":2,"gold_loss":75},{"damage_healed":0,"gold_gain":0,"player_choice":"Upgraded","damage_taken":0,"max_hp_gain":0,"max_hp_loss":0,"event_name":"Upgrade Shrine","floor":3,"gold_loss":0,"cards_upgraded":["Zap"]}],"is_beta":false,"boss_relics":[{"not_picked":["Snecko Eye","Runic Pyramid"],"picked":"Lizard Tail"}],"items_purged_floors":[12,22],"is_endless":false,"potions_floor_spawned":[5,7,10,14,18,19],"killed_by":"3 Cultists","ascension_level":16}