{"gold_per_floor":[18,34,51,71,3,3,3,37,37,72,92,92,102,87,87,87],"floor_reached":16,"playtime":1790,"items_purged":[],"score":143,"play_id":"42e8625e-be1c-4d12-a8a0-868d3a7e61f3","local_time":"20180629202438","is_ascension_mode":true,"campfire_choices":[{"data":"Noxious Fumes","floor":6,"key":"SMITH"},{"data":"Catalyst","floor":15,"key":"SMITH"}],"neow_cost":"NO_GOLD","seed_source_timestamp":255073774760259,"circlet_count":0,"master_deck":["Defend_G","Defend_G","Defend_G","Strike_G","Strike_G","Strike_G","Strike_G","Strike_G","Survivor","Neutralize","Backflip","Noxious Fumes+1","Well Laid Plans","Catalyst+1","Tools of the Trade","Bouncing Flask"],"relics":["Ring of the Snake","Pantograph","Dodecahedron","Meat on the Bone","Smiling Mask"],"potions_floor_usage":[8,13],"damage_taken":[{"damage":0,"enemies":"Cultist","floor":1,"turns":4},{"damage":0,"enemies":"Small Slimes","floor":2,"turns":3},{"damage":0,"enemies":"Jaw Worm","floor":3,"turns":6},{"damage":1,"enemies":"Blue Slaver","floor":4,"turns":5},{"damage":31,"enemies":"Gremlin Nob","floor":8,"turns":5},{"damage":6,"enemies":"Lagavulin","floor":10,"turns":7},{"damage":1,"enemies":"Looter","floor":11,"turns":4},{"damage":9,"enemies":"3 Louse","floor":13,"turns":4},{"damage":21,"enemies":"Exordium Thugs","floor":14,"turns":5},{"damage":70,"enemies":"Slime Boss","floor":16,"turns":9}],"seed_played":"-7660299820155923682","potions_obtained":[{"floor":1,"key":"Explosive Potion"},{"floor":10,"key":"Regen Potion"}],"is_trial":false,"path_per_floor":["M","M","M","M","$","R","?","E","T","E","M","?","M","M","R"],"character_chosen":"THE_SILENT","items_purchased":["Noxious Fumes"],"campfire_rested":0,"item_purchase_floors":[5],"current_hp_per_floor":[70,70,70,69,69,69,57,26,26,32,43,43,48,39,39,0],"gold":87,"neow_bonus":"REMOVE_TWO","is_prod":false,"is_daily":false,"chose_seed":false,"campfire_upgraded":2,"win_rate":0,"timestamp":1530321878,"path_taken":["M","M","M","?","?","R","?","E","T","E","M","?","M","M","R","BOSS"],"build_version":"2018-06-28","purchased_purges":0,"victory":false,"max_hp_per_floor":[70,70,70,70,70,70,70,70,70,70,70,70,70,70,70,70],"card_choices":[{"not_picked":["Outmaneuver","Acrobatics","Prepared"],"picked":"SKIP","floor":1},{"not_picked":["Concentrate","Reflex","Quick Slash"],"picked":"SKIP","floor":2},{"not_picked":["Slice","Dodge and Roll","Poisoned Stab"],"picked":"SKIP","floor":3},{"not_picked":["Concentrate","Riddle With Holes"],"picked":"Backflip","floor":4},{"not_picked":["Calculated Gamble","Distraction"],"picked":"Well Laid Plans","floor":8},{"not_picked":["Dash","Underhanded Strike"],"picked":"Catalyst","floor":10},{"not_picked":["Blade Dance","Prepared","Flying Knee"],"picked":"SKIP","floor":11},{"not_picked":["Deflect","Quick Slash"],"picked":"Tools of the Trade","floor":13},{"not_picked":["Footwork","Dagger Spray"],"picked":"Bouncing Flask","floor":14}],"player_experience":187130,"relics_obtained":[{"floor":8,"key":"Dodecahedron"},{"floor":9,"key":"Meat on the Bone"},{"floor":10,"key":"Smiling Mask"}],"event_choices":[{"event_name":"Scrap Ooze","player_choice":"success","floor":7,"damage_taken":12},{"event_name":"Liars Game","player_choice":"disagreed","floor":12,"damage_taken":0}],"boss_relics":[],"items_purged_floors":[],"is_endless":false,"potions_floor_spawned":[1,10],"killed_by":"Slime Boss","ascension_level":5}