{"gold_per_floor":[113,113,46,56,75,75,0,0,27,44,44,44,63,74,74,175,175,188,188,188,199,114,114,114,114,141,161,172,112,126,126,126,126],"floor_reached":33,"playtime":1346,"items_purged":["Strike_R"],"score":284,"play_id":"aebb15b0-a4b3-4661-9e56-ff64c9731ddc","local_time":"20180625133654","is_ascension_mode":true,"campfire_choices":[{"data":"Bludgeon","floor":6,"key":"SMITH"},{"data":"Cleave","floor":11,"key":"SMITH"},{"data":"Pummel","floor":15,"key":"SMITH"},{"floor":23,"key":"REST"},{"data":"Double Tap","floor":25,"key":"SMITH"},{"floor":32,"key":"REST"}],"neow_cost":"NONE","seed_source_timestamp":63968538271709,"circlet_count":0,"master_deck":["Strike_R","Strike_R","Strike_R","Strike_R","Defend_R","Defend_R","Defend_R","Defend_R","Bash","Cleave+1","Bludgeon+1","Flex","Burning Pact","Flame Barrier+1","Pummel+1","Double Tap+1","Thunderclap","Pummel","Armaments+1"],"relics":["Black Blood","Vajra","The Courier","Enchiridion","Dream Catcher","Pantograph","Juzu Bracelet"],"potions_floor_usage":[5,18,18,27],"damage_taken":[{"damage":13,"enemies":"Jaw Worm","floor":1,"turns":4},{"damage":1,"enemies":"Cultist","floor":4,"turns":3},{"damage":2,"enemies":"2 Louse","floor":5,"turns":2},{"damage":0,"enemies":"Blue Slaver","floor":10,"turns":2},{"damage":9,"enemies":"2 Fungi Beasts","floor":13,"turns":3},{"damage":0,"enemies":"Large Slime","floor":14,"turns":3},{"damage":34,"enemies":"The Guardian","floor":16,"turns":11},{"damage":40,"enemies":"2 Thieves","floor":18,"turns":4},{"damage":18,"enemies":"Spheric Guardian","floor":21,"turns":4},{"damage":26,"enemies":"Snake Plant","floor":27,"turns":4},{"damage":11,"enemies":"Sentry and Sphere","floor":28,"turns":3},{"damage":45,"enemies":"3 Cultists","floor":30,"turns":7},{"damage":109,"enemies":"Collector","floor":33,"turns":7}],"seed_played":"-5033755510439980468","potions_obtained":[{"floor":1,"key":"BloodPotion"},{"floor":2,"key":"FairyPotion"},{"floor":2,"key":"Fire Potion"},{"floor":5,"key":"LiquidBronze"},{"floor":18,"key":"Weak Potion"},{"floor":30,"key":"Ancient Potion"}],"is_trial":false,"path_per_floor":["M","?","$","M","M","R","$","?","T","M","R","T","M","M","R","B",null,"M","?","T","M","?","R","?","R","T","M","M","$","M","?","R"],"character_chosen":"IRONCLAD","items_purchased":["Bludgeon","Flame Barrier"],"campfire_rested":2,"item_purchase_floors":[3,7],"current_hp_per_floor":[81,81,81,86,88,88,88,88,88,88,88,88,85,88,88,60,88,66,50,50,42,42,68,68,68,68,52,51,51,16,16,42,0],"gold":126,"neow_bonus":"TEN_PERCENT_HP_BONUS","is_prod":false,"is_daily":false,"chose_seed":false,"campfire_upgraded":4,"win_rate":0,"timestamp":1529948214,"path_taken":["M","?","$","M","M","R","$","?","T","M","R","?","M","M","R","BOSS","M","?","?","M","?","R","?","R","T","M","M","$","M","?","R","BOSS"],"build_version":"2018-06-21v2","purchased_purges":1,"victory":false,"max_hp_per_floor":[88,88,88,88,88,88,88,88,88,88,88,88,88,88,88,88,88,88,88,88,88,88,88,88,88,88,88,88,88,88,88,88,88],"card_choices":[{"not_picked":["Clothesline","Anger"],"picked":"Cleave","floor":1},{"not_picked":["Pummel","Twin Strike"],"picked":"Flex","floor":4},{"not_picked":["Entrench","Iron Wave"],"picked":"Burning Pact","floor":5},{"not_picked":["Reckless Charge","Clothesline","Second Wind"],"picked":"SKIP","floor":10},{"not_picked":["Pommel Strike","Body Slam"],"picked":"Pummel","floor":13},{"not_picked":["Clothesline","Warcry","Iron Wave"],"picked":"SKIP","floor":14},{"not_picked":["Barricade","Demon Form"],"picked":"Double Tap","floor":16},{"not_picked":["Blood for Blood","Clash"],"picked":"Thunderclap","floor":18},{"not_picked":["Havoc+1","Metallicize","Twin Strike"],"picked":"SKIP","floor":21},{"not_picked":["Havoc+1","Corruption","Disarm"],"picked":"SKIP","floor":27},{"not_picked":["Flex","Anger"],"picked":"Pummel","floor":28},{"not_picked":["Flex","Wild Strike+1","Clash"],"picked":"SKIP","floor":30},{"not_picked":["Thunderclap","Headbutt"],"picked":"Armaments+1","floor":32}],"player_experience":745890,"relics_obtained":[{"floor":9,"key":"Vajra"},{"floor":12,"key":"The Courier"},{"floor":19,"key":"Enchiridion"},{"floor":20,"key":"Dream Catcher"},{"floor":26,"key":"Juzu Bracelet"}],"event_choices":[{"event_name":"The Lab","player_choice":"Got Potions","floor":2,"damage_taken":0},{"event_name":"Living Wall","player_choice":"Grow","floor":8,"damage_taken":0},{"event_name":"Cursed Tome","player_choice":"Obtained Book","floor":19,"damage_taken":0},{"event_name":"Addict","player_choice":"Obtained Relic","floor":22,"damage_taken":0},{"event_name":"Drug Dealer","player_choice":"Ignored","floor":24,"damage_taken":0},{"event_name":"Ghosts","player_choice":"Ignored","floor":31,"damage_taken":0}],"boss_relics":[{"not_picked":["Ectoplasm","Runic Dome"],"picked":"Black Blood"}],"items_purged_floors":[29],"is_endless":false,"potions_floor_spawned":[1,4,5,16,18,30],"killed_by":"Collector","ascension_level":4}