{"gold_per_floor":[114,34,49,49,64,94,94,124,149,149,149,179,194,224,224,324,324,339,354,354,283,198,228,228,258,258,288,288,318,318,318,318,418,418,433,433,533,458,473,503,533,563,588,918,918,948,948,978,978,978],"floor_reached":51,"playtime":2112,"items_purged":["Strike_R"],"score":1371,"play_id":"20db1660-5ab6-44cf-a61b-11285d318b46","local_time":"20181108094058","daily_mods":["Heirloom","Green Cards","Elite Swarm"],"is_ascension_mode":false,"campfire_choices":[{"data":"Night Terror","floor":7,"key":"SMITH"},{"data":"Bash","floor":10,"key":"SMITH"},{"data":"Fiend Fire","floor":15,"key":"SMITH"},{"data":"Fiend Fire","floor":24,"key":"SMITH"},{"data":"Die Die Die","floor":28,"key":"SMITH"},{"data":"Dark Embrace","floor":30,"key":"SMITH"},{"data":"Uppercut","floor":32,"key":"SMITH"},{"data":"Sentinel","floor":45,"key":"SMITH"},{"floor":49,"key":"REST"}],"neow_cost":"","seed_source_timestamp":0,"circlet_count":0,"master_deck":["Strike_R+1","Defend_R","Defend_R","Defend_R","Defend_R","Bash+1","Sentinel+1","Endless Agony","Dagger Spray+1","Night Terror+1","Parasite","Fiend Fire+1","Burst+1","Die Die Die+1","Dagger Throw+1","Tactician+1","Havoc+1","Uppercut+1","Cloak And Dagger+1","Necronomicurse","Acrobatics+1","Shrug It Off+1","Fiend Fire+1","Dark Embrace+1","Die Die Die","Offering+1","True Grit+1","Impervious+1","Blade Dance+1","Burning Pact+1","Adrenaline+1","Impervious+1","Malaise+1","Venomology+1","Madness+1","Madness+1","Adrenaline+1"],"special_seed":17843,"relics":["Burning Blood","Charon\u0027s Ashes","Anchor","Question Card","Art of War","Toxic Egg 2","Happy Flower","Astrolabe","Necronomicon","Juzu Bracelet","Dead Branch","Bottled Flame","Shuriken","FossilizedHelix","WingedGreaves","Philosopher\u0027s Stone","Thread and Needle","Ginger","Matryoshka","Molten Egg 2","Kunai","Ancient Tea Set","Old Coin","Mercury Hourglass","Bottled Tornado"],"potions_floor_usage":[16,16,23],"damage_taken":[{"damage":0,"enemies":"Small Slimes","floor":1,"turns":3},{"damage":1,"enemies":"2 Louse","floor":3,"turns":2},{"damage":6,"enemies":"Jaw Worm","floor":5,"turns":3},{"damage":17,"enemies":"Gremlin Nob","floor":6,"turns":4},{"damage":26,"enemies":"Lagavulin","floor":8,"turns":7},{"damage":8,"enemies":"Gremlin Nob","floor":12,"turns":3},{"damage":0,"enemies":"Blue Slaver","floor":13,"turns":2},{"damage":18,"enemies":"Lagavulin","floor":14,"turns":4},{"damage":39,"enemies":"Hexaghost","floor":16,"turns":9},{"damage":0,"enemies":"Chosen","floor":18,"turns":2},{"damage":2,"enemies":"Shell Parasite","floor":19,"turns":2},{"damage":0,"enemies":"Slavers","floor":23,"turns":4},{"damage":0,"enemies":"Book of Stabbing","floor":25,"turns":2},{"damage":0,"enemies":"Gremlin Leader","floor":27,"turns":2},{"damage":0,"enemies":"Slavers","floor":29,"turns":2},{"damage":0,"enemies":"Automaton","floor":33,"turns":2},{"damage":0,"enemies":"Orb Walker","floor":35,"turns":2},{"damage":0,"enemies":"Mind Bloom Boss Battle","floor":37,"turns":1},{"damage":0,"enemies":"3 Darklings","floor":39,"turns":2},{"damage":0,"enemies":"Nemesis","floor":40,"turns":4},{"damage":0,"enemies":"Reptomancer","floor":41,"turns":2},{"damage":0,"enemies":"Giant Head","floor":42,"turns":4},{"damage":0,"enemies":"Reptomancer","floor":44,"turns":2},{"damage":0,"enemies":"Nemesis","floor":46,"turns":1},{"damage":1,"enemies":"Giant Head","floor":48,"turns":3},{"damage":0,"enemies":"Awakened One","floor":50,"turns":4}],"seed_played":"-8528799045221006880","potions_obtained":[{"floor":1,"key":"Poison Potion"},{"floor":13,"key":"PowerPotion"},{"floor":14,"key":"FearPotion"},{"floor":18,"key":"GamblersBrew"},{"floor":19,"key":"AttackPotion"},{"floor":29,"key":"SteroidPotion"},{"floor":33,"key":"EssenceOfSteel"}],"is_trial":false,"path_per_floor":["M","$","M","?","M","E","R","E","T","R","?","E","M","E","R","B",null,"M","M","?","$","?","E","R","E","T","E","R","E","R","?","R","B",null,"M","?","?","$","M","E","E","E","T","E","R","E","?","E","R","B",null],"character_chosen":"IRONCLAD","items_purchased":["Endless Agony","Acrobatics+1","Shrug It Off+1"],"campfire_rested":1,"item_purchase_floors":[2,21,21],"current_hp_per_floor":[80,80,80,64,64,53,53,33,33,33,53,51,57,45,45,12,80,80,80,64,64,64,70,70,76,76,80,80,80,80,80,80,80,80,80,80,80,80,80,80,80,80,80,80,80,80,70,75,80,80],"gold":978,"neow_bonus":"","is_prod":false,"is_daily":true,"chose_seed":false,"campfire_upgraded":8,"win_rate":0,"timestamp":1541666458,"path_taken":["M","$","M","?","M","E","R","E","T","R","?","E","M","E","R","BOSS","M","M","?","$","?","E","R","E","T","E","R","E","R","?","R","BOSS","M","?","?","?","M","E","E","E","T","E","R","E","?","E","R","BOSS"],"build_version":"2018-11-01","purchased_purges":1,"victory":true,"max_hp_per_floor":[80,80,80,80,80,80,80,80,80,80,80,80,80,80,80,80,80,80,80,80,80,80,80,80,80,80,80,80,80,80,80,80,80,80,80,80,80,80,80,80,80,80,80,80,80,80,80,80,80,80],"card_choices":[{"not_picked":["Fire Breathing","Underhanded Strike"],"picked":"Sentinel","floor":1},{"not_picked":["Dagger Throw","Sword Boomerang"],"picked":"Dagger Spray","floor":3},{"not_picked":["Outmaneuver","Concentrate","Bouncing Flask"],"picked":"SKIP","floor":5},{"not_picked":["Unload","Brutality"],"picked":"Night Terror","floor":6},{"not_picked":["Doppelganger","Venomology","Envenom"],"picked":"SKIP","floor":8},{"not_picked":["Barricade","Corpse Explosion","Grand Finale"],"picked":"Fiend Fire","floor":12},{"not_picked":["Blur+1","Cleave","Clothesline","Clash"],"picked":"SKIP","floor":13},{"not_picked":["A Thousand Cuts","Wraith Form v2","Tools of the Trade"],"picked":"Burst+1","floor":14},{"not_picked":["Doppelganger+1","Juggernaut","Fiend Fire"],"picked":"Die Die Die","floor":16},{"not_picked":["Headbutt","Pommel Strike","Anger"],"picked":"Uppercut","floor":18},{"not_picked":["Bouncing Flask+1","Body Slam+1","Reaper"],"picked":"Cloak And Dagger+1","floor":19},{"not_picked":["Bullet Time+1","Burst+1","Wraith Form v2"],"picked":"Fiend Fire","floor":23},{"not_picked":["Bullet Time+1","Fiend Fire","Demon Form"],"picked":"Dark Embrace","floor":25},{"not_picked":["Tools of the Trade","Juggernaut","Phantasmal Killer+1"],"picked":"Die Die Die","floor":27},{"not_picked":["Demon Form","Berserk","Reaper"],"picked":"Offering+1","floor":29},{"not_picked":["Demon Form","Burst+1","Juggernaut"],"picked":"Impervious+1","floor":33},{"not_picked":["Rage+1","Endless Agony","Flex+1"],"picked":"Blade Dance+1","floor":35},{"not_picked":["Battle Trance+1","Sword Boomerang+1","Anger"],"picked":"Burning Pact+1","floor":39},{"not_picked":["Night Terror+1","Burst+1","Offering+1"],"picked":"Adrenaline+1","floor":40},{"not_picked":["Barricade","A Thousand Cuts","Doppelganger+1"],"picked":"Impervious+1","floor":41},{"not_picked":["Tools of the Trade","A Thousand Cuts","Brutality","Phantasmal Killer+1"],"picked":"SKIP","floor":42},{"not_picked":["Doppelganger+1","Impervious+1","Die Die Die+1"],"picked":"Malaise+1","floor":44},{"not_picked":["A Thousand Cuts","Grand Finale+1","Tools of the Trade"],"picked":"Venomology+1","floor":46},{"not_picked":["Glass Knife+1","Unload+1","A Thousand Cuts"],"picked":"Adrenaline+1","floor":48}],"player_experience":1611787,"relics_obtained":[{"floor":6,"key":"Anchor"},{"floor":8,"key":"Question Card"},{"floor":9,"key":"Art of War"},{"floor":12,"key":"Toxic Egg 2"},{"floor":14,"key":"Happy Flower"},{"floor":20,"key":"Necronomicon"},{"floor":23,"key":"Dead Branch"},{"floor":25,"key":"Bottled Flame"},{"floor":26,"key":"Shuriken"},{"floor":27,"key":"FossilizedHelix"},{"floor":29,"key":"WingedGreaves"},{"floor":37,"key":"Thread and Needle"},{"floor":40,"key":"Ginger"},{"floor":41,"key":"Matryoshka"},{"floor":42,"key":"Molten Egg 2"},{"floor":43,"key":"Kunai"},{"floor":43,"key":"Ancient Tea Set"},{"floor":44,"key":"Old Coin"},{"floor":46,"key":"Mercury Hourglass"},{"floor":48,"key":"Bottled Tornado"}],"event_choices":[{"damage_healed":0,"gold_gain":0,"player_choice":"Entered Light","damage_taken":16,"max_hp_gain":0,"max_hp_loss":0,"event_name":"Shining Light","floor":4,"gold_loss":0,"cards_upgraded":["Strike_R","Dagger Spray"]},{"damage_healed":20,"gold_gain":0,"player_choice":"Healed and dodged fight","damage_taken":0,"max_hp_gain":0,"max_hp_loss":0,"event_name":"Mushrooms","floor":11,"gold_loss":0,"cards_obtained":["Parasite"]},{"damage_healed":0,"gold_gain":0,"player_choice":"Obtained Book","damage_taken":16,"max_hp_gain":0,"max_hp_loss":0,"event_name":"Cursed Tome","floor":20,"gold_loss":0},{"damage_healed":0,"gold_gain":0,"player_choice":"Obtained Relic","damage_taken":0,"relics_obtained":["Juzu Bracelet"],"max_hp_gain":0,"max_hp_loss":0,"event_name":"Addict","floor":22,"gold_loss":85},{"damage_healed":0,"gold_gain":0,"player_choice":"Read","damage_taken":0,"max_hp_gain":0,"max_hp_loss":0,"event_name":"The Library","floor":31,"gold_loss":0,"cards_obtained":["True Grit"]},{"damage_healed":0,"gold_gain":0,"player_choice":"Ignored","damage_taken":0,"max_hp_gain":0,"max_hp_loss":0,"event_name":"Tomb of Lord Red Mask","floor":36,"gold_loss":0},{"damage_healed":0,"gold_gain":0,"player_choice":"Fight","damage_taken":0,"max_hp_gain":0,"max_hp_loss":0,"event_name":"MindBloom","floor":37,"gold_loss":0},{"damage_healed":0,"gold_gain":0,"player_choice":"Embrace Madness","damage_taken":10,"max_hp_gain":0,"max_hp_loss":0,"event_name":"Winding Halls","floor":47,"gold_loss":0,"cards_obtained":["Madness","Madness"]}],"is_beta":false,"boss_relics":[{"not_picked":["Snecko Eye","Mark of Pain"],"picked":"Astrolabe"},{"not_picked":["Calling Bell","Tiny House"],"picked":"Philosopher\u0027s Stone"}],"items_purged_floors":[38],"is_endless":false,"potions_floor_spawned":[1,13,14,18,19,29,33,37,40,41,48],"ascension_level":0}