{"path_per_floor":["M","?","?","M","M","E","$","?","T","R","M","M","R","M","R","B",null,"M","M","?"],"character_chosen":"IRONCLAD","items_purchased":["Whetstone"],"gold_per_floor":[115,115,115,130,149,176,22,49,72,72,90,101,101,115,115,212,212,223,242,242],"floor_reached":21,"campfire_rested":1,"playtime":1119,"current_hp_per_floor":[80,68,80,80,80,64,64,70,70,70,69,72,72,69,80,23,80,77,80,80],"items_purged":[],"gold":242,"score":181,"play_id":"03d59c3f-22f9-4103-9e20-fbe95d1d9cba","local_time":"20180319232629","is_prod":false,"is_daily":false,"is_ascension_mode":false,"campfire_upgraded":2,"timestamp":1521494789,"path_taken":["M","?","?","M","M","E","$","?","T","R","M","M","R","?","R","BOSS","M","M","?","?"],"build_version":"2018-03-15v3","purchased_purges":0,"victory":false,"master_deck":["Strike_R+1","Strike_R","Strike_R","Strike_R","Strike_R","Defend_R","Defend_R+1","Defend_R","Bash","Shrug It Off+1","Anger+1","Limit Break+1","Wild Strike","Anger+1","Heavy Blade","Reckless Charge","Armaments","Limit Break"],"max_hp_per_floor":[80,80,80,80,80,80,80,80,80,80,80,80,80,80,80,80,80,80,80,80],"relics":["Burning Blood","War Paint","Omamori","Whetstone","Odd Mushroom","Prayer Wheel","Eternal Feather","Peace Pipe"],"card_choices":[{"not_picked":["Dual Wield","Pommel Strike"],"picked":"Anger"},{"not_picked":["Pommel Strike","Shrug It Off"],"picked":"Limit Break"},{"not_picked":["Twin Strike","Blood for Blood"],"picked":"Wild Strike"},{"not_picked":["True Grit","Pommel Strike"],"picked":"Anger"},{"not_picked":["Uppercut","Anger"],"picked":"Heavy Blade"},{"not_picked":["Rupture","Twin Strike"],"picked":"Reckless Charge"},{"not_picked":["Iron Wave","Shockwave"],"picked":"Armaments"},{"not_picked":["Double Tap","Juggernaut"],"picked":"Limit Break"}],"player_experience":163180,"potions_floor_usage":[8,16,18],"damage_taken":[{"damage":0,"enemies":"Small Slimes","floor":1,"turns":4},{"damage":6,"enemies":"2 Louse","floor":4,"turns":3},{"damage":6,"enemies":"Jaw Worm","floor":5,"turns":4},{"damage":22,"enemies":"Gremlin Nob","floor":6,"turns":5},{"damage":0,"enemies":"The Mushroom Lair","floor":8,"turns":5},{"damage":7,"enemies":"Looter","floor":11,"turns":3},{"damage":3,"enemies":"Exordium Wildlife","floor":12,"turns":3},{"damage":9,"enemies":"Blue Slaver","floor":14,"turns":3},{"damage":63,"enemies":"Hexaghost","floor":16,"turns":11},{"damage":21,"enemies":"3 Byrds","floor":18,"turns":8},{"damage":2,"enemies":"Chosen","floor":19,"turns":5},{"damage":85,"enemies":"3 Cultists","floor":21,"turns":7}],"event_choices":[{"event_name":"Scrap Ooze","player_choice":"success","floor":2,"damage_taken":12},{"event_name":"Big Fish","player_choice":"Banana","floor":3,"damage_taken":0},{"event_name":"Mushrooms","player_choice":"Fought Mushrooms","floor":8,"damage_taken":0},{"event_name":"The Mausoleum","player_choice":"Yes","floor":20,"damage_taken":0}],"boss_relics":[{"not_picked":["Tiny House","Black Star"],"picked":"Eternal Feather"}],"potions_floor_spawned":[1,5,6,12,14],"seed_played":"-8299864044685378315","killed_by":"3 Cultists","ascension_level":0,"is_trial":false}