{"gold_per_floor":[146,165,240,250,266,298,298,298,367,149,149,149,179,79,79,182,182,198,217,217,217,217],"floor_reached":22,"playtime":797,"items_purged":["Strike_R","Strike_R"],"score":192,"play_id":"8a933811-693b-44c5-8a3e-b4bd05b7f008","local_time":"20181205171814","is_ascension_mode":false,"campfire_choices":[{"data":"Rampage","floor":7,"key":"SMITH"},{"floor":11,"key":"RECALL"},{"floor":15,"key":"REST"}],"neow_cost":"NONE","seed_source_timestamp":250621844658382,"circlet_count":0,"master_deck":["Strike_R","Strike_R","Defend_R","Defend_R","Defend_R","Defend_R","Bash","Cleave","Iron Wave","Whirlwind","Rampage+1","Thunderclap","Fiend Fire","Feed","Flex","Havoc+1"],"relics":["Black Blood","Tiny Chest","WingedGreaves","Meat on the Bone","Vajra","Juzu Bracelet","Bottled Flame"],"potions_floor_usage":[6,19,19],"damage_taken":[{"damage":6,"enemies":"Cultist","floor":1,"turns":3},{"damage":1,"enemies":"Jaw Worm","floor":2,"turns":3},{"damage":0,"enemies":"Small Slimes","floor":4,"turns":5},{"damage":7,"enemies":"2 Fungi Beasts","floor":5,"turns":3},{"damage":13,"enemies":"3 Sentries","floor":6,"turns":3},{"damage":15,"enemies":"Gremlin Nob","floor":13,"turns":4},{"damage":47,"enemies":"Slime Boss","floor":16,"turns":12},{"damage":44,"enemies":"Shell Parasite","floor":18,"turns":7},{"damage":10,"enemies":"Chosen","floor":19,"turns":3},{"damage":53,"enemies":"Colosseum Slavers","floor":20,"turns":4},{"damage":32,"enemies":"Snake Plant","floor":22,"turns":2}],"seed_played":"-6210321957526868740","potions_obtained":[{"floor":2,"key":"SteroidPotion"},{"floor":5,"key":"Swift Potion"},{"floor":16,"key":"Ancient Potion"},{"floor":18,"key":"Swift Potion"}],"is_trial":false,"path_per_floor":["M","M","?","M","M","E","R","?","T","$","R","?","E","$","R","B",null,"M","M","?","T","M"],"character_chosen":"IRONCLAD","items_purchased":["Vajra"],"campfire_rested":1,"item_purchase_floors":[10],"current_hp_per_floor":[80,80,69,75,74,67,67,67,67,67,67,67,58,58,80,51,80,58,58,27,27,0],"gold":217,"neow_bonus":"RANDOM_COMMON_RELIC","is_prod":false,"is_daily":false,"chose_seed":false,"campfire_upgraded":1,"win_rate":0,"timestamp":1544048294,"path_taken":["M","?","?","M","M","E","R","?","T","$","R","?","E","$","R","BOSS","M","M","?","?","M"],"build_version":"2018-11-15","purchased_purges":2,"victory":false,"max_hp_per_floor":[80,80,80,80,80,80,80,80,80,80,80,80,80,80,80,80,80,80,80,80,80,80],"card_choices":[{"not_picked":["True Grit","Armaments"],"picked":"Cleave","floor":1},{"not_picked":["Evolve","True Grit"],"picked":"Iron Wave","floor":2},{"not_picked":["Armaments","Havoc"],"picked":"Whirlwind","floor":4},{"not_picked":["Entrench","Rage"],"picked":"Rampage","floor":5},{"not_picked":["Cleave","Heavy Blade"],"picked":"Thunderclap","floor":6},{"not_picked":["Power Through","Wild Strike"],"picked":"Fiend Fire","floor":13},{"not_picked":["Brutality","Juggernaut"],"picked":"Feed","floor":16},{"not_picked":["Corruption","Clothesline"],"picked":"Flex","floor":18},{"not_picked":["Sword Boomerang","Warcry"],"picked":"Havoc+1","floor":19}],"player_experience":1771320,"relics_obtained":[{"floor":6,"key":"WingedGreaves"},{"floor":9,"key":"Meat on the Bone"},{"floor":13,"key":"Juzu Bracelet"},{"floor":21,"key":"Bottled Flame"}],"event_choices":[{"damage_healed":0,"gold_gain":75,"player_choice":"Gather Gold","damage_taken":11,"max_hp_gain":0,"max_hp_loss":0,"event_name":"World of Goop","floor":3,"gold_loss":0},{"cards_removed":["Strike_R"],"damage_healed":0,"gold_gain":0,"player_choice":"Forget","damage_taken":0,"max_hp_gain":0,"max_hp_loss":0,"event_name":"Living Wall","floor":8,"gold_loss":0},{"damage_healed":0,"gold_gain":0,"player_choice":"Ignored","damage_taken":0,"max_hp_gain":0,"max_hp_loss":0,"event_name":"Liars Game","floor":12,"gold_loss":0},{"damage_healed":0,"gold_gain":0,"player_choice":"Fight","damage_taken":0,"max_hp_gain":0,"max_hp_loss":0,"event_name":"Colosseum","floor":20,"gold_loss":0},{"damage_healed":0,"gold_gain":0,"player_choice":"Fled From Nobs","damage_taken":0,"max_hp_gain":0,"max_hp_loss":0,"event_name":"Colosseum","floor":20,"gold_loss":0}],"is_beta":false,"boss_relics":[{"not_picked":["Coffee Dripper","Astrolabe"],"picked":"Black Blood"}],"items_purged_floors":[10,14],"is_endless":false,"potions_floor_spawned":[2,5,16,18,20],"killed_by":"Snake Plant","ascension_level":0}