{"gold_per_floor":[160,85,10,10,10,44,44,58,83,83,107,132,132,155,155,250,250,265,286,25,41,41,41,56,56,56,56,56,56,56,75,75,165,165,190,211,211,336,359,359,359],"floor_reached":41,"playtime":2531,"items_purged":["Strike_B"],"score":849,"play_id":"001311d0-4e39-4991-9a5a-d748db83202c","local_time":"20181108220407","is_ascension_mode":true,"campfire_choices":[{"floor":7,"key":"REST"},{"floor":13,"key":"REST"},{"data":"Defragment","floor":15,"key":"SMITH"},{"data":"Capacitor","floor":23,"key":"SMITH"},{"data":"Redo","floor":27,"key":"SMITH"},{"data":"Rainbow","floor":30,"key":"SMITH"},{"floor":32,"key":"REST"}],"neow_cost":"NONE","seed_source_timestamp":260358779819614,"circlet_count":0,"master_deck":["AscendersBane","Strike_B+1","Strike_B+1","Defend_B+1","Defend_B+1","Defend_B+1","Defend_B+1","Zap+1","Dualcast","Rebound","Chill","Injury","Darkness","Defragment+1","Leap","Redo+1","Doom and Gloom","Rainbow+1","BootSequence+1","Loop","Self Repair","Capacitor+1","Conserve Battery","Normality","Shame","Loop","Steam+1","Self Repair","Panacea","Redo+1","Loop","Injury"],"relics":["Tiny House","Golden Idol","Blood Vial","Bag of Marbles","Cursed Key","Lee\u0027s Waffle","Du-Vu Doll","Dodecahedron","Lizard Tail","Ice Cream","Singing Bowl"],"potions_floor_usage":[6,6,8,16,21,41],"damage_taken":[{"damage":0,"enemies":"2 Louse","floor":1,"turns":2},{"damage":33,"enemies":"Lagavulin","floor":6,"turns":7},{"damage":11,"enemies":"Jaw Worm","floor":8,"turns":4},{"damage":2,"enemies":"Small Slimes","floor":11,"turns":4},{"damage":15,"enemies":"Gremlin Gang","floor":12,"turns":7},{"damage":3,"enemies":"Looter","floor":14,"turns":4},{"damage":22,"enemies":"Slime Boss","floor":16,"turns":8},{"damage":0,"enemies":"3 Byrds","floor":18,"turns":4},{"damage":6,"enemies":"Spheric Guardian","floor":19,"turns":3},{"damage":24,"enemies":"Shelled Parasite and Fungi","floor":21,"turns":6},{"damage":23,"enemies":"Chosen and Byrds","floor":24,"turns":9},{"damage":32,"enemies":"Centurion and Healer","floor":31,"turns":9},{"damage":19,"enemies":"Champ","floor":33,"turns":11},{"damage":26,"enemies":"Orb Walker","floor":35,"turns":6},{"damage":57,"enemies":"3 Darklings","floor":36,"turns":8},{"damage":14,"enemies":"Mind Bloom Boss Battle","floor":38,"turns":7},{"damage":48,"enemies":"Sphere and 2 Shapes","floor":39,"turns":9},{"damage":44,"enemies":"Giant Head","floor":41,"turns":6}],"seed_played":"8393059694023055728","potions_obtained":[{"floor":0,"key":"FocusPotion"},{"floor":1,"key":"PowerPotion"},{"floor":6,"key":"Regen Potion"},{"floor":12,"key":"SkillPotion"},{"floor":19,"key":"Regen Potion"},{"floor":39,"key":"Weak Potion"}],"is_trial":false,"path_per_floor":["M","$","?","?","$","E","R","M","T","?","M","M","R","M","R","B",null,"M","M","$","M","?","R","M","T","T","R","?","$","R","M","R","B",null,"M","M","?","?","M","T","E"],"character_chosen":"DEFECT","items_purchased":["Lee\u0027s Waffle","Self Repair"],"campfire_rested":3,"item_purchase_floors":[20,20],"current_hp_per_floor":[69,69,69,69,69,36,58,58,58,58,58,45,67,66,66,46,69,71,67,83,78,78,78,64,64,64,64,64,64,64,41,65,55,76,59,11,11,55,23,23,0],"gold":359,"neow_bonus":"BOSS_RELIC","is_prod":false,"is_daily":false,"chose_seed":false,"campfire_upgraded":4,"win_rate":0,"timestamp":1541732647,"path_taken":["M","$","?","?","?","E","R","M","T","?","M","M","R","?","R","BOSS","M","M","$","M","?","R","M","?","T","R","?","?","R","M","R","BOSS","M","M","?","?","M","?","E"],"build_version":"2018-11-08","purchased_purges":1,"victory":false,"max_hp_per_floor":[76,76,76,76,76,76,76,76,76,76,76,76,76,76,76,76,76,76,76,83,83,83,83,83,83,83,83,83,83,83,83,83,83,83,83,83,83,83,83,83,83],"card_choices":[{"not_picked":["Blizzard","Reinforced Body"],"picked":"Rebound","floor":0},{"not_picked":["Lockon","Steam"],"picked":"Chill","floor":1},{"not_picked":["Chill","Recycle"],"picked":"Darkness","floor":6},{"not_picked":["Storm","Coolheaded"],"picked":"Defragment","floor":8},{"not_picked":["Gash","Undo"],"picked":"Leap","floor":11},{"not_picked":["FTL","Sweeping Beam"],"picked":"Redo","floor":12},{"not_picked":["Turbo","Ball Lightning"],"picked":"Doom and Gloom","floor":14},{"not_picked":["All For One","Meteor Strike"],"picked":"Rainbow","floor":16},{"not_picked":["Stack","Sweeping Beam"],"picked":"BootSequence+1","floor":18},{"not_picked":["Stack","Gash"],"picked":"Loop","floor":19},{"not_picked":["Undo+1","Recycle"],"picked":"Capacitor","floor":21},{"not_picked":["Reinforced Body","Ball Lightning"],"picked":"Conserve Battery","floor":24},{"not_picked":["Skim","Melter"],"picked":"Loop","floor":31},{"not_picked":["Sweeping Beam+1","Static Discharge"],"picked":"Steam+1","floor":35},{"not_picked":["Cold Snap","Redo"],"picked":"Self Repair","floor":36},{"not_picked":["Blind","Discovery"],"picked":"Panacea","floor":37},{"not_picked":["Turbo","Beam Cell+1"],"picked":"Redo+1","floor":38},{"not_picked":["Beam Cell+1","Sweeping Beam"],"picked":"Loop","floor":39}],"player_experience":1663934,"relics_obtained":[{"floor":6,"key":"Blood Vial"},{"floor":9,"key":"Bag of Marbles"},{"floor":25,"key":"Du-Vu Doll"},{"floor":26,"key":"Dodecahedron"},{"floor":38,"key":"Ice Cream"},{"floor":40,"key":"Singing Bowl"}],"event_choices":[{"cards_removed":["Strike_B"],"damage_healed":0,"gold_gain":0,"player_choice":"Card Removal","damage_taken":0,"max_hp_gain":0,"max_hp_loss":0,"event_name":"The Cleric","floor":3,"gold_loss":75},{"damage_healed":0,"gold_gain":0,"player_choice":"Take Wound","damage_taken":0,"relics_obtained":["Golden Idol"],"max_hp_gain":0,"max_hp_loss":0,"event_name":"Golden Idol","floor":4,"gold_loss":0,"cards_obtained":["Injury"]},{"damage_healed":0,"gold_gain":0,"player_choice":"Forge","damage_taken":0,"max_hp_gain":0,"max_hp_loss":0,"event_name":"Accursed Blacksmith","floor":10,"gold_loss":0,"cards_upgraded":["Zap"]},{"damage_healed":0,"gold_gain":0,"player_choice":"Simplicity","damage_taken":0,"max_hp_gain":0,"max_hp_loss":0,"event_name":"Back to Basics","floor":22,"gold_loss":0,"cards_upgraded":["Strike_B","Strike_B","Defend_B","Defend_B","Defend_B"]},{"damage_healed":0,"gold_gain":0,"player_choice":"Ignored","damage_taken":0,"max_hp_gain":0,"max_hp_loss":0,"event_name":"The Mausoleum","floor":28,"gold_loss":0},{"damage_healed":0,"gold_gain":0,"player_choice":"Memory 1","damage_taken":0,"max_hp_gain":0,"max_hp_loss":0,"event_name":"SensoryStone","floor":37,"gold_loss":0},{"damage_healed":0,"gold_gain":0,"player_choice":"Fight","damage_taken":0,"max_hp_gain":0,"max_hp_loss":0,"event_name":"MindBloom","floor":38,"gold_loss":0}],"is_beta":false,"boss_relics":[{"not_picked":["Coffee Dripper","Black Star"],"picked":"Cursed Key"},{"not_picked":["Astrolabe","Sozu"],"picked":"Lizard Tail"}],"items_purged_floors":[2],"is_endless":false,"potions_floor_spawned":[1,6,12,19,39],"killed_by":"Giant Head","ascension_level":16}