{"gold_per_floor":[119,119,138,138,13,39,39,52,100,118,118,137,15,26,26,131,131,147,24,24,43,43,43,43],"floor_reached":24,"playtime":1355,"items_purged":["Strike_G"],"score":284,"play_id":"7f137ab2-675b-4f1f-aa40-f5c382d07f5c","local_time":"20180806082122","is_ascension_mode":true,"campfire_choices":[{"data":"Cloak And Dagger","floor":7,"key":"SMITH"},{"floor":15,"key":"REST"},{"floor":23,"key":"REST"}],"neow_cost":"NONE","seed_source_timestamp":1002899588712175,"circlet_count":0,"master_deck":["Defend_G","Defend_G+1","Defend_G","Defend_G+1","Survivor+1","Neutralize","Cloak And Dagger+1","Masterful Stab","Cloak And Dagger","Accuracy","Slice","Dodge and Roll","Storm of Steel","Blade Dance","Adrenaline","Dodge and Roll","Endless Agony","Dash","Blade Dance","Venomology"],"relics":["WristBlade","Potion Belt","War Paint","The Courier","Lantern","Empty Cage"],"potions_floor_usage":[16,16,16,24],"damage_taken":[{"damage":0,"enemies":"Small Slimes","floor":1,"turns":3},{"damage":0,"enemies":"2 Louse","floor":3,"turns":3},{"damage":10,"enemies":"3 Sentries","floor":6,"turns":12},{"damage":4,"enemies":"Jaw Worm","floor":8,"turns":2},{"damage":0,"enemies":"Exordium Wildlife","floor":10,"turns":3},{"damage":0,"enemies":"Exordium Thugs","floor":12,"turns":5},{"damage":10,"enemies":"Gremlin Gang","floor":14,"turns":5},{"damage":41,"enemies":"The Guardian","floor":16,"turns":12},{"damage":21,"enemies":"Chosen","floor":18,"turns":5},{"damage":0,"enemies":"2 Thieves","floor":21,"turns":4},{"damage":79,"enemies":"Gremlin Leader","floor":24,"turns":9}],"seed_played":"-7862182129962501729","potions_obtained":[{"floor":6,"key":"FearPotion"},{"floor":8,"key":"Swift Potion"},{"floor":14,"key":"PowerPotion"}],"is_trial":false,"path_per_floor":["M","?","M","?","$","E","R","M","T","M","T","M","$","M","R","B",null,"M","$","?","M","?","R"],"character_chosen":"THE_SILENT","items_purchased":["Cloak And Dagger","Lantern","Endless Agony","Dash"],"campfire_rested":2,"item_purchase_floors":[5,13,19,19],"current_hp_per_floor":[63,63,63,49,49,39,39,35,35,35,35,35,35,25,46,5,54,33,33,33,33,33,54,0],"gold":43,"neow_bonus":"BOSS_RELIC","is_prod":false,"is_daily":false,"chose_seed":false,"campfire_upgraded":1,"win_rate":0,"timestamp":1533558082,"path_taken":["M","?","M","?","$","E","R","M","T","?","?","?","?","M","R","BOSS","M","$","?","M","?","R","E"],"build_version":"2018-08-02","purchased_purges":1,"victory":false,"max_hp_per_floor":[70,70,70,70,70,70,70,70,70,70,70,70,70,70,70,70,70,70,70,70,70,70,70,70],"card_choices":[{"not_picked":["Backflip","PiercingWail"],"picked":"Cloak And Dagger","floor":1},{"not_picked":["Calculated Gamble","Dagger Throw"],"picked":"Masterful Stab","floor":3},{"not_picked":["Poisoned Stab","Dagger Throw"],"picked":"Accuracy","floor":6},{"not_picked":["Flechettes","Bouncing Flask"],"picked":"Slice","floor":8},{"not_picked":["Deadly Poison","Dagger Spray"],"picked":"Dodge and Roll","floor":10},{"not_picked":["Catalyst","Outmaneuver"],"picked":"Storm of Steel","floor":12},{"not_picked":["Underhanded Strike","Concentrate"],"picked":"Blade Dance","floor":14},{"not_picked":["Grand Finale","Burst"],"picked":"Adrenaline","floor":16},{"not_picked":["Acrobatics+1","Deflect"],"picked":"Dodge and Roll","floor":18},{"not_picked":["Acrobatics+1","Poisoned Stab"],"picked":"Blade Dance","floor":21}],"player_experience":1438889,"relics_obtained":[{"floor":6,"key":"Potion Belt"},{"floor":9,"key":"War Paint"},{"floor":11,"key":"The Courier"}],"event_choices":[{"event_name":"Living Wall","player_choice":"Forget","floor":2,"damage_taken":0},{"event_name":"Shining Light","player_choice":"Entered Light","floor":4,"damage_taken":0},{"event_name":"Purifier","player_choice":"One Purge","floor":20,"damage_taken":0},{"event_name":"Transmorgrifier","player_choice":"Transform","floor":22,"damage_taken":0}],"is_beta":false,"boss_relics":[{"not_picked":["Black Star","Fusion Hammer"],"picked":"Empty Cage"}],"items_purged_floors":[5],"is_endless":false,"potions_floor_spawned":[6,8,14],"killed_by":"Gremlin Leader","ascension_level":9}