{"gold_per_floor":[119,119,130,28,28,72,72,96,142,166,166,189,164,184,184,305,305,323,523,523,29,29,29,44,44],"floor_reached":25,"playtime":1302,"items_purged":[],"score":201,"play_id":"382ffc86-ae92-4959-8848-e2d935879b10","local_time":"20180910175726","is_ascension_mode":false,"campfire_choices":[{"data":"Double Energy","floor":7,"key":"SMITH"},{"floor":15,"key":"REST"},{"data":"Self Repair","floor":23,"key":"SMITH"}],"neow_cost":"TEN_PERCENT_HP_LOSS","seed_source_timestamp":78091427119008,"circlet_count":0,"master_deck":["Strike_B","Strike_B+1","Strike_B","Strike_B+1","Defend_B","Defend_B","Zap","Dualcast","Reinforced Body","Lockon","Streamline","Conserve Battery+1","Double Energy+1","Ball Lightning","Streamline","Streamline","Redo","Self Repair+1","Gash","Rainbow","Rebound","Hologram","Panache","Self Repair","Rainbow","Redo"],"relics":["Cracked Core","GremlinMask","Golden Idol","Whetstone","Bag of Marbles","Busted Crown","Juzu Bracelet"],"potions_floor_usage":[16,16,16,25],"damage_taken":[{"damage":7,"enemies":"Small Slimes","floor":1,"turns":2},{"damage":6,"enemies":"Cultist","floor":3,"turns":3},{"damage":16,"enemies":"Gremlin Nob","floor":6,"turns":3},{"damage":11,"enemies":"Jaw Worm","floor":8,"turns":2},{"damage":21,"enemies":"Lots of Slimes","floor":10,"turns":3},{"damage":2,"enemies":"Large Slime","floor":12,"turns":3},{"damage":2,"enemies":"2 Fungi Beasts","floor":14,"turns":3},{"damage":27,"enemies":"Slime Boss","floor":16,"turns":8},{"damage":22,"enemies":"Shell Parasite","floor":18,"turns":4},{"damage":18,"enemies":"Chosen","floor":24,"turns":4},{"damage":51,"enemies":"Gremlin Leader","floor":25,"turns":5}],"seed_played":"8208818251280296736","potions_obtained":[{"floor":6,"key":"Strength Potion"},{"floor":12,"key":"LiquidBronze"},{"floor":14,"key":"Ancient Potion"},{"floor":16,"key":"Block Potion"}],"is_trial":false,"path_per_floor":["M","?","M","$","?","E","R","M","T","M","?","M","?","M","R","B",null,"M","?","?","$","T","R","M"],"character_chosen":"DEFECT","items_purchased":["Double Energy","Ball Lightning","SteroidPotion","AttackPotion","Panache","Self Repair","Rainbow"],"campfire_rested":1,"item_purchase_floors":[4,4,21,21,21,21,21],"current_hp_per_floor":[61,61,55,55,55,39,39,28,28,7,7,5,5,10,28,8,63,48,48,48,48,48,48,47,0],"gold":44,"neow_bonus":"TRANSFORM_TWO_CARDS","is_prod":false,"is_daily":false,"chose_seed":false,"campfire_upgraded":2,"win_rate":0,"timestamp":1536568046,"path_taken":["M","?","M","$","?","E","R","M","T","?","?","?","?","M","R","BOSS","M","?","?","$","?","R","M","E"],"build_version":"2018-09-06","purchased_purges":0,"victory":false,"max_hp_per_floor":[68,68,68,68,63,63,63,63,63,63,63,63,63,63,63,63,63,63,63,63,63,63,63,63,63],"card_choices":[{"not_picked":["Stack","Scrape"],"picked":"Streamline","floor":1},{"not_picked":["FTL","Stack"],"picked":"Conserve Battery","floor":3},{"not_picked":["Fusion","Compile Driver"],"picked":"Streamline","floor":6},{"not_picked":["Stack","Ball Lightning"],"picked":"Streamline","floor":8},{"not_picked":["Streamline","Stack"],"picked":"Redo","floor":10},{"not_picked":["Machine Learning","Static Discharge"],"picked":"Self Repair","floor":12},{"not_picked":["Steam","Stack"],"picked":"Gash","floor":14},{"not_picked":["Amplify","Creative AI"],"picked":"Rainbow","floor":16},{"not_picked":[],"picked":"Rebound","floor":18},{"not_picked":[],"picked":"Redo","floor":24}],"player_experience":374949,"relics_obtained":[{"floor":6,"key":"Whetstone"},{"floor":9,"key":"Bag of Marbles"},{"floor":22,"key":"Juzu Bracelet"}],"event_choices":[{"event_name":"FaceTrader","player_choice":"Trade","floor":2,"damage_taken":0},{"event_name":"Golden Idol","player_choice":"Lose Max HP","floor":5,"damage_taken":0},{"event_name":"Accursed Blacksmith","player_choice":"Forge","floor":11,"damage_taken":0},{"event_name":"World of Goop","player_choice":"Left","floor":13,"damage_taken":0},{"event_name":"The Joust","player_choice":"Bet on Owner","floor":19,"damage_taken":0},{"event_name":"The Library","player_choice":"Read","floor":20,"damage_taken":0}],"is_beta":false,"boss_relics":[{"not_picked":["Nuclear Battery","Calling Bell"],"picked":"Busted Crown"}],"items_purged_floors":[],"is_endless":false,"potions_floor_spawned":[6,12,14,16,24],"killed_by":"Gremlin Leader","ascension_level":0}