{"gold_per_floor":[112,125,125,141,141,141,141,157,212,212,212],"floor_reached":11,"playtime":293,"items_purged":[],"score":120,"play_id":"3e489861-c468-4b41-a2a2-0ce99ac3d746","local_time":"20181231234319","is_ascension_mode":true,"campfire_choices":[{"data":"Zap","floor":7,"key":"SMITH"},{"floor":10,"key":"REST"}],"neow_cost":"CURSE","seed_source_timestamp":1023529457202341,"circlet_count":0,"master_deck":["AscendersBane","Strike_B","Strike_B","Strike_B","Strike_B","Defend_B","Defend_B","Defend_B","Defend_B","Zap+1","Dualcast","Compile Driver","Cold Snap","Leap","Defragment"],"relics":["Cracked Core","Thread and Needle","Bag of Marbles","Golden Idol","Tiny Chest"],"potions_floor_usage":[],"damage_taken":[{"damage":3,"enemies":"Jaw Worm","floor":1,"turns":3},{"damage":5,"enemies":"2 Louse","floor":2,"turns":2},{"damage":0,"enemies":"Cultist","floor":4,"turns":3},{"damage":14,"enemies":"Blue Slaver","floor":8,"turns":3},{"damage":35,"enemies":"Lagavulin","floor":11,"turns":7}],"seed_played":"7000021809048673498","potions_obtained":[{"floor":4,"key":"Energy Potion"},{"floor":8,"key":"SteroidPotion"}],"is_trial":false,"path_per_floor":["M","M","?","M","?","?","R","M","T","R","E"],"character_chosen":"DEFECT","items_purchased":[],"campfire_rested":1,"item_purchase_floors":[],"current_hp_per_floor":[61,56,30,30,30,30,30,16,16,35,0],"gold":212,"neow_bonus":"ONE_RARE_RELIC","is_prod":false,"is_daily":false,"chose_seed":false,"campfire_upgraded":1,"win_rate":0,"timestamp":1546317799,"path_taken":["M","M","?","M","?","?","R","?","T","R","E"],"build_version":"2018-12-20","purchased_purges":0,"victory":false,"max_hp_per_floor":[71,71,71,71,64,64,64,64,64,64,64],"card_choices":[{"not_picked":["Cold Snap","Reinforced Body"],"picked":"Compile Driver","floor":1},{"not_picked":["Aggregate","Compile Driver"],"picked":"Cold Snap","floor":2},{"not_picked":["Scrape","Stack"],"picked":"Leap","floor":4},{"not_picked":["Cold Snap","Compile Driver"],"picked":"Defragment","floor":8}],"player_experience":1978037,"relics_obtained":[{"floor":9,"key":"Tiny Chest"}],"event_choices":[{"damage_healed":0,"gold_gain":0,"player_choice":"Success","damage_taken":26,"relics_obtained":["Bag of Marbles"],"max_hp_gain":0,"max_hp_loss":0,"event_name":"Scrap Ooze","floor":3,"gold_loss":0},{"damage_healed":0,"gold_gain":0,"player_choice":"Lose Max HP","damage_taken":0,"relics_obtained":["Golden Idol"],"max_hp_gain":0,"max_hp_loss":7,"event_name":"Golden Idol","floor":5,"gold_loss":0},{"cards_removed":["Clumsy"],"damage_healed":0,"gold_gain":0,"player_choice":"Purged","damage_taken":0,"max_hp_gain":0,"max_hp_loss":0,"event_name":"Purifier","floor":6,"gold_loss":0}],"is_beta":false,"boss_relics":[],"items_purged_floors":[],"is_endless":false,"potions_floor_spawned":[4,8],"killed_by":"Lagavulin","ascension_level":18}