{"gold_per_floor":[114,129,140,67,67,67,142,142,142,162,162,173,193,143,143,243,243,257,257,52,151,171,171,181,181,208,225,242,242,242,261,261,261],"floor_reached":33,"playtime":2168,"items_purged":["Strike_B"],"score":466,"play_id":"d120884e-087f-4eff-9fb4-b746bca117ac","local_time":"20180716204116","is_ascension_mode":true,"campfire_choices":[{"data":"Zap","floor":6,"key":"SMITH"},{"floor":8,"key":"REST"},{"data":"Dualcast","floor":11,"key":"SMITH"},{"floor":15,"key":"REST"},{"data":"Defragment","floor":23,"key":"SMITH"},{"floor":25,"key":"REST"},{"data":"Redo","floor":30,"key":"SMITH"},{"floor":32,"key":"REST"}],"neow_cost":"NONE","seed_source_timestamp":250392191558650,"circlet_count":0,"master_deck":["Strike_B","Strike_B","Defend_B","Defend_B","Defend_B","Defend_B","Zap+1","Dualcast+1","AscendersBane","Hologram","Compile Driver","Blizzard","Doom and Gloom","Defragment+1","Consume","Machine Learning","Coolheaded","Leap","Coolheaded","Doubt","Redo+1","Hologram"],"relics":["Cracked Core","Oddly Smooth Stone","Ice Cream","Smiling Mask","Cursed Key","DataDisk","Vajra"],"potions_floor_usage":[16,28,29,33],"damage_taken":[{"damage":0,"enemies":"Jaw Worm","floor":1,"turns":4},{"damage":10,"enemies":"Small Slimes","floor":2,"turns":3},{"damage":0,"enemies":"Cultist","floor":3,"turns":3},{"damage":9,"enemies":"3 Louse","floor":10,"turns":4},{"damage":0,"enemies":"Blue Slaver","floor":12,"turns":3},{"damage":0,"enemies":"2 Fungi Beasts","floor":13,"turns":2},{"damage":0,"enemies":"Slime Boss","floor":16,"turns":8},{"damage":16,"enemies":"Shell Parasite","floor":18,"turns":5},{"damage":15,"enemies":"3 Byrds","floor":22,"turns":4},{"damage":10,"enemies":"Centurion and Healer","floor":24,"turns":6},{"damage":3,"enemies":"Sentry and Sphere","floor":27,"turns":4},{"damage":2,"enemies":"Snecko","floor":28,"turns":6},{"damage":0,"enemies":"Slaver and Parasite","floor":29,"turns":1},{"damage":13,"enemies":"Centurion and Healer","floor":31,"turns":5},{"damage":69,"enemies":"Champ","floor":33,"turns":9}],"seed_played":"-7146555826992194873","potions_obtained":[{"floor":1,"key":"Energy Potion"},{"floor":12,"key":"PowerPotion"},{"floor":16,"key":"SmokeBomb"},{"floor":22,"key":"Ancient Potion"},{"floor":31,"key":"Weak Potion"}],"is_trial":false,"path_per_floor":["M","M","M","$","?","R","?","R","T","M","R","M","M","?","R","B",null,"M","?","$","?","M","R","M","R","T","M","M","M","R","M","R"],"character_chosen":"DEFECT","items_purchased":["Blizzard","DataDisk"],"campfire_rested":4,"item_purchase_floors":[4,20],"current_hp_per_floor":[68,58,58,58,55,55,44,66,66,57,57,57,57,57,75,75,75,59,59,59,59,44,44,34,56,56,53,51,51,51,38,60,0],"gold":261,"neow_bonus":"RANDOM_COMMON_RELIC","is_prod":false,"is_daily":false,"chose_seed":false,"campfire_upgraded":4,"win_rate":0,"timestamp":1531788076,"path_taken":["M","M","M","$","?","R","?","R","T","M","R","M","M","?","R","BOSS","M","?","$","?","M","R","M","R","T","?","?","M","R","M","R","BOSS"],"build_version":"2018-07-12","purchased_purges":1,"victory":false,"max_hp_per_floor":[75,75,75,75,75,75,75,75,75,75,75,75,75,75,75,75,75,75,75,75,75,75,75,75,75,75,75,75,75,75,75,75,75],"card_choices":[{"not_picked":["Tempest","Hello World"],"picked":"Hologram","floor":1},{"not_picked":["Barrage","Ball Lightning"],"picked":"Compile Driver","floor":2},{"not_picked":["Rip and Tear","Compile Driver","Stack"],"picked":"SKIP","floor":3},{"not_picked":["Hologram","Stack"],"picked":"Doom and Gloom","floor":10},{"not_picked":["Fusion","Loop"],"picked":"Defragment","floor":12},{"not_picked":["Loop","Ball Lightning"],"picked":"Consume","floor":13},{"not_picked":["Rainbow","Biased Cognition"],"picked":"Machine Learning","floor":16},{"not_picked":["Cold Snap","Turbo+1"],"picked":"Coolheaded","floor":18},{"not_picked":["Undo","Skim"],"picked":"Leap","floor":22},{"not_picked":["Ball Lightning","Beam Cell"],"picked":"Coolheaded","floor":24},{"not_picked":["Turbo","Undo"],"picked":"Redo","floor":27},{"not_picked":["Barrage","Hello World","Scrape"],"picked":"SKIP","floor":28},{"not_picked":["Rebound+1","All For One"],"picked":"Hologram","floor":31}],"player_experience":1156522,"relics_obtained":[{"floor":9,"key":"Smiling Mask"},{"floor":26,"key":"Vajra"}],"event_choices":[{"event_name":"Scrap Ooze","player_choice":"success","floor":5,"damage_taken":3},{"event_name":"World of Goop","player_choice":"Gather Gold","floor":7,"damage_taken":0},{"event_name":"The Cleric","player_choice":"Card Removal","floor":14,"damage_taken":0},{"event_name":"Drug Dealer","player_choice":"Ignored","floor":19,"damage_taken":0},{"event_name":"Nest","player_choice":"Stole From Cult","floor":21,"damage_taken":0}],"boss_relics":[{"not_picked":["Black Star","Calling Bell"],"picked":"Cursed Key"}],"items_purged_floors":[20],"is_endless":false,"potions_floor_spawned":[1,12,13,16,22,24,27,31],"killed_by":"Champ","ascension_level":12}