{"gold_per_floor":[119,14,33,33,51,51,51,51,51,0,0,0,0],"floor_reached":13,"playtime":574,"items_purged":["Strike_R"],"score":131,"play_id":"b159a6ae-dde5-48b0-b97d-80f227660bb2","local_time":"20190214224507","is_ascension_mode":true,"campfire_choices":[{"data":"Shrug It Off","floor":6.0,"key":"SMITH"},{"data":"Pommel Strike","floor":8.0,"key":"SMITH"},{"data":"True Grit","floor":11.0,"key":"SMITH"}],"neow_cost":"NONE","seed_source_timestamp":0,"circlet_count":0,"master_deck":["AscendersBane","Strike_R","Strike_R","Strike_R","Strike_R","Defend_R","Defend_R","Defend_R","Defend_R","Bash","Shockwave","Clothesline","Shrug It Off+1","Spot Weakness","Pommel Strike+1","True Grit+1"],"special_seed":0,"relics":["Burning Blood","FaceOfCleric","Bag of Preparation","Golden Idol"],"potions_floor_usage":[],"damage_taken":[{"damage":7.0,"enemies":"2 Louse","floor":1.0,"turns":3.0},{"damage":4.0,"enemies":"Cultist","floor":3.0,"turns":5.0},{"damage":7.0,"enemies":"Small Slimes","floor":5.0,"turns":4.0},{"damage":43,"enemies":"3 Sentries","floor":13,"turns":8}],"seed_played":"5511504658582343408","potions_obtained":[],"is_trial":false,"path_per_floor":["M","$","M","?","M","R","$","R","T","$","R","?","E"],"character_chosen":"IRONCLAD","items_purchased":["Shrug It Off","True Grit"],"campfire_rested":0,"item_purchase_floors":[2,10],"current_hp_per_floor":[67,67,69,69,69,69,69,69,69,69,69,43,0],"gold":0,"neow_bonus":"THREE_CARDS","is_prod":false,"is_daily":false,"chose_seed":false,"campfire_upgraded":3,"win_rate":0,"timestamp":1550180707,"path_taken":["M","$","M","?","M","R","?","R","T","$","R","?","E"],"build_version":"2019-02-06","purchased_purges":1,"victory":false,"max_hp_per_floor":[75,75,75,75,76,76,76,76,76,76,76,76,76],"card_choices":[{"not_picked":["Dual Wield","Thunderclap"],"picked":"Shockwave","floor":0.0},{"not_picked":["Blood for Blood","Armaments"],"picked":"Clothesline","floor":1.0},{"not_picked":["Fire Breathing","Warcry"],"picked":"Spot Weakness","floor":3.0},{"not_picked":["Flex","Feel No Pain"],"picked":"Pommel Strike","floor":5.0}],"player_experience":456696,"relics_obtained":[{"floor":9.0,"key":"Bag of Preparation"}],"event_choices":[{"damage_healed":0.0,"max_hp_gain":0.0,"max_hp_loss":0.0,"gold_gain":0.0,"event_name":"FaceTrader","player_choice":"Trade","floor":4.0,"gold_loss":0.0,"damage_taken":0.0,"relics_obtained":["FaceOfCleric"]},{"damage_healed":0.0,"max_hp_gain":0.0,"max_hp_loss":0.0,"gold_gain":0.0,"event_name":"Golden Idol","player_choice":"Take Damage","floor":12.0,"gold_loss":0.0,"damage_taken":26.0,"relics_obtained":["Golden Idol"]}],"is_beta":true,"boss_relics":[],"items_purged_floors":[2],"is_endless":false,"potions_floor_spawned":[],"killed_by":"3 Sentries","ascension_level":17}