{"gold_per_floor":[112,131,143,93,103,103,23,23,75,75,85,85,97,110,110,214,214,226,27,40,40,52,52,69,69,116,116,130,145,157,174,174,272,272,285,285,303,303,319,319],"floor_reached":40,"playtime":3315,"items_purged":["Strike_B"],"score":598,"play_id":"9c4fc32e-7896-4d85-9fa3-7bdfcf59faa6","local_time":"20180711212330","is_ascension_mode":true,"campfire_choices":[{"data":"Zap","floor":6.0,"key":"SMITH"},{"data":"Streamline","floor":8.0,"key":"SMITH"},{"floor":15.0,"key":"REST"},{"data":"Creative AI","floor":23,"key":"SMITH"},{"floor":27,"key":"REST"},{"floor":32,"key":"REST"}],"neow_cost":"NONE","seed_source_timestamp":61516304656260,"circlet_count":0,"master_deck":["Strike_B+1","Defend_B+1","Defend_B+1","Defend_B+1","Defend_B+1","Zap+1","Dualcast","AscendersBane","Sweeping Beam","Glacier","Streamline+1","Loop","Darkness","Glacier","Self Repair","Creative AI+1","Glacier","Defragment","Cold Snap","Redo","Melter","Thunder Strike","Machine Learning"],"special_seed":0,"relics":["Cracked Core","Blood Vial","Bronze Scales","Inserter","Happy Flower","Philosopher\u0027s Stone"],"potions_floor_usage":[20,31,31,33,37],"damage_taken":[{"damage":2.0,"enemies":"2 Louse","floor":1.0,"turns":3.0},{"damage":8.0,"enemies":"Jaw Worm","floor":2.0,"turns":4.0},{"damage":1.0,"enemies":"Cultist","floor":3.0,"turns":3.0},{"damage":17.0,"enemies":"Looter","floor":5.0,"turns":3.0},{"damage":0.0,"enemies":"2 Fungi Beasts","floor":11.0,"turns":4.0},{"damage":13.0,"enemies":"3 Louse","floor":13.0,"turns":3.0},{"damage":0.0,"enemies":"Large Slime","floor":14.0,"turns":5.0},{"damage":44,"enemies":"Hexaghost","floor":16,"turns":11},{"damage":4,"enemies":"Shell Parasite","floor":18,"turns":9},{"damage":17,"enemies":"Chosen","floor":20,"turns":8},{"damage":23,"enemies":"Centurion and Healer","floor":22,"turns":9},{"damage":13,"enemies":"Snecko","floor":24,"turns":8},{"damage":15,"enemies":"Snake Plant","floor":28,"turns":6},{"damage":3,"enemies":"Sentry and Sphere","floor":29,"turns":11},{"damage":12,"enemies":"Snecko","floor":30,"turns":6},{"damage":56,"enemies":"3 Cultists","floor":31,"turns":7},{"damage":42,"enemies":"Automaton","floor":33,"turns":11},{"damage":21,"enemies":"Orb Walker","floor":35,"turns":6},{"damage":49,"enemies":"3 Darklings","floor":37,"turns":7},{"damage":3,"enemies":"Maw","floor":39,"turns":10},{"damage":92,"enemies":"2 Orb Walkers","floor":40,"turns":4}],"seed_played":"-7232677837552700462","potions_obtained":[{"floor":3.0,"key":"SpeedPotion"},{"floor":5.0,"key":"SpeedPotion"},{"floor":16,"key":"Regen Potion"},{"floor":28,"key":"LiquidBronze"},{"floor":30,"key":"Fruit Juice"},{"floor":31,"key":"PowerPotion"},{"floor":33,"key":"GamblersBrew"},{"floor":35,"key":"Dexterity Potion"}],"is_trial":false,"path_per_floor":["M","M","M","?","M","R","$","R","T","?","M","?","M","M","R","B",null,"M","$","M","$","M","R","M","?","T","R","M","M","M","M","R","B",null,"M","?","M","?","M"],"character_chosen":"DEFECT","items_purchased":["Loop","Defragment","Cold Snap"],"campfire_rested":3,"item_purchase_floors":[7,19,19],"current_hp_per_floor":[68,62,63,63,48,48,48,48,48,48,50,50,39,41,63,28,63,68,68,72,72,58,58,54,54,54,75,67,73,70,28,52,19,65,53,53,13,80,80,0],"gold":319,"neow_bonus":"RANDOM_COMMON_RELIC","is_prod":false,"is_daily":false,"chose_seed":false,"campfire_upgraded":3,"win_rate":0,"timestamp":1531358610,"path_taken":["M","M","M","?","M","R","$","R","T","?","M","?","?","M","R","BOSS","M","?","?","$","M","R","M","?","T","R","M","M","M","M","R","BOSS","M","?","M","?","?","E"],"build_version":"2018-07-05","purchased_purges":1,"victory":false,"max_hp_per_floor":[75,75,75,75,75,75,75,75,75,75,75,75,75,75,75,75,75,75,75,75,75,75,75,75,75,75,75,75,75,75,80,80,80,80,80,80,80,80,80,80],"card_choices":[{"not_picked":["Rebound","Lockon"],"picked":"Sweeping Beam","floor":1.0},{"not_picked":["Steam Power","Ball Lightning"],"picked":"Glacier","floor":2.0},{"not_picked":["Beam Cell","Ball Lightning"],"picked":"Streamline","floor":3.0},{"not_picked":["Ball Lightning","Steam Power","Turbo"],"picked":"SKIP","floor":5.0},{"not_picked":["Static Discharge","Gash","Turbo"],"picked":"SKIP","floor":11.0},{"not_picked":["Reinforced Body","Heatsinks"],"picked":"Glacier","floor":13.0},{"not_picked":["White Noise","Melter"],"picked":"Self Repair","floor":14.0},{"not_picked":["Reboot","Meteor Strike"],"picked":"Creative AI","floor":16},{"not_picked":["Consume+1","Beam Cell"],"picked":"Glacier","floor":18},{"not_picked":["Beam Cell","Glacier","Streamline"],"picked":"SKIP","floor":20},{"not_picked":["Stack","Scrape"],"picked":"Redo","floor":22},{"not_picked":["Leap","Stack","Turbo"],"picked":"SKIP","floor":24},{"not_picked":["Turbo+1","Lockon","FTL+1"],"picked":"SKIP","floor":28},{"not_picked":["Hologram","Beam Cell","Gash"],"picked":"SKIP","floor":29},{"not_picked":["Gash","Streamline+1","Glacier"],"picked":"SKIP","floor":30},{"not_picked":["Electrodynamics","Steam+1"],"picked":"Melter","floor":31},{"not_picked":["All For One","Creative AI"],"picked":"Thunder Strike","floor":33},{"not_picked":["Sweeping Beam+1","Gash"],"picked":"Sunder","floor":35},{"not_picked":["Heatsinks+1","Hologram+1"],"picked":"Machine Learning","floor":37},{"not_picked":["Cold Snap+1","Steam+1","Conserve Battery"],"picked":"SKIP","floor":39}],"player_experience":1042279,"relics_obtained":[{"floor":9.0,"key":"Bronze Scales"},{"floor":26,"key":"Happy Flower"}],"event_choices":[{"event_name":"The Cleric","player_choice":"Card Removal","floor":4.0,"damage_taken":0.0},{"event_name":"Liars Game","player_choice":"disagreed","floor":10.0,"damage_taken":0.0},{"event_name":"Transmorgrifier","player_choice":"Transform","floor":12.0,"damage_taken":0.0},{"event_name":"Back to Basics","player_choice":"Simplicity","floor":25,"damage_taken":0},{"event_name":"Accursed Blacksmith","player_choice":"Ignore","floor":36,"damage_taken":0},{"event_name":"Bonfire Elementals","player_choice":"UNCOMMON","floor":38,"damage_taken":0}],"boss_relics":[{"not_picked":["Runic Pyramid","Runic Dome"],"picked":"Inserter"},{"not_picked":["Tiny House","Astrolabe"],"picked":"Philosopher\u0027s Stone"}],"items_purged_floors":[19],"is_endless":false,"potions_floor_spawned":[3,5,16,28,29,30,31,33,35],"killed_by":"2 Orb Walkers","ascension_level":11}