{"path_per_floor":["M","$","?","$","?","R","$","M","T","E","M","$","M","M","R","B",null,"M","?","$","?","M","R","E","T","T","?","E","R","$","M","R","B",null,"M","$","M","M","$","R","M","R","T","?","?","?","M","?","R","B"],"character_chosen":"IRONCLAD","items_purchased":["Sever Soul","Rage","Flex","Apotheosis","Rupture","Rage"],"gold_per_floor":[118,11,11,11,11,11,11,28,105,140,160,37,56,76,76,175,175,191,191,9,9,27,27,52,77,101,101,128,128,28,44,44,149,149,164,93,111,124,55,55,74,74,97,97,97,0,20,20,20,20],"floor_reached":51,"campfire_rested":7,"playtime":2930,"item_purchase_floors":[],"current_hp_per_floor":[79,79,79,79,63,63,63,68,68,68,71,71,64,59,80,71,80,77,77,77,77,69,80,51,51,51,51,32,56,56,41,66,9,84,79,79,67,33,33,60,18,45,45,45,45,45,49,73,94,8],"items_purged":["Defend_R","Defend_R"],"gold":20,"score":656,"play_id":"c36daddb-050b-4de6-bfcf-38cbe6fd8e52","local_time":"20180531214143","is_prod":false,"is_daily":false,"chose_seed":false,"is_ascension_mode":false,"campfire_upgraded":1,"win_rate":0,"timestamp":1527817303,"campfire_choices":[{"data":"Sever Soul","floor":6.0,"key":"SMITH"},{"floor":15.0,"key":"REST"},{"floor":23.0,"key":"REST"},{"floor":29.0,"key":"REST"},{"floor":32.0,"key":"REST"},{"floor":40.0,"key":"REST"},{"floor":42.0,"key":"REST"},{"floor":49,"key":"REST"}],"path_taken":["M","$","?","?","?","R","?","M","T","E","?","$","M","M","R","BOSS","M","?","$","?","M","R","E","?","T","?","E","R","$","M","R","BOSS","M","$","M","M","$","R","M","R","T","?","?","?","M","?","R","BOSS"],"build_version":"2018-05-31","seed_source_timestamp":0,"purchased_purges":2,"victory":true,"master_deck":["Strike_R+1","Strike_R","Strike_R","Strike_R","Strike_R","Defend_R","Defend_R","Bash","Double Tap+1","Sever Soul+1","Sever Soul","Rage+1","Bloodletting+1","Flex","Brutality","Carnage","Offering+1","Cleave","Apotheosis","Cleave+1","Flex","Bludgeon","Rupture","Rage","Double Tap+1","Writhe"],"max_hp_per_floor":[80,80,80,80,80,80,80,80,80,80,80,80,80,80,80,80,80,80,80,80,80,80,80,80,80,80,80,82,82,82,84,84,84,84,86,86,88,90,90,90,92,92,92,92,92,92,94,94,94,94],"relics":["Burning Blood","Dodecahedron","Paper Frog","Cursed Key","Omamori","Juzu Bracelet","War Paint","Singing Bowl","Runic Cube","Lantern","Red Mask"],"card_choices":[{"not_picked":["Bloodletting","Shrug It Off"],"picked":"Sever Soul","floor":1.0},{"not_picked":["Carnage","Burning Pact"],"picked":"Bloodletting","floor":8.0},{"not_picked":["Body Slam","Sentinel","Armaments"],"picked":"SKIP","floor":10.0},{"not_picked":["Dropkick","Combust","Body Slam"],"picked":"SKIP","floor":11.0},{"not_picked":["Uppercut","Cleave"],"picked":"Brutality","floor":13.0},{"not_picked":["Burning Pact","Second Wind"],"picked":"Carnage","floor":14.0},{"not_picked":["Demon Form","Dark Embrace"],"picked":"Offering","floor":16.0},{"not_picked":["True Grit","Intimidate"],"picked":"Cleave","floor":18.0},{"not_picked":["True Grit","Headbutt","Twin Strike"],"picked":"SKIP","floor":22.0},{"not_picked":["Pommel Strike","Body Slam"],"picked":"Cleave+1","floor":24.0},{"not_picked":["Spot Weakness","Cleave","Second Wind"],"picked":"Singing Bowl","floor":28.0},{"not_picked":["Metallicize+1","Perfected Strike","Clothesline"],"picked":"Singing Bowl","floor":31.0},{"not_picked":["Juggernaut","Feed"],"picked":"Bludgeon","floor":33.0},{"not_picked":["Clash+1","Wild Strike+1","Heavy Blade"],"picked":"Singing Bowl","floor":35.0},{"not_picked":["Sword Boomerang","Wild Strike+1","Berserk"],"picked":"Singing Bowl","floor":37.0},{"not_picked":["Shrug It Off+1","Uppercut","Havoc+1"],"picked":"Singing Bowl","floor":38.0},{"not_picked":["Ghostly Armor","Dropkick","Burning Pact+1"],"picked":"Singing Bowl","floor":41.0},{"not_picked":["Clash+1","Headbutt+1","Entrench"],"picked":"Singing Bowl","floor":47}],"player_experience":224700,"potions_floor_usage":[50],"damage_taken":[{"damage":7.0,"enemies":"Small Slimes","floor":1.0,"turns":3.0},{"damage":1.0,"enemies":"Jaw Worm","floor":8.0,"turns":3.0},{"damage":6.0,"enemies":"Gremlin Nob","floor":10.0,"turns":3.0},{"damage":3.0,"enemies":"Cultist","floor":11.0,"turns":2.0},{"damage":13.0,"enemies":"Exordium Thugs","floor":13.0,"turns":3.0},{"damage":11.0,"enemies":"Looter","floor":14.0,"turns":2.0},{"damage":15.0,"enemies":"Slime Boss","floor":16.0,"turns":7.0},{"damage":9.0,"enemies":"Chosen","floor":18.0,"turns":4.0},{"damage":14.0,"enemies":"Spheric Guardian","floor":22.0,"turns":3.0},{"damage":35.0,"enemies":"Book of Stabbing","floor":24.0,"turns":5.0},{"damage":27.0,"enemies":"Gremlin Leader","floor":28.0,"turns":4.0},{"damage":28.0,"enemies":"Snake Plant","floor":31.0,"turns":2.0},{"damage":63.0,"enemies":"Collector","floor":33.0,"turns":7.0},{"damage":13.0,"enemies":"3 Shapes","floor":35.0,"turns":2.0},{"damage":20.0,"enemies":"3 Darklings","floor":37.0,"turns":3.0},{"damage":42.0,"enemies":"Sphere and 2 Shapes","floor":38.0,"turns":4.0},{"damage":50.0,"enemies":"Maw","floor":41.0,"turns":6.0},{"damage":4,"enemies":"3 Darklings","floor":47,"turns":2},{"damage":92,"enemies":"Donu and Deca","floor":50,"turns":7}],"relics_obtained":[{"floor":9.0,"key":"Dodecahedron"},{"floor":10.0,"key":"Paper Frog"},{"floor":24.0,"key":"Omamori"},{"floor":25.0,"key":"Juzu Bracelet"},{"floor":26.0,"key":"War Paint"},{"floor":28.0,"key":"Singing Bowl"},{"floor":43.0,"key":"Lantern"}],"event_choices":[{"event_name":"Living Wall","player_choice":"Grow","floor":3.0,"damage_taken":0.0},{"event_name":"Shining Light","player_choice":"Entered Light","floor":5.0,"damage_taken":0.0},{"event_name":"Addict","player_choice":"Ignored","floor":19.0,"damage_taken":0.0},{"event_name":"The Lab","player_choice":"Got Potions","floor":21.0,"damage_taken":0.0},{"event_name":"The Library","player_choice":"Read","floor":27.0,"damage_taken":0.0},{"event_name":"Duplicator","player_choice":"One dupe","floor":44.0,"damage_taken":0.0},{"event_name":"Wheel of Change","player_choice":"Card Removal","floor":45.0,"damage_taken":0.0},{"event_name":"Tomb of Lord Red Mask","player_choice":"Paid","floor":46.0,"damage_taken":0.0},{"event_name":"Winding Halls","player_choice":"Writhe","floor":48,"damage_taken":0}],"boss_relics":[],"items_purged_floors":[],"potions_floor_spawned":[1,10,13,16,28,33,35,41,47],"seed_played":"2914303283832094101","ascension_level":0,"potions_obtained":[{"floor":1.0,"key":"Block Potion"},{"floor":10.0,"key":"Strength Potion"},{"floor":13.0,"key":"AttackPotion"},{"floor":21.0,"key":"Weak Potion"},{"floor":21.0,"key":"Weak Potion"},{"floor":28.0,"key":"Regen Potion"},{"floor":33.0,"key":"Ancient Potion"},{"floor":35.0,"key":"Fire Potion"},{"floor":41.0,"key":"GamblersBrew"}],"is_trial":false}