{"path_per_floor":["M","M","?","?","?","R","?","?","T","M","M","$","R","T","R","B",null,"M","?","?","T","?","R","M","M","T","M","R","M","M"],"character_chosen":"DEFECT","items_purchased":["Melter"],"gold_per_floor":[109,123,123,123,123,123,123,198,198,213,231,77,77,128,128,223,223,233,183,183,261,261,261,271,290,290,301,301,320,320,320],"floor_reached":31,"campfire_rested":4,"playtime":948,"item_purchase_floors":[12],"current_hp_per_floor":[61,61,61,54,36,58,75,64,74,73,66,66,66,66,85,26,70,47,47,30,30,20,49,39,20,20,5,35,17,17,0],"items_purged":["Strike_B"],"gold":320,"score":318,"play_id":"9ae79fa1-174f-44a4-a6e9-b223ee7ee1a6","local_time":"20180622145404","is_prod":false,"is_daily":false,"chose_seed":false,"is_ascension_mode":true,"campfire_upgraded":1,"win_rate":0,"timestamp":1529693644,"campfire_choices":[{"floor":6,"key":"REST"},{"data":"Streamline","floor":13,"key":"SMITH"},{"floor":15,"key":"REST"},{"floor":23,"key":"REST"},{"floor":28,"key":"REST"}],"path_taken":["M","M","?","?","?","R","?","?","T","?","M","?","R","?","R","BOSS","M","?","?","?","?","R","M","M","T","M","R","?","?","M"],"build_version":"2018-06-21","seed_source_timestamp":731980186937925,"purchased_purges":1,"circlet_count":0,"victory":false,"master_deck":["Strike_B","Strike_B","Defend_B","Defend_B","Defend_B","Zap","Dualcast","Tempest","Chill","Barrage","Streamline+1","Melter","Creative AI","Necronomicurse","Leap+1","Chill+1"],"max_hp_per_floor":[75,75,75,75,75,75,75,75,85,85,85,85,85,85,85,85,85,87,87,92,92,98,98,100,102,102,102,102,102,102,102],"relics":["Cracked Core","Boot","Darkstone Periapt","Pear","Singing Bowl","Fusion Hammer","Letter Opener","Necronomicon","Toxic Egg 2"],"card_choices":[{"not_picked":["Sweeping Beam","Leap"],"picked":"Tempest","floor":1},{"not_picked":["Sweeping Beam","Redo"],"picked":"Chill","floor":2},{"not_picked":["Conserve Battery","Steam"],"picked":"Barrage","floor":10},{"not_picked":["Beam Cell","Blizzard"],"picked":"Streamline","floor":11},{"not_picked":["Rainbow","Biased Cognition"],"picked":"Creative AI","floor":16},{"not_picked":["Auto Shields","Coolheaded","Conserve Battery"],"picked":"Singing Bowl","floor":18},{"not_picked":["Chaos+1","Beam Cell","Glacier"],"picked":"Singing Bowl","floor":24},{"not_picked":["Leap","Coolheaded","Redo"],"picked":"Singing Bowl","floor":25},{"not_picked":["FTL","Go for the Eyes"],"picked":"Leap+1","floor":27},{"not_picked":["Conserve Battery+1","Steam+1"],"picked":"Chill+1","floor":29}],"player_experience":719588,"potions_floor_usage":[16,30],"damage_taken":[{"damage":7,"enemies":"Jaw Worm","floor":1,"turns":3},{"damage":0,"enemies":"Small Slimes","floor":2,"turns":2},{"damage":1,"enemies":"Cultist","floor":10,"turns":3},{"damage":7,"enemies":"2 Fungi Beasts","floor":11,"turns":3},{"damage":59,"enemies":"The Guardian","floor":16,"turns":11},{"damage":25,"enemies":"2 Thieves","floor":18,"turns":3},{"damage":12,"enemies":"3 Byrds","floor":24,"turns":4},{"damage":21,"enemies":"Sentry and Sphere","floor":25,"turns":4},{"damage":15,"enemies":"Snake Plant","floor":27,"turns":3},{"damage":18,"enemies":"Centurion and Healer","floor":29,"turns":6},{"damage":0,"enemies":"3 Cultists","floor":30,"turns":1},{"damage":17,"enemies":"Cultist and Chosen","floor":31,"turns":4}],"relics_obtained":[{"floor":9,"key":"Pear"},{"floor":14,"key":"Singing Bowl"},{"floor":21,"key":"Letter Opener"},{"floor":22,"key":"Necronomicon"},{"floor":26,"key":"Toxic Egg 2"}],"event_choices":[{"event_name":"Living Wall","player_choice":"Forget","floor":3,"damage_taken":0},{"event_name":"Golden Wing","player_choice":"Card Removal","floor":4,"damage_taken":0},{"event_name":"Scrap Ooze","player_choice":"success","floor":5,"damage_taken":18},{"event_name":"Wheel of Change","player_choice":"Full Heal","floor":7,"damage_taken":0},{"event_name":"World of Goop","player_choice":"Gather Gold","floor":8,"damage_taken":0},{"event_name":"The Joust","player_choice":"Bet on Murderer","floor":19,"damage_taken":0},{"event_name":"Forgotten Altar","player_choice":"Shed Blood","floor":20,"damage_taken":0},{"event_name":"Cursed Tome","player_choice":"Obtained Book","floor":22,"damage_taken":0}],"boss_relics":[{"not_picked":["Inserter","Velvet Choker"],"picked":"Fusion Hammer"}],"items_purged_floors":[12],"is_endless":false,"potions_floor_spawned":[2,16,18,24,27,30],"seed_played":"2246946956108411905","killed_by":"Cultist and Chosen","ascension_level":6,"potions_obtained":[{"floor":2,"key":"AttackPotion"},{"floor":16,"key":"GamblersBrew"},{"floor":18,"key":"Ancient Potion"},{"floor":24,"key":"SmokeBomb"}],"is_trial":false}