{"path_per_floor":["M","M","?","$","M","E","M","R","T","?","R","M","M","M","R","B",null,"M","M","?"],"character_chosen":"IRONCLAD","items_purchased":["Fire Breathing","Warcry"],"gold_per_floor":[109,126,126,24,43,77,90,90,90,90,90,106,116,129,129,224,224,209,219,142,142],"floor_reached":21,"campfire_rested":2,"playtime":1748,"current_hp_per_floor":[74,66,66,66,64,46,30,30,30,23,47,41,29,30,54,17,80,61,20,20,0],"items_purged":[],"gold":142,"score":183,"play_id":"b100904c-d127-4370-a2d0-b8b083173933","local_time":"20180521111653","is_prod":false,"is_daily":false,"chose_seed":false,"is_ascension_mode":false,"campfire_upgraded":0,"timestamp":1526915813,"campfire_choices":[{"floor":8,"key":"DIG"},{"floor":11,"key":"REST"},{"floor":15,"key":"REST"}],"path_taken":["M","M","?","$","M","E","M","R","T","?","R","M","M","M","R","BOSS","M","M","?","M"],"build_version":"2018-05-17","seed_source_timestamp":26985536680018,"purchased_purges":0,"victory":false,"master_deck":["Strike_R","Strike_R","Strike_R","Strike_R","Strike_R","Defend_R","Defend_R","Defend_R","Defend_R","Bash","Fire Breathing","Headbutt","Fire Breathing","Warcry","Cleave","Blood for Blood","Rampage","Rage","Armaments","Ghostly Armor","Demon Form","Heavy Blade","Seeing Red","Sever Soul","Anger","Rupture","Searing Blow","Pommel Strike+1","J.A.X."],"max_hp_per_floor":[80,80,80,80,80,80,80,80,80,80,80,80,80,80,80,80,80,80,80,80,80],"relics":["White Beast Statue","Shovel","Mercury Hourglass","Anchor","Kunai","Orrery"],"card_choices":[{"not_picked":["Iron Wave","Flex"],"picked":"Fire Breathing","floor":1},{"not_picked":["Thunderclap","Entrench"],"picked":"Headbutt","floor":2},{"not_picked":["True Grit","Armaments"],"picked":"Cleave","floor":5},{"not_picked":["Pommel Strike","Heavy Blade"],"picked":"Blood for Blood","floor":6},{"not_picked":["Pommel Strike","Thunderclap"],"picked":"Rampage","floor":7},{"not_picked":["Uppercut","Inflame"],"picked":"Rage","floor":12},{"not_picked":["Barricade","True Grit"],"picked":"Armaments","floor":13},{"not_picked":["Seeing Red","Thunderclap"],"picked":"Ghostly Armor","floor":14},{"not_picked":["Brutality","Offering"],"picked":"Demon Form","floor":16},{"not_picked":["Iron Wave","Cleave"],"picked":"Heavy Blade","floor":17},{"not_picked":["Corruption","True Grit"],"picked":"Seeing Red","floor":17},{"not_picked":["Thunderclap","Dual Wield"],"picked":"Sever Soul","floor":17},{"not_picked":["Whirlwind","Flex"],"picked":"Anger","floor":17},{"not_picked":["Clothesline","Searing Blow"],"picked":"Rupture","floor":17},{"not_picked":["Seeing Red","Warcry"],"picked":"Searing Blow","floor":18},{"not_picked":["Feel No Pain","Warcry"],"picked":"Pommel Strike+1","floor":19}],"player_experience":22763,"potions_floor_usage":[6,6,13,14,16,16,16,19,19,21],"damage_taken":[{"damage":6,"enemies":"Small Slimes","floor":1,"turns":5},{"damage":8,"enemies":"2 Louse","floor":2,"turns":3},{"damage":2,"enemies":"Cultist","floor":5,"turns":3},{"damage":18,"enemies":"Gremlin Nob","floor":6,"turns":5},{"damage":16,"enemies":"3 Louse","floor":7,"turns":3},{"damage":6,"enemies":"2 Fungi Beasts","floor":12,"turns":3},{"damage":12,"enemies":"Blue Slaver","floor":13,"turns":3},{"damage":4,"enemies":"Gremlin Gang","floor":14,"turns":2},{"damage":37,"enemies":"The Guardian","floor":16,"turns":11},{"damage":19,"enemies":"2 Thieves","floor":18,"turns":4},{"damage":41,"enemies":"Spheric Guardian","floor":19,"turns":6},{"damage":20,"enemies":"Slaver and Parasite","floor":21,"turns":4}],"relics_obtained":[{"floor":6,"key":"Mercury Hourglass"},{"floor":8,"key":"Anchor"},{"floor":9,"key":"Kunai"}],"event_choices":[{"event_name":"Big Fish","player_choice":"Box","floor":3,"damage_taken":0},{"event_name":"Golden Wing","player_choice":"Card Removal","floor":10,"damage_taken":0},{"event_name":"Drug Dealer","player_choice":"Got JAXXED","floor":20,"damage_taken":0}],"boss_relics":[{"not_picked":["Runic Dome","Ectoplasm"],"picked":"Orrery"}],"potions_floor_spawned":[1,2,5,6,7,12,13,14,16,18,19],"seed_played":"5039282162574210572","killed_by":"Slaver and Parasite","ascension_level":0,"potions_obtained":[{"floor":1,"key":"SkillPotion"},{"floor":2,"key":"Block Potion"},{"floor":5,"key":"GamblersBrew"},{"floor":6,"key":"SpeedPotion"},{"floor":7,"key":"Dexterity Potion"},{"floor":12,"key":"AttackPotion"},{"floor":13,"key":"Regen Potion"},{"floor":14,"key":"Explosive Potion"},{"floor":16,"key":"Swift Potion"},{"floor":18,"key":"Poison Potion"},{"floor":19,"key":"SteroidPotion"}],"is_trial":false}