{"gold_per_floor":[112,131,141,155,174,174,207,207,234,234,234,252,252,266,266,344,344,364,364,309,321,161,161,175,175,175,175,175],"floor_reached":28,"playtime":1101,"items_purged":["Strike_B"],"score":429,"play_id":"fb9716f0-bc9a-480e-8561-3d1293be38a4","local_time":"20190130111949","is_ascension_mode":true,"campfire_choices":[{"floor":6,"key":"REST"},{"data":"Echo Form","floor":8,"key":"SMITH"},{"data":"Zap","floor":10,"key":"SMITH"},{"floor":15,"key":"REST"},{"floor":23,"key":"REST"},{"floor":27,"key":"REST"}],"neow_cost":"TEN_PERCENT_HP_LOSS","seed_source_timestamp":513968038761269,"circlet_count":0,"master_deck":["AscendersBane","Defend_B","Defend_B","Defend_B","Defend_B","Zap+1","Dualcast","Cold Snap","Self Repair","Loop","Loop","Seek","Echo Form+1","Consume+1","Conserve Battery","Ball Lightning","Machine Learning","Coolheaded","Go for the Eyes","Defragment","Blizzard","Defragment","Double Energy","Glacier"],"relics":["Cracked Core","Torii","Dream Catcher","Sozu","Tiny Chest","Sundial"],"potions_floor_usage":[3,7],"damage_taken":[{"damage":7,"enemies":"2 Louse","floor":1,"turns":2},{"damage":0,"enemies":"Cultist","floor":2,"turns":3},{"damage":7,"enemies":"Jaw Worm","floor":3,"turns":2},{"damage":19,"enemies":"Large Slime","floor":4,"turns":6},{"damage":16,"enemies":"2 Fungi Beasts","floor":5,"turns":4},{"damage":28,"enemies":"Gremlin Nob","floor":7,"turns":4},{"damage":34,"enemies":"Lots of Slimes","floor":12,"turns":5},{"damage":9,"enemies":"3 Louse","floor":14,"turns":4},{"damage":37,"enemies":"The Guardian","floor":16,"turns":10},{"damage":29,"enemies":"Spheric Guardian","floor":18,"turns":5},{"damage":15,"enemies":"3 Byrds","floor":21,"turns":5},{"damage":42,"enemies":"Snake Plant","floor":24,"turns":6},{"damage":42,"enemies":"Chosen and Byrds","floor":28,"turns":3}],"seed_played":"-7423504013613645643","potions_obtained":[{"floor":2,"key":"AttackPotion"},{"floor":5,"key":"Poison Potion"},{"floor":7,"key":"SteroidPotion"},{"floor":16,"key":"FocusPotion"}],"is_trial":false,"path_per_floor":["M","M","M","M","M","R","E","R","T","R","?","M","?","M","R","B",null,"M","?","?","M","$","R","M","?","T","R","M"],"character_chosen":"DEFECT","items_purchased":["Defragment"],"campfire_rested":4,"item_purchase_floors":[22],"current_hp_per_floor":[57,57,57,45,36,55,34,34,34,34,55,28,28,26,45,15,52,37,37,37,29,29,48,20,20,20,39,0],"gold":175,"neow_bonus":"REMOVE_TWO","is_prod":false,"is_daily":false,"chose_seed":false,"campfire_upgraded":2,"win_rate":0,"timestamp":1548865189,"path_taken":["M","M","M","M","M","R","E","R","T","R","?","M","?","?","R","BOSS","M","?","?","M","$","R","M","?","T","R","?"],"build_version":"2019-01-23","purchased_purges":1,"victory":false,"max_hp_per_floor":[64,64,64,64,64,64,64,64,64,64,64,64,64,64,64,64,64,64,64,64,64,64,64,64,64,64,64,64],"card_choices":[{"not_picked":["Stack","Conserve Battery"],"picked":"Cold Snap","floor":1},{"not_picked":["Fusion","Cold Snap"],"picked":"Self Repair","floor":2},{"not_picked":["Coolheaded","Go for the Eyes"],"picked":"Loop","floor":3},{"not_picked":["Hologram","Turbo"],"picked":"Loop","floor":4},{"not_picked":["Hologram","Streamline"],"picked":"Seek","floor":5},{"not_picked":["Conserve Battery","Go for the Eyes"],"picked":"Echo Form","floor":7},{"not_picked":["Leap","Steam"],"picked":"Consume","floor":12},{"not_picked":["Turbo","Cold Snap"],"picked":"Conserve Battery","floor":14},{"not_picked":["Tempest","Steam"],"picked":"Ball Lightning","floor":15},{"not_picked":["Fission","Meteor Strike"],"picked":"Machine Learning","floor":16},{"not_picked":["Stack","Blizzard+1"],"picked":"Coolheaded","floor":18},{"not_picked":["Force Field","FTL"],"picked":"Go for the Eyes","floor":21},{"not_picked":["Scrape+1","Steam Power"],"picked":"Blizzard","floor":23},{"not_picked":["Redo","Go for the Eyes"],"picked":"Defragment","floor":24},{"not_picked":["Rebound+1","Sunder+1"],"picked":"Glacier","floor":27}],"player_experience":2228571,"relics_obtained":[{"floor":7,"key":"Torii"},{"floor":9,"key":"Dream Catcher"},{"floor":26,"key":"Sundial"}],"event_choices":[{"damage_healed":21,"gold_gain":0,"player_choice":"Banana","damage_taken":0,"max_hp_gain":0,"max_hp_loss":0,"event_name":"Big Fish","floor":11,"gold_loss":0},{"damage_healed":0,"gold_gain":0,"player_choice":"Forge","damage_taken":0,"max_hp_gain":0,"max_hp_loss":0,"event_name":"Accursed Blacksmith","floor":13,"gold_loss":0,"cards_upgraded":["Consume"]},{"damage_healed":0,"gold_gain":0,"player_choice":"Ignored","damage_taken":0,"max_hp_gain":0,"max_hp_loss":0,"event_name":"Vampires","floor":19,"gold_loss":0},{"damage_healed":0,"gold_gain":0,"player_choice":"Obtained Relic","damage_taken":0,"relics_obtained":["Tiny Chest"],"max_hp_gain":0,"max_hp_loss":0,"event_name":"Addict","floor":20,"gold_loss":85},{"damage_healed":0,"gold_gain":0,"cards_transformed":["Strike_B"],"player_choice":"Transformed","damage_taken":0,"max_hp_gain":0,"max_hp_loss":0,"event_name":"Transmorgrifier","floor":25,"gold_loss":0,"cards_obtained":["Double Energy"]}],"is_beta":false,"boss_relics":[{"not_picked":["Calling Bell","Empty Cage"],"picked":"Sozu"}],"items_purged_floors":[22],"is_endless":false,"potions_floor_spawned":[2,5,7,16,18],"killed_by":"Chosen and Byrds","ascension_level":19}