{"gold_per_floor":[164,184,202,23,36,36,58,93,93,93,93,27,177,191,191,191],"floor_reached":16,"playtime":881,"items_purged":[],"score":175,"play_id":"28de3185-a169-4496-b48f-092c3a17f588","local_time":"20190202151220","is_ascension_mode":true,"campfire_choices":[{"data":"Cloak And Dagger","floor":6,"key":"SMITH"},{"floor":15,"key":"REST"}],"neow_cost":"NONE","seed_source_timestamp":787315077865034,"circlet_count":0,"master_deck":["AscendersBane","Defend_G+1","Defend_G","Defend_G","Defend_G","Defend_G","Strike_G","Strike_G","Strike_G","Strike_G","Strike_G","Survivor","Neutralize","Riddle With Holes","Cloak And Dagger+1","Dodge and Roll","Backflip","Mayhem","Blade Dance","Riddle With Holes","Doubt","Blade Dance"],"relics":["Tiny House","Odd Mushroom","Ice Cream","Dodecahedron"],"potions_floor_usage":[8,16,16],"damage_taken":[{"damage":0,"enemies":"2 Louse","floor":1,"turns":2},{"damage":10,"enemies":"Small Slimes","floor":2,"turns":5},{"damage":7,"enemies":"Jaw Worm","floor":3,"turns":5},{"damage":5,"enemies":"Blue Slaver","floor":5,"turns":6},{"damage":18,"enemies":"The Mushroom Lair","floor":7,"turns":5},{"damage":29,"enemies":"Lagavulin","floor":8,"turns":12},{"damage":2,"enemies":"Exordium Thugs","floor":14,"turns":6},{"damage":47,"enemies":"Slime Boss","floor":16,"turns":12}],"seed_played":"129673249792786086","potions_obtained":[{"floor":0,"key":"FairyPotion"},{"floor":1,"key":"PowerPotion"},{"floor":8,"key":"AttackPotion"},{"floor":14,"key":"Block Potion"}],"is_trial":false,"path_per_floor":["M","M","M","$","M","R","?","E","T","?","?","?","?","M","R","B"],"character_chosen":"THE_SILENT","items_purchased":["Mayhem"],"campfire_rested":1,"item_purchase_floors":[4],"current_hp_per_floor":[64,54,47,47,42,42,24,3,3,26,26,26,26,24,45,0],"gold":191,"neow_bonus":"BOSS_RELIC","is_prod":false,"is_daily":false,"chose_seed":false,"campfire_upgraded":1,"win_rate":0,"timestamp":1549138340,"path_taken":["M","M","M","$","M","R","?","E","T","?","?","?","?","M","R","BOSS"],"build_version":"2019-01-23","purchased_purges":0,"victory":false,"max_hp_per_floor":[71,71,71,71,71,71,71,71,71,71,71,71,71,71,71,71],"card_choices":[{"not_picked":["Dagger Throw","Cloak And Dagger"],"picked":"Riddle With Holes","floor":0},{"not_picked":["Calculated Gamble","Leg Sweep"],"picked":"Cloak And Dagger","floor":1},{"not_picked":["Deflect","Escape Plan"],"picked":"Dodge and Roll","floor":2},{"not_picked":["PiercingWail","Setup"],"picked":"Backflip","floor":3},{"not_picked":["Quick Slash","Acrobatics"],"picked":"Blade Dance","floor":5},{"not_picked":["Slice","Dagger Throw"],"picked":"Riddle With Holes","floor":7},{"not_picked":["Endless Agony","Concentrate","Outmaneuver"],"picked":"SKIP","floor":8},{"not_picked":["Deadly Poison","Sucker Punch"],"picked":"Blade Dance","floor":14}],"player_experience":2289553,"relics_obtained":[{"floor":7,"key":"Odd Mushroom"},{"floor":8,"key":"Ice Cream"},{"floor":9,"key":"Dodecahedron"}],"event_choices":[{"damage_healed":0,"gold_gain":0,"player_choice":"Fought Mushrooms","damage_taken":0,"max_hp_gain":0,"max_hp_loss":0,"event_name":"Mushrooms","floor":7,"gold_loss":0},{"damage_healed":23,"gold_gain":0,"player_choice":"Banana","damage_taken":0,"max_hp_gain":0,"max_hp_loss":0,"event_name":"Big Fish","floor":10,"gold_loss":0},{"damage_healed":0,"gold_gain":0,"player_choice":"Ignored","damage_taken":0,"max_hp_gain":0,"max_hp_loss":0,"event_name":"Shining Light","floor":11,"gold_loss":0},{"damage_healed":0,"gold_gain":0,"player_choice":"Left Gold","damage_taken":0,"max_hp_gain":0,"max_hp_loss":0,"event_name":"World of Goop","floor":12,"gold_loss":66},{"damage_healed":0,"gold_gain":150,"player_choice":"AGREE","damage_taken":0,"max_hp_gain":0,"max_hp_loss":0,"event_name":"Liars Game","floor":13,"gold_loss":0,"cards_obtained":["Doubt"]}],"is_beta":false,"boss_relics":[],"items_purged_floors":[],"is_endless":false,"potions_floor_spawned":[1,5,8,14],"killed_by":"Slime Boss","ascension_level":15}