{"gold_per_floor":[110,110,121,23,23,23,41,41,93,104,104,121,133,162,162,236,236,251,251,263,122,122,122,135,154,233,158,75,92,72,82,82,155,155,174,189,189],"floor_reached":37,"playtime":1729,"items_purged":[],"score":671,"play_id":"6821261d-0f42-4b84-ae5f-d49e345ce911","local_time":"20181116143827","is_ascension_mode":true,"campfire_choices":[{"floor":6,"key":"RECALL"},{"data":"Zap","floor":8,"key":"SMITH"},{"floor":15,"key":"REST"},{"floor":23,"key":"REST"},{"floor":32,"key":"REST"}],"neow_cost":"NONE","seed_source_timestamp":39126777094183,"circlet_count":0,"master_deck":["AscendersBane","Defend_B","Defend_B","Defend_B","Zap+1","Dualcast","Ball Lightning","Chill","Leap","Lockon","Capacitor","Defragment","Leap","FTL","Cold Snap","Creative AI","Defragment","Buffer","Amplify","Capacitor","Coolheaded","Self Repair","Cold Snap","Buffer","Electrodynamics","Leap","Redo+1"],"relics":["Cracked Core","NeowsBlessing","DataDisk","Blue Candle","Sozu","Runic Pyramid"],"potions_floor_usage":[14,18,20],"damage_taken":[{"damage":0,"enemies":"Jaw Worm","floor":1,"turns":1},{"damage":0,"enemies":"2 Louse","floor":3,"turns":1},{"damage":0,"enemies":"Small Slimes","floor":7,"turns":1},{"damage":21,"enemies":"Exordium Thugs","floor":10,"turns":4},{"damage":3,"enemies":"Blue Slaver","floor":12,"turns":3},{"damage":5,"enemies":"Large Slime","floor":13,"turns":5},{"damage":5,"enemies":"3 Sentries","floor":14,"turns":9},{"damage":27,"enemies":"The Guardian","floor":16,"turns":11},{"damage":10,"enemies":"Spheric Guardian","floor":18,"turns":4},{"damage":15,"enemies":"Shell Parasite","floor":20,"turns":6},{"damage":12,"enemies":"Snake Plant","floor":24,"turns":6},{"damage":7,"enemies":"Snecko","floor":25,"turns":7},{"damage":16,"enemies":"Centurion and Healer","floor":29,"turns":8},{"damage":9,"enemies":"Chosen and Byrds","floor":31,"turns":7},{"damage":8,"enemies":"Automaton","floor":33,"turns":9},{"damage":33,"enemies":"3 Darklings","floor":35,"turns":6},{"damage":8,"enemies":"Orb Walker","floor":36,"turns":6},{"damage":65,"enemies":"Sphere and 2 Shapes","floor":37,"turns":3}],"seed_played":"1621699026432142260","potions_obtained":[{"floor":3,"key":"Energy Potion"},{"floor":13,"key":"Fruit Juice"},{"floor":14,"key":"Weak Potion"}],"is_trial":false,"path_per_floor":["M","?","M","$","?","R","M","R","T","M","?","M","M","E","R","B",null,"M","?","M","$","?","R","M","M","T","?","$","M","?","M","R","B",null,"M","M","M"],"character_chosen":"DEFECT","items_purchased":["Leap","Lockon","Capacitor","Coolheaded","Self Repair"],"campfire_rested":3,"item_purchase_floors":[4,4,21,21,28],"current_hp_per_floor":[64,57,57,57,57,57,57,57,57,36,36,33,28,28,50,23,63,53,53,38,38,38,60,48,41,41,41,41,32,32,30,52,51,70,44,36,0],"gold":189,"neow_bonus":"THREE_ENEMY_KILL","is_prod":false,"is_daily":false,"chose_seed":false,"campfire_upgraded":1,"win_rate":0,"timestamp":1542397107,"path_taken":["M","?","M","$","?","R","M","R","T","M","?","?","M","E","R","BOSS","M","?","M","$","?","R","M","M","T","?","?","?","?","?","R","BOSS","M","M","M"],"build_version":"2018-11-15","purchased_purges":0,"victory":false,"max_hp_per_floor":[71,71,71,71,71,71,71,71,71,71,71,71,71,76,76,76,76,76,76,76,76,76,76,76,76,76,76,76,76,76,76,76,76,76,76,76,76],"card_choices":[{"not_picked":["Turbo","Auto Shields"],"picked":"Ball Lightning","floor":1},{"not_picked":["Aggregate","Gash"],"picked":"Chill","floor":3},{"not_picked":["Redo","Force Field"],"picked":"Capacitor","floor":7},{"not_picked":["Streamline","Consume"],"picked":"Defragment","floor":10},{"not_picked":["Loop","Streamline"],"picked":"Leap","floor":12},{"not_picked":["Heatsinks","Ball Lightning"],"picked":"FTL","floor":13},{"not_picked":["Meteor Strike","Turbo"],"picked":"Cold Snap","floor":14},{"not_picked":["Fission","Reboot"],"picked":"Creative AI","floor":16},{"not_picked":["Stack","Doom and Gloom+1"],"picked":"Defragment","floor":18},{"not_picked":["Sweeping Beam","Tempest","Double Energy+1"],"picked":"SKIP","floor":20},{"not_picked":["Undo","Ball Lightning","Hello World"],"picked":"SKIP","floor":24},{"not_picked":["Beam Cell","Sweeping Beam","Turbo+1"],"picked":"SKIP","floor":25},{"not_picked":["Streamline","Beam Cell+1"],"picked":"Cold Snap","floor":29},{"not_picked":["Doom and Gloom","Rip and Tear"],"picked":"Buffer","floor":31},{"not_picked":["Amplify","Core Surge"],"picked":"Electrodynamics","floor":33},{"not_picked":["Capacitor","Steam"],"picked":"Leap","floor":35},{"not_picked":["Darkness","Rebound+1"],"picked":"Redo+1","floor":36}],"player_experience":1717384,"relics_obtained":[{"floor":9,"key":"DataDisk"},{"floor":14,"key":"Blue Candle"}],"event_choices":[{"cards_removed":["Strike_B"],"damage_healed":0,"gold_gain":0,"player_choice":"Card Removal","damage_taken":7,"max_hp_gain":0,"max_hp_loss":0,"event_name":"Golden Wing","floor":2,"gold_loss":0},{"damage_healed":0,"gold_gain":0,"player_choice":"Leave","damage_taken":0,"max_hp_gain":0,"max_hp_loss":0,"event_name":"The Cleric","floor":5,"gold_loss":0},{"cards_removed":["Strike_B"],"damage_healed":0,"gold_gain":0,"player_choice":"Card Removal","damage_taken":0,"max_hp_gain":0,"max_hp_loss":0,"event_name":"Wheel of Change","floor":11,"gold_loss":0},{"damage_healed":0,"gold_gain":0,"cards_transformed":["Strike_B","Strike_B"],"player_choice":"Became Test Subject","damage_taken":0,"max_hp_gain":0,"max_hp_loss":0,"event_name":"Drug Dealer","floor":19,"gold_loss":0,"cards_obtained":["Buffer","Amplify"]},{"damage_healed":0,"gold_gain":0,"player_choice":"Ignored","damage_taken":0,"max_hp_gain":0,"max_hp_loss":0,"event_name":"Cursed Tome","floor":22,"gold_loss":0},{"cards_removed":["Defend_B"],"damage_healed":0,"gold_gain":0,"player_choice":"Gave Gold","damage_taken":0,"max_hp_gain":0,"max_hp_loss":0,"event_name":"Beggar","floor":27,"gold_loss":75},{"damage_healed":0,"gold_gain":0,"player_choice":"Bought 1 Potion","damage_taken":0,"max_hp_gain":0,"max_hp_loss":0,"event_name":"The Woman in Blue","floor":30,"gold_loss":0}],"is_beta":false,"boss_relics":[{"not_picked":["Pandora\u0027s Box","Black Star"],"picked":"Sozu"},{"not_picked":["Velvet Choker","Astrolabe"],"picked":"Runic Pyramid"}],"items_purged_floors":[],"is_endless":false,"potions_floor_spawned":[3,13,14,18,20,24,31,35],"killed_by":"Sphere and 2 Shapes","ascension_level":16}