{"gold_per_floor":[109,126,126,145,163,163,180,194,194,209,209,244,228,241,241,338,338,349,54,70,85,96,96,116,116,116,132,142,156,156,166,166,166],"floor_reached":33,"playtime":2883,"items_purged":[],"score":372,"play_id":"61f95676-3446-43da-b7ad-e031d69f8ae1","local_time":"20190117163900","is_ascension_mode":true,"campfire_choices":[{"data":"Dash","floor":6.0,"key":"SMITH"},{"data":"Sucker Punch","floor":15.0,"key":"SMITH"},{"data":"Backflip","floor":23,"key":"SMITH"},{"floor":32,"key":"REST"}],"neow_cost":"NONE","seed_source_timestamp":0,"circlet_count":0,"master_deck":["Defend_G","Defend_G","Defend_G","Strike_G","Strike_G","Strike_G","Strike_G","Survivor","Neutralize+1","Blur","Well Laid Plans","Dagger Throw","Endless Agony","Dash+1","Prepared","Sucker Punch+1","Dodge and Roll","Caltrops+1","Adrenaline","Cloak And Dagger","Slice","Noxious Fumes+1","Backflip+1","Poisoned Stab"],"special_seed":0,"relics":["Ring of the Snake","Shuriken","Frozen Egg 2","Happy Flower","Nloth\u0027s Gift","Bottled Flame"],"potions_floor_usage":[16,18,21,21,22,22,27,31],"damage_taken":[{"damage":0.0,"enemies":"Small Slimes","floor":1.0,"turns":5.0},{"damage":0.0,"enemies":"Cultist","floor":2.0,"turns":5.0},{"damage":0.0,"enemies":"2 Louse","floor":4.0,"turns":4.0},{"damage":0.0,"enemies":"2 Fungi Beasts","floor":5.0,"turns":4.0},{"damage":0.0,"enemies":"3 Louse","floor":7.0,"turns":3.0},{"damage":0.0,"enemies":"Gremlin Gang","floor":8.0,"turns":5.0},{"damage":0.0,"enemies":"Looter","floor":10.0,"turns":3.0},{"damage":0.0,"enemies":"Gremlin Nob","floor":12.0,"turns":4.0},{"damage":0.0,"enemies":"Exordium Thugs","floor":13.0,"turns":5.0},{"damage":0.0,"enemies":"Exordium Wildlife","floor":14.0,"turns":5.0},{"damage":18,"enemies":"Slime Boss","floor":16,"turns":14},{"damage":0,"enemies":"Shell Parasite","floor":18,"turns":5},{"damage":0,"enemies":"Chosen","floor":20,"turns":4},{"damage":1,"enemies":"Centurion and Healer","floor":21,"turns":6},{"damage":7,"enemies":"Snake Plant","floor":22,"turns":3},{"damage":17,"enemies":"Snecko","floor":24,"turns":5},{"damage":14,"enemies":"3 Cultists","floor":27,"turns":4},{"damage":0,"enemies":"Shelled Parasite and Fungi","floor":28,"turns":8},{"damage":6,"enemies":"Snake Plant","floor":29,"turns":5},{"damage":0,"enemies":"Centurion and Healer","floor":31,"turns":6},{"damage":66,"enemies":"Collector","floor":33,"turns":11}],"seed_played":"-1550963272885229730","potions_obtained":[{"floor":2.0,"key":"FearPotion"},{"floor":5.0,"key":"Weak Potion"},{"floor":8.0,"key":"LiquidBronze"},{"floor":13.0,"key":"SkillPotion"},{"floor":14.0,"key":"GhostInAJar"},{"floor":16,"key":"Block Potion"},{"floor":18,"key":"Swift Potion"},{"floor":21,"key":"PowerPotion"},{"floor":24,"key":"PowerPotion"},{"floor":28,"key":"GhostInAJar"}],"is_trial":false,"path_per_floor":["M","M","?","M","M","R","M","M","T","M","?","E","M","M","R","B",null,"M","$","M","M","M","R","M","?","T","M","M","M","?","M","R","B"],"character_chosen":"THE_SILENT","items_purchased":["Happy Flower","Slice","Noxious Fumes+1","Backflip"],"campfire_rested":1,"item_purchase_floors":[19,19,19,19],"current_hp_per_floor":[63,63,63,63,63,63,63,63,63,63,70,70,70,70,70,52,66,66,66,66,65,58,58,41,41,41,27,27,21,44,44,65,0],"gold":166,"neow_bonus":"TRANSFORM_CARD","is_prod":false,"is_daily":false,"chose_seed":false,"campfire_upgraded":3,"win_rate":0,"timestamp":1547764740,"path_taken":["M","M","?","M","M","R","M","M","T","M","?","E","M","M","R","BOSS","M","$","M","M","M","R","?","?","T","?","M","M","?","M","R","BOSS"],"build_version":"2019-01-16","purchased_purges":0,"victory":false,"max_hp_per_floor":[70,70,70,70,70,70,70,70,70,70,70,70,70,70,70,70,70,70,70,70,70,70,70,70,70,70,70,70,70,70,70,70,70],"card_choices":[{"not_picked":["Dagger Throw","Backflip"],"picked":"Well Laid Plans","floor":1.0},{"not_picked":["Flechettes","Dodge and Roll"],"picked":"Dagger Throw","floor":2.0},{"not_picked":["Slice","Well Laid Plans"],"picked":"Endless Agony","floor":4.0},{"not_picked":["Heel Hook","Dodge and Roll"],"picked":"Dash","floor":5.0},{"not_picked":["Underhanded Strike","Tactician"],"picked":"Prepared","floor":7.0},{"not_picked":["Deflect","Accuracy"],"picked":"Sucker Punch","floor":8.0},{"not_picked":["Concentrate","Deflect"],"picked":"Dodge and Roll","floor":10.0},{"not_picked":["Well Laid Plans","Concentrate","Phantasmal Killer"],"picked":"SKIP","floor":12.0},{"not_picked":["Bane","Sucker Punch","PiercingWail"],"picked":"SKIP","floor":13.0},{"not_picked":["Deadly Poison","Backflip"],"picked":"Caltrops+1","floor":14.0},{"not_picked":["Grand Finale","Bullet Time"],"picked":"Adrenaline","floor":16},{"not_picked":["Prepared","Acrobatics"],"picked":"Cloak And Dagger","floor":18},{"not_picked":["Deflect","Bane","Outmaneuver"],"picked":"SKIP","floor":20},{"not_picked":["Dodge and Roll","Deadly Poison","Bane"],"picked":"SKIP","floor":21},{"not_picked":["Eviscerate","Reflex","Catalyst"],"picked":"SKIP","floor":22},{"not_picked":["Venomology","Skewer"],"picked":"Poisoned Stab","floor":24},{"not_picked":["Sucker Punch","Calculated Gamble","Outmaneuver"],"picked":"SKIP","floor":27},{"not_picked":["Accuracy+1","Prepared+1","Underhanded Strike"],"picked":"SKIP","floor":28},{"not_picked":["Dash","Dagger Throw","Dodge and Roll"],"picked":"SKIP","floor":29},{"not_picked":["Flying Knee","Underhanded Strike","Prepared"],"picked":"SKIP","floor":31}],"player_experience":601672,"relics_obtained":[{"floor":9.0,"key":"Shuriken"},{"floor":12.0,"key":"Frozen Egg 2"},{"floor":26,"key":"Bottled Flame"}],"event_choices":[{"damage_healed":0.0,"max_hp_gain":0.0,"max_hp_loss":0.0,"gold_gain":0.0,"event_name":"Living Wall","player_choice":"Grow","floor":3.0,"gold_loss":0.0,"damage_taken":0.0,"cards_upgraded":["Neutralize"]},{"damage_healed":7.0,"max_hp_gain":0.0,"max_hp_loss":0.0,"gold_gain":0.0,"event_name":"Wheel of Change","player_choice":"Full Heal","floor":11.0,"gold_loss":0.0,"damage_taken":0.0},{"damage_healed":0,"gold_gain":0,"player_choice":"Traded Relic","damage_taken":0,"relics_obtained":["Nloth\u0027s Gift"],"max_hp_gain":0,"max_hp_loss":0,"event_name":"N\u0027loth","floor":25,"relics_lost":["Empty Cage"],"gold_loss":0},{"damage_healed":23,"gold_gain":0,"player_choice":"Heal","damage_taken":0,"max_hp_gain":0,"max_hp_loss":0,"event_name":"The Library","floor":30,"gold_loss":0}],"is_beta":true,"boss_relics":[{"not_picked":["Tiny House","HoveringKite"],"picked":"Empty Cage"}],"items_purged_floors":[],"is_endless":false,"potions_floor_spawned":[2,5,8,13,14,16,18,21,24,28],"killed_by":"Collector","ascension_level":6}