{"gold_per_floor":[116,116,116,136,150,150,2,30,53,53,53,53,53,63,63,160,160,178,103,116,116,116,116,134,150,150,179,196,196,196,209,209,305,305,321,336,354,34,34,34,34,34,61,0,34,102,102,131,131,131,131,131,8,34,34],"floor_reached":56,"playtime":3592,"items_purged":["Strike_R","Headbutt"],"score":1521,"play_id":"86930f57-7fc2-4fb2-a114-ffa326a9fcff","local_time":"20190118183219","is_ascension_mode":false,"campfire_choices":[{"data":"Spot Weakness","floor":6,"key":"SMITH"},{"data":"Impervious","floor":10,"key":"SMITH"},{"data":"Defend_R","floor":12,"key":"SMITH"},{"data":"Entrench","floor":15,"key":"SMITH"},{"data":"Impervious","floor":23,"key":"SMITH"},{"data":"Limit Break","floor":29,"key":"SMITH"},{"data":"Entrench","floor":32,"key":"SMITH"},{"floor":40,"key":"RECALL"},{"floor":42,"key":"REST"},{"floor":49,"key":"REST"},{"floor":52,"key":"REST"}],"neow_cost":"PERCENT_DAMAGE","seed_source_timestamp":108810825629786,"circlet_count":0,"master_deck":["Defend_R","Defend_R","Defend_R","Defend_R+1","Bash","Spot Weakness+1","Impervious+1","Entrench+1","Impervious+1","Body Slam+1","Limit Break+1","Entrench+1","Impervious+1","Impervious","Body Slam","Madness","Madness"],"relics":["Black Blood","Bag of Preparation","Oddly Smooth Stone","Calipers","Juzu Bracelet","Red Skull","Fusion Hammer","Membership Card","Lantern","Pen Nib","Potion Belt","Red Mask","Dodecahedron","Darkstone Periapt","Blood Vial","Anchor","Sundial"],"potions_floor_usage":[16,55,55,55],"damage_taken":[{"damage":6,"enemies":"Cultist","floor":1,"turns":3},{"damage":2,"enemies":"Small Slimes","floor":4,"turns":3},{"damage":4,"enemies":"2 Louse","floor":5,"turns":3},{"damage":33,"enemies":"3 Sentries","floor":8,"turns":7},{"damage":0,"enemies":"2 Fungi Beasts","floor":14,"turns":4},{"damage":17,"enemies":"The Guardian","floor":16,"turns":20},{"damage":0,"enemies":"Chosen","floor":18,"turns":9},{"damage":0,"enemies":"Shell Parasite","floor":20,"turns":3},{"damage":0,"enemies":"3 Cultists","floor":24,"turns":4},{"damage":3,"enemies":"Snecko","floor":25,"turns":4},{"damage":21,"enemies":"Book of Stabbing","floor":27,"turns":8},{"damage":0,"enemies":"Cultist and Chosen","floor":28,"turns":6},{"damage":0,"enemies":"Centurion and Healer","floor":31,"turns":4},{"damage":0,"enemies":"Collector","floor":33,"turns":8},{"damage":0,"enemies":"3 Darklings","floor":35,"turns":6},{"damage":0,"enemies":"3 Shapes","floor":36,"turns":5},{"damage":0,"enemies":"3 Darklings","floor":37,"turns":11},{"damage":0,"enemies":"Nemesis","floor":45,"turns":3},{"damage":0,"enemies":"Reptomancer","floor":48,"turns":3},{"damage":0,"enemies":"Donu and Deca","floor":50,"turns":3},{"damage":0,"enemies":"Shield and Spear","floor":54,"turns":5},{"damage":0,"enemies":"The Heart","floor":55,"turns":6}],"seed_played":"1522454139654446584","potions_obtained":[{"floor":4,"key":"Weak Potion"},{"floor":8,"key":"Weak Potion"},{"floor":16,"key":"Ancient Potion"},{"floor":18,"key":"Strength Potion"},{"floor":36,"key":"FearPotion"},{"floor":37,"key":"LiquidBronze"}],"is_trial":false,"path_per_floor":["M","T","?","M","M","R","$","E","T","R","$","R","?","M","R","B",null,"M","?","M","?","?","R","M","M","T","E","M","R","?","M","R","B",null,"M","M","M","$","?","R","?","R","T","?","E","T","?","E","R","B",null,"R","$","E","B",null],"character_chosen":"IRONCLAD","items_purchased":["Oddly Smooth Stone","Membership Card","Lantern","Anchor"],"campfire_rested":3,"item_purchase_floors":[7,38,38,53],"current_hp_per_floor":[72,72,72,76,78,78,78,51,51,51,51,51,44,50,50,39,96,96,96,96,96,96,96,96,96,96,85,95,95,95,96,96,96,96,96,96,96,96,96,96,84,96,96,96,96,96,96,96,96,96,96,96,96,96,96],"gold":34,"neow_bonus":"TWENTY_PERCENT_HP_BONUS","is_prod":false,"is_daily":false,"chose_seed":false,"campfire_upgraded":7,"win_rate":0,"timestamp":1547798539,"path_taken":["M","?","?","M","M","R","$","E","T","R","$","R","?","M","R","BOSS","M","?","M","?","?","R","M","M","T","E","M","R","?","M","R","BOSS","M","M","M","$","?","R","?","R","T","?","E","?","?","E","R","BOSS","R","$","E","BOSS"],"build_version":"2019-01-17","purchased_purges":2,"victory":true,"max_hp_per_floor":[96,96,96,96,96,96,96,96,96,96,96,96,96,96,96,96,96,96,96,96,96,96,96,96,96,96,96,96,96,96,96,96,96,96,96,96,96,96,96,96,96,96,96,96,96,96,96,96,96,96,96,96,96,96,96],"card_choices":[{"not_picked":["Anger","Flex","Body Slam"],"picked":"SKIP","floor":1},{"not_picked":["Bloodletting","Carnage","Clothesline"],"picked":"SKIP","floor":4},{"not_picked":["Rampage","Hemokinesis"],"picked":"Spot Weakness","floor":5},{"not_picked":["Twin Strike","Rage"],"picked":"Impervious","floor":8},{"not_picked":["Battle Trance","True Grit"],"picked":"Entrench","floor":14},{"not_picked":["Feed","Brutality"],"picked":"Impervious","floor":16},{"not_picked":["Anger","Headbutt"],"picked":"Body Slam","floor":18},{"not_picked":["Heavy Blade","Hemokinesis","Pommel Strike"],"picked":"SKIP","floor":20},{"not_picked":["Clothesline+1","Twin Strike"],"picked":"Limit Break","floor":24},{"not_picked":["Havoc+1","Clothesline"],"picked":"Entrench","floor":25},{"not_picked":["Havoc+1","Fire Breathing","Twin Strike+1"],"picked":"SKIP","floor":27},{"not_picked":["Headbutt+1","Flame Barrier+1","Uppercut"],"picked":"SKIP","floor":28},{"not_picked":["Headbutt+1","Flame Barrier+1","Uppercut"],"picked":"SKIP","floor":28},{"not_picked":["Cleave+1","Uppercut","Rampage"],"picked":"SKIP","floor":31},{"not_picked":["Double Tap","Dark Embrace"],"picked":"Impervious","floor":33},{"not_picked":["Flex+1","Pommel Strike+1","Clothesline+1"],"picked":"SKIP","floor":35},{"not_picked":["Iron Wave+1","Shrug It Off"],"picked":"Body Slam","floor":36},{"not_picked":["Perfected Strike+1","Thunderclap+1","Clothesline"],"picked":"SKIP","floor":37},{"not_picked":["Sentinel","Headbutt+1","Hemokinesis+1"],"picked":"SKIP","floor":45},{"not_picked":["Berserk","Cleave+1","Rupture+1"],"picked":"SKIP","floor":48},{"not_picked":["Heavy Blade","Thunderclap+1","Carnage"],"picked":"SKIP","floor":54}],"player_experience":462971,"relics_obtained":[{"floor":2,"key":"Bag of Preparation"},{"floor":8,"key":"Calipers"},{"floor":9,"key":"Juzu Bracelet"},{"floor":27,"key":"Red Skull"},{"floor":39,"key":"Pen Nib"},{"floor":43,"key":"Potion Belt"},{"floor":45,"key":"Dodecahedron"},{"floor":46,"key":"Darkstone Periapt"},{"floor":48,"key":"Blood Vial"},{"floor":54,"key":"Sundial"}],"event_choices":[{"damage_healed":0,"gold_gain":0,"cards_transformed":["Strike_R"],"player_choice":"Change","damage_taken":0,"max_hp_gain":0,"max_hp_loss":0,"event_name":"Living Wall","floor":3,"gold_loss":0,"cards_obtained":["Headbutt"]},{"cards_removed":["Strike_R"],"damage_healed":0,"gold_gain":0,"player_choice":"Card Removal","damage_taken":7,"max_hp_gain":0,"max_hp_loss":0,"event_name":"Golden Wing","floor":13,"gold_loss":0},{"cards_removed":["Strike_R"],"damage_healed":0,"gold_gain":0,"player_choice":"Gave Gold","damage_taken":0,"max_hp_gain":0,"max_hp_loss":0,"event_name":"Beggar","floor":19,"gold_loss":75},{"damage_healed":0,"gold_gain":0,"player_choice":"Upgraded","damage_taken":0,"max_hp_gain":0,"max_hp_loss":0,"event_name":"Upgrade Shrine","floor":21,"gold_loss":0,"cards_upgraded":["Body Slam"]},{"cards_removed":["Strike_R"],"damage_healed":0,"gold_gain":0,"player_choice":"Elegance","damage_taken":0,"max_hp_gain":0,"max_hp_loss":0,"event_name":"Back to Basics","floor":22,"gold_loss":0},{"damage_healed":0,"gold_gain":0,"player_choice":"Copied","damage_taken":0,"max_hp_gain":0,"max_hp_loss":0,"event_name":"Duplicator","floor":30,"gold_loss":0,"cards_obtained":["Impervious"]},{"damage_healed":0,"gold_gain":0,"player_choice":"Relic","damage_taken":0,"max_hp_gain":0,"max_hp_loss":0,"event_name":"Wheel of Change","floor":39,"gold_loss":0},{"damage_healed":0,"gold_gain":0,"player_choice":"Embrace Madness","damage_taken":12,"max_hp_gain":0,"max_hp_loss":0,"event_name":"Winding Halls","floor":41,"gold_loss":0,"cards_obtained":["Madness","Madness"]},{"damage_healed":0,"gold_gain":0,"player_choice":"Paid","damage_taken":0,"relics_obtained":["Red Mask"],"max_hp_gain":0,"max_hp_loss":0,"event_name":"Tomb of Lord Red Mask","floor":44,"gold_loss":61},{"damage_healed":0,"gold_gain":0,"player_choice":"Ignored","damage_taken":0,"max_hp_gain":0,"max_hp_loss":0,"event_name":"NoteForYourself","floor":47,"gold_loss":0}],"is_beta":false,"boss_relics":[{"not_picked":["Snecko Eye","Lizard Tail"],"picked":"Black Blood"},{"not_picked":["Runic Cube","Mark of Pain"],"picked":"Fusion Hammer"}],"items_purged_floors":[38,53],"is_endless":false,"potions_floor_spawned":[4,8,16,18,20,25,27,33,35,36,37],"ascension_level":0}