{"gold_per_floor":[113,413,423,437,454,454,55,74,74,74,90,117,117,132,132,263,301,325,350,273,32,32],"floor_reached":22,"playtime":1012,"items_purged":["Regret"],"score":226,"play_id":"d3572fbb-c2c2-47a3-a772-02ca2d8fcd7c","local_time":"20180714030536","is_ascension_mode":true,"campfire_choices":[{"data":"Bouncing Flask","floor":6,"key":"SMITH"},{"data":"Distraction","floor":10,"key":"SMITH"},{"floor":15,"key":"REST"}],"neow_cost":"","seed_source_timestamp":190896869504888,"circlet_count":0,"master_deck":["Defend_G+1","Defend_G","Defend_G","Defend_G","Defend_G","Strike_G","Strike_G","Strike_G","Strike_G","Strike_G","Survivor","Neutralize","Slice","Bouncing Flask+1","Deadly Poison","Bane","All Out Attack","Distraction+1","Bane","Catalyst","Backstab","Envenom","Bouncing Flask","Outmaneuver","Bouncing Flask","J.A.X."],"relics":["Ring of the Snake","Old Coin","Mercury Hourglass","Question Card","Bottled Flame","Golden Idol","Tiny House","Meat on the Bone"],"potions_floor_usage":[12,12,22,22,22],"damage_taken":[{"damage":1,"enemies":"Cultist","floor":1,"turns":4},{"damage":6,"enemies":"Jaw Worm","floor":3,"turns":5},{"damage":2,"enemies":"Small Slimes","floor":4,"turns":4},{"damage":14,"enemies":"2 Fungi Beasts","floor":5,"turns":4},{"damage":9,"enemies":"Red Slaver","floor":8,"turns":3},{"damage":0,"enemies":"Looter","floor":11,"turns":2},{"damage":10,"enemies":"Gremlin Nob","floor":12,"turns":3},{"damage":1,"enemies":"3 Louse","floor":14,"turns":3},{"damage":14,"enemies":"The Guardian","floor":16,"turns":8},{"damage":31,"enemies":"Shell Parasite","floor":18,"turns":4},{"damage":22,"enemies":"2 Thieves","floor":19,"turns":4},{"damage":24,"enemies":"Sentry and Sphere","floor":22,"turns":3}],"seed_played":"3088271894331113983","potions_obtained":[{"floor":3,"key":"Regen Potion"},{"floor":5,"key":"Poison Potion"},{"floor":14,"key":"Explosive Potion"},{"floor":17,"key":"Fire Potion"},{"floor":19,"key":"Poison Potion"}],"is_trial":false,"path_per_floor":["M","?","M","M","M","R","$","M","T","R","M","E","?","M","R","B",null,"M","M","?","$"],"character_chosen":"THE_SILENT","items_purchased":["Mercury Hourglass","All Out Attack","Meat on the Bone"],"campfire_rested":1,"item_purchase_floors":[7,7,21],"current_hp_per_floor":[69,69,63,61,47,47,47,38,38,38,38,37,20,19,40,26,75,44,22,22,22,0],"gold":32,"neow_bonus":"","is_prod":false,"is_daily":false,"chose_seed":false,"campfire_upgraded":2,"win_rate":0,"timestamp":1531503336,"path_taken":["M","?","M","M","M","R","$","M","T","R","M","E","?","?","R","BOSS","M","M","?","$","M"],"build_version":"2018-07-12","purchased_purges":1,"victory":false,"max_hp_per_floor":[70,70,70,70,70,70,70,70,70,70,70,70,70,70,70,70,75,75,75,75,75,75],"card_choices":[{"not_picked":["Dodge and Roll","Dagger Throw"],"picked":"Slice","floor":1},{"not_picked":["Dodge and Roll","Concentrate"],"picked":"Bouncing Flask","floor":3},{"not_picked":["Slice","Deflect"],"picked":"Deadly Poison","floor":4},{"not_picked":["Terror","Well Laid Plans"],"picked":"Bane","floor":5},{"not_picked":["Cloak And Dagger","Tools of the Trade"],"picked":"Distraction","floor":8},{"not_picked":["Outmaneuver","Leg Sweep","Skewer"],"picked":"Bane","floor":11},{"not_picked":["Phantasmal Killer","Reflex","Caltrops"],"picked":"Catalyst","floor":12},{"not_picked":["Dagger Throw","Backflip","Flying Knee"],"picked":"Backstab","floor":14},{"not_picked":["Die Die Die","Venomology","Tactician"],"picked":"Envenom","floor":16},{"not_picked":["Expertise","Prepared","Predator"],"picked":"Bouncing Flask","floor":17},{"not_picked":["Malaise","Sucker Punch","Expertise"],"picked":"Outmaneuver","floor":18},{"not_picked":["Cloak And Dagger","Endless Agony","Setup+1"],"picked":"Bouncing Flask","floor":19}],"player_experience":126345,"relics_obtained":[{"floor":9,"key":"Question Card"},{"floor":12,"key":"Bottled Flame"}],"event_choices":[{"event_name":"Big Fish","player_choice":"Box","floor":2,"damage_taken":0},{"event_name":"Golden Idol","player_choice":"Take Damage","floor":13,"damage_taken":0},{"event_name":"Drug Dealer","player_choice":"Got JAXXED","floor":20,"damage_taken":0}],"boss_relics":[{"not_picked":["Astrolabe","Velvet Choker"],"picked":"Tiny House"}],"items_purged_floors":[7],"is_endless":false,"potions_floor_spawned":[3,5,14,19],"killed_by":"Sentry and Sphere","ascension_level":4}