{"gold_per_floor":[99,99,99,99,99,99,99,99,99,99,99,99,99,99,99,99,99,99,99,99,99,24,24,24,24,24,24,24,24,24,24,24,24,24,24,24,24,24,24,24,24,24,24,24,24,24,24,0,0,0],"floor_reached":51,"playtime":3068,"items_purged":["Strike_B"],"score":1205,"play_id":"6b004d8d-a315-4f0e-99d2-97a44a7d3078","local_time":"20180809171325","is_ascension_mode":true,"campfire_choices":[{"floor":6,"key":"REST"},{"data":"Zap","floor":8,"key":"SMITH"},{"data":"Dualcast","floor":10,"key":"SMITH"},{"data":"Barrage","floor":15,"key":"SMITH"},{"floor":23,"key":"REST"},{"data":"FTL","floor":25,"key":"SMITH"},{"data":"Beam Cell","floor":27,"key":"SMITH"},{"data":"Glacier","floor":32,"key":"SMITH"},{"data":"Madness","floor":40,"key":"SMITH"},{"data":"Madness","floor":42,"key":"SMITH"},{"data":"Steam Power","floor":46,"key":"SMITH"},{"data":"Hologram","floor":49,"key":"SMITH"}],"neow_cost":"NONE","seed_source_timestamp":184036114468807,"circlet_count":0,"master_deck":["Strike_B","Strike_B","Strike_B","Defend_B","Defend_B+1","Defend_B","Defend_B","Zap+1","Dualcast+1","AscendersBane","Compile Driver","Go for the Eyes+1","FTL","Cold Snap","Glacier+1","Barrage+1","Leap","FTL+1","All For One","Steam+1","Go for the Eyes+1","Beam Cell+1","Leap","Madness+1","Madness+1","Steam Power+1","Steam","Hologram+1"],"relics":["Ectoplasm","Shuriken","Kunai","Lantern","Odd Mushroom","Eternal Feather","Bag of Preparation","War Paint","Busted Crown","Centennial Puzzle"],"potions_floor_usage":[7,13,16,18,24,33,38,41],"damage_taken":[{"damage":1,"enemies":"2 Louse","floor":1,"turns":3},{"damage":0,"enemies":"Small Slimes","floor":2,"turns":3},{"damage":13,"enemies":"Jaw Worm","floor":4,"turns":4},{"damage":12,"enemies":"3 Sentries","floor":7,"turns":6},{"damage":0,"enemies":"2 Fungi Beasts","floor":11,"turns":3},{"damage":9,"enemies":"Exordium Thugs","floor":12,"turns":4},{"damage":1,"floor":13,"turns":3},{"damage":0,"enemies":"Blue Slaver","floor":14,"turns":3},{"damage":14,"enemies":"Hexaghost","floor":16,"turns":9},{"damage":11,"enemies":"3 Byrds","floor":18,"turns":3},{"damage":0,"enemies":"Spheric Guardian","floor":20,"turns":4},{"damage":6,"enemies":"Cultist and Chosen","floor":21,"turns":8},{"damage":1,"enemies":"Book of Stabbing","floor":24,"turns":5},{"damage":0,"enemies":"Chosen and Byrds","floor":28,"turns":4},{"damage":11,"enemies":"Sentry and Sphere","floor":29,"turns":5},{"damage":0,"enemies":"Champ","floor":33,"turns":7},{"damage":6,"enemies":"3 Shapes","floor":35,"turns":7},{"damage":0,"enemies":"3 Darklings","floor":38,"turns":2},{"damage":0,"enemies":"4 Shapes","floor":41,"turns":12},{"damage":10,"enemies":"Sphere and 2 Shapes","floor":44,"turns":4},{"damage":7,"enemies":"3 Darklings","floor":45,"turns":4},{"damage":0,"enemies":"Transient","floor":47,"turns":5},{"damage":27,"enemies":"Awakened One","floor":50,"turns":10}],"seed_played":"3185913392511053165","potions_obtained":[{"floor":2,"key":"Fire Potion"},{"floor":12,"key":"Explosive Potion"},{"floor":14,"key":"Regen Potion"},{"floor":16,"key":"LiquidBronze"},{"floor":18,"key":"GamblersBrew"},{"floor":20,"key":"Block Potion"},{"floor":24,"key":"SmokeBomb"},{"floor":35,"key":"AttackPotion"}],"is_trial":false,"path_per_floor":["M","M","?","M","?","R","E","R","T","R","M","M","?","M","R","B",null,"M","?","M","M","$","R","E","R","T","R","M","M","$","?","R","B",null,"M","?","$","M","?","R","M","R","T","M","M","R","M","$","R","B"],"character_chosen":"DEFECT","items_purchased":["Hologram"],"campfire_rested":2,"item_purchase_floors":[48],"current_hp_per_floor":[63,63,56,43,43,64,52,52,52,52,52,43,42,42,42,43,64,53,53,53,47,47,71,70,71,71,71,71,60,60,60,71,71,71,65,65,65,65,56,71,71,71,71,61,54,69,69,69,71,44],"gold":0,"neow_bonus":"BOSS_RELIC","is_prod":false,"is_daily":false,"chose_seed":false,"campfire_upgraded":10,"win_rate":0,"timestamp":1533849205,"path_taken":["M","M","?","M","?","R","E","R","T","R","?","M","?","M","R","BOSS","M","?","M","M","$","R","E","R","T","R","?","M","$","?","R","BOSS","M","?","?","M","?","R","M","R","T","M","M","R","M","$","R","BOSS"],"build_version":"2018-08-02","purchased_purges":1,"victory":true,"max_hp_per_floor":[71,71,71,71,71,71,71,71,71,71,71,71,71,71,71,71,71,71,71,71,71,71,71,71,71,71,71,71,71,71,71,71,71,71,71,71,71,71,71,71,71,71,71,71,71,71,71,71,71,71],"card_choices":[{"not_picked":["Steam","Hello World"],"picked":"Compile Driver","floor":1},{"not_picked":["Hologram","Streamline"],"picked":"Go for the Eyes","floor":2},{"not_picked":["Force Field","Turbo"],"picked":"FTL","floor":4},{"not_picked":["Biased Cognition","Beam Cell"],"picked":"Cold Snap","floor":7},{"not_picked":["Turbo","Rip and Tear"],"picked":"Glacier","floor":11},{"not_picked":["Turbo","Self Repair"],"picked":"Barrage","floor":12},{"not_picked":["Barrage","Recycle"],"picked":"Leap","floor":13},{"not_picked":["Loop","Hologram"],"picked":"FTL","floor":14},{"not_picked":["Electrodynamics","Hyperbeam"],"picked":"All For One","floor":16},{"not_picked":["Auto Shields","Streamline"],"picked":"Steam","floor":18},{"not_picked":["Turbo+1","Steam Power"],"picked":"Go for the Eyes+1","floor":20},{"not_picked":["Conserve Battery","Leap"],"picked":"Beam Cell","floor":21},{"not_picked":["Skim","Redo"],"picked":"Leap","floor":24},{"not_picked":["Reprogram","Ball Lightning","Coolheaded"],"picked":"SKIP","floor":28},{"not_picked":["Steam","Compile Driver","Conserve Battery"],"picked":"SKIP","floor":29},{"not_picked":["Hello World"],"picked":"SKIP","floor":35},{"not_picked":["Turbo"],"picked":"SKIP","floor":41},{"not_picked":[],"picked":"Steam Power","floor":44},{"not_picked":["Ball Lightning"],"picked":"SKIP","floor":45},{"not_picked":[],"picked":"Steam","floor":47}],"player_experience":1467624,"relics_obtained":[{"floor":7,"key":"Kunai"},{"floor":9,"key":"Lantern"},{"floor":13,"key":"Odd Mushroom"},{"floor":24,"key":"Bag of Preparation"},{"floor":26,"key":"War Paint"},{"floor":43,"key":"Centennial Puzzle"}],"event_choices":[{"event_name":"Scrap Ooze","player_choice":"success","floor":3,"damage_taken":7},{"event_name":"The Woman in Blue","player_choice":"Bought 0 Potions","floor":5,"damage_taken":0},{"event_name":"Mushrooms","player_choice":"Fought Mushrooms","floor":13,"damage_taken":0},{"event_name":"Accursed Blacksmith","player_choice":"Forge","floor":19,"damage_taken":0},{"event_name":"Vampires","player_choice":"Ignored","floor":31,"damage_taken":0},{"event_name":"Mysterious Sphere","player_choice":"Ignore","floor":36,"damage_taken":0},{"event_name":"Winding Halls","player_choice":"Embrace Madness","floor":39,"damage_taken":0}],"is_beta":false,"boss_relics":[{"not_picked":["Snecko Eye","Nuclear Battery"],"picked":"Eternal Feather"},{"not_picked":["Fusion Hammer","Astrolabe"],"picked":"Busted Crown"}],"items_purged_floors":[22],"is_endless":false,"potions_floor_spawned":[2,12,14,16,18,20,24,35,38],"ascension_level":14}