{"gold_per_floor":[112,112,132,30,40,67,67,97,97,21,21,40,11,11,11,89,89,109,4,4,15,27,27,61,61,143,143,159,239,289,309,309,388,388,406,406,506,526,526],"floor_reached":39,"playtime":1801,"items_purged":[],"score":733,"play_id":"ec203a57-4646-4be6-a2cc-9dc2c02162d0","local_time":"20181217083310","is_ascension_mode":true,"campfire_choices":[{"floor":7,"key":"REST"},{"floor":15,"key":"REST"},{"floor":23,"key":"REST"},{"floor":25,"key":"REST"},{"floor":27,"key":"RECALL"},{"data":"Storm","floor":32,"key":"SMITH"}],"neow_cost":"NONE","seed_source_timestamp":110069761608589,"circlet_count":0,"master_deck":["AscendersBane","Defend_B","Defend_B","Defend_B","Zap","Dualcast","Melter","Coolheaded","Storm+1","Conserve Battery","Echo Form","Ball Lightning","Buffer","Storm","Defragment","Ball Lightning","FTL","Core Surge","Leap","Static Discharge","Conserve Battery","Sweeping Beam","Beam Cell","Glacier+1","Loop","Coolheaded","Electrodynamics+1","Reinforced Body","Hologram","Auto Shields","Loop+1"],"relics":["Runic Dome","Juzu Bracelet","Pantograph","Regal Pillow","Philosopher\u0027s Stone","Bottled Flame","Frozen Egg 2","Empty Cage","WingedGreaves"],"potions_floor_usage":[6,12,22,33],"damage_taken":[{"damage":18,"enemies":"Jaw Worm","floor":1,"turns":4},{"damage":0,"enemies":"2 Louse","floor":3,"turns":2},{"damage":0,"enemies":"Cultist","floor":5,"turns":4},{"damage":3,"enemies":"Lagavulin","floor":6,"turns":7},{"damage":24,"enemies":"3 Sentries","floor":8,"turns":7},{"damage":16,"enemies":"Lots of Slimes","floor":12,"turns":2},{"damage":26,"enemies":"The Guardian","floor":16,"turns":9},{"damage":34,"enemies":"Shell Parasite","floor":18,"turns":4},{"damage":12,"enemies":"3 Byrds","floor":21,"turns":3},{"damage":10,"enemies":"Snake Plant","floor":22,"turns":3},{"damage":46,"enemies":"Gremlin Leader","floor":24,"turns":6},{"damage":0,"enemies":"Snecko","floor":28,"turns":5},{"damage":20,"enemies":"Centurion and Healer","floor":31,"turns":6},{"damage":37,"enemies":"Champ","floor":33,"turns":11},{"damage":12,"enemies":"3 Darklings","floor":35,"turns":2},{"damage":39,"enemies":"Mind Bloom Boss Battle","floor":37,"turns":6},{"damage":27,"enemies":"3 Shapes","floor":38,"turns":3},{"damage":19,"enemies":"Spire Growth","floor":39,"turns":1}],"seed_played":"4701924280610506720","potions_obtained":[{"floor":3,"key":"Weak Potion"},{"floor":6,"key":"SpeedPotion"},{"floor":8,"key":"Explosive Potion"},{"floor":21,"key":"SkillPotion"},{"floor":22,"key":"SneckoOil"},{"floor":31,"key":"PowerPotion"},{"floor":35,"key":"Ancient Potion"}],"is_trial":false,"path_per_floor":["M","?","M","$","M","E","R","E","T","$","?","M","$","?","R","B",null,"M","$","?","M","M","R","E","R","T","R","M","T","?","M","R","B",null,"M","?","?","M","M"],"character_chosen":"DEFECT","items_purchased":["Storm","Conserve Battery","Storm","Ball Lightning","Static Discharge","Conserve Battery"],"campfire_rested":4,"item_purchase_floors":[4,4,10,13,19,19],"current_hp_per_floor":[46,39,39,39,39,36,57,33,33,33,33,17,17,17,53,45,65,31,31,71,59,49,71,25,61,61,61,61,61,61,41,41,29,61,49,49,32,5,0],"gold":526,"neow_bonus":"BOSS_RELIC","is_prod":false,"is_daily":false,"chose_seed":false,"campfire_upgraded":1,"win_rate":0,"timestamp":1545053590,"path_taken":["M","?","M","$","M","E","R","E","T","$","?","M","?","?","R","BOSS","M","?","?","M","M","R","E","R","T","R","M","?","?","M","R","BOSS","M","?","?","M","M"],"build_version":"2018-12-13","purchased_purges":0,"victory":false,"max_hp_per_floor":[71,71,71,71,71,71,71,71,71,71,71,71,71,71,71,71,71,71,71,71,71,71,71,71,71,71,71,71,71,71,71,71,71,71,71,71,71,71,71],"card_choices":[{"not_picked":["Go for the Eyes","Steam"],"picked":"Melter","floor":1},{"not_picked":["Self Repair","Consume"],"picked":"Coolheaded","floor":3},{"not_picked":["Sweeping Beam","Streamline"],"picked":"Echo Form","floor":5},{"not_picked":["Genetic Algorithm","Barrage"],"picked":"Ball Lightning","floor":6},{"not_picked":["Turbo","Echo Form"],"picked":"Buffer","floor":8},{"not_picked":["Hologram","Beam Cell"],"picked":"Defragment","floor":12},{"not_picked":["Meteor Strike","Seek"],"picked":"Core Surge","floor":16},{"not_picked":["White Noise","Compile Driver"],"picked":"Leap","floor":18},{"not_picked":["Compile Driver","Redo"],"picked":"Sweeping Beam","floor":21},{"not_picked":["Steam","Undo"],"picked":"Beam Cell","floor":22},{"not_picked":["Thunder Strike","Turbo+1"],"picked":"Glacier+1","floor":24},{"not_picked":["Stack","Beam Cell"],"picked":"Loop","floor":28},{"not_picked":["Blizzard+1","Redo"],"picked":"Coolheaded","floor":31},{"not_picked":["Seek","Rainbow"],"picked":"Electrodynamics+1","floor":33},{"not_picked":["Reprogram","Genetic Algorithm"],"picked":"Reinforced Body","floor":35},{"not_picked":["Turbo","Recycle+1"],"picked":"Auto Shields","floor":37},{"not_picked":["Auto Shields","Double Energy"],"picked":"Loop+1","floor":38}],"player_experience":1909550,"relics_obtained":[{"floor":6,"key":"Juzu Bracelet"},{"floor":8,"key":"Pantograph"},{"floor":9,"key":"Regal Pillow"},{"floor":24,"key":"Bottled Flame"},{"floor":29,"key":"Frozen Egg 2"},{"floor":37,"key":"WingedGreaves"}],"event_choices":[{"cards_removed":["Strike_B"],"damage_healed":0,"gold_gain":0,"player_choice":"Card Removal","damage_taken":7,"max_hp_gain":0,"max_hp_loss":0,"event_name":"Golden Wing","floor":2,"gold_loss":0},{"damage_healed":0,"gold_gain":0,"player_choice":"Ignored","damage_taken":0,"max_hp_gain":0,"max_hp_loss":0,"event_name":"Shining Light","floor":11,"gold_loss":0},{"damage_healed":0,"gold_gain":0,"cards_transformed":["Strike_B"],"player_choice":"Transformed","damage_taken":0,"max_hp_gain":0,"max_hp_loss":0,"event_name":"Transmorgrifier","floor":14,"gold_loss":0,"cards_obtained":["FTL"]},{"damage_healed":40,"gold_gain":0,"player_choice":"Full Heal","damage_taken":0,"max_hp_gain":0,"max_hp_loss":0,"event_name":"Wheel of Change","floor":20,"gold_loss":0},{"damage_healed":0,"gold_gain":50,"player_choice":"Stole From Cult","damage_taken":0,"max_hp_gain":0,"max_hp_loss":0,"event_name":"Nest","floor":30,"gold_loss":0},{"damage_healed":0,"gold_gain":0,"cards_transformed":["Defend_B"],"player_choice":"Transformed","damage_taken":0,"max_hp_gain":0,"max_hp_loss":0,"event_name":"Transmorgrifier","floor":36,"gold_loss":0,"cards_obtained":["Hologram"]},{"damage_healed":0,"gold_gain":0,"player_choice":"Fight","damage_taken":0,"max_hp_gain":0,"max_hp_loss":0,"event_name":"MindBloom","floor":37,"gold_loss":0}],"is_beta":false,"boss_relics":[{"not_picked":["Lizard Tail","Snecko Eye"],"picked":"Philosopher\u0027s Stone"},{"not_picked":["Coffee Dripper","Busted Crown"],"picked":"Empty Cage"}],"items_purged_floors":[],"is_endless":false,"potions_floor_spawned":[3,6,8,21,22,31,35],"killed_by":"Spire Growth","ascension_level":16}