{"gold_per_floor":[364,378,528,24,42,42,62,117,143,143,169,187,187,61,61,135,135,146,146,164,77,96,96,60,60,60,74,85,101,25,37,37,108,108,123,33,0,0,100,100,117,117,117,117,117,130,141,141],"floor_reached":48,"playtime":1776,"items_purged":["Doubt","Strike_B"],"score":867,"play_id":"439f58ca-2e38-4d4c-9a0a-409f618d4750","local_time":"20190131214820","is_ascension_mode":true,"campfire_choices":[{"data":"Storm","floor":6.0,"key":"SMITH"},{"floor":10.0,"key":"REST"},{"floor":13.0,"key":"REST"},{"data":"Defragment","floor":15.0,"key":"SMITH"},{"floor":23,"key":"REST"},{"floor":25,"key":"REST"},{"floor":32,"key":"REST"},{"data":"Defragment","floor":40,"key":"SMITH"},{"data":"Storm","floor":42,"key":"SMITH"},{"data":"Heatsinks","floor":44,"key":"SMITH"}],"neow_cost":"TEN_PERCENT_HP_LOSS","seed_source_timestamp":637361974126589,"circlet_count":0,"master_deck":["AscendersBane","Strike_B","Strike_B","Strike_B","Defend_B","Defend_B","Defend_B","Defend_B","Zap","Dualcast","Defragment+1","Reinforced Body","Storm+1","Panache","Capacitor","Leap","Barrage","Cold Snap","Go for the Eyes","FTL","Go for the Eyes","Electrodynamics","Steam","Biased Cognition","Leap","Loop","Heatsinks+1","White Noise","FTL","Self Repair","Coolheaded","Auto Shields+1","Storm+1","BootSequence","Coolheaded","Static Discharge","Capacitor","Static Discharge","Conserve Battery","Machine Learning","Self Repair+1","Defragment+1","Finesse","BootSequence","Loop"],"special_seed":0,"relics":["Cracked Core","Anchor","Tiny Chest","Dream Catcher","Bronze Scales","Orrery","Potion Belt","Question Card","Eternal Feather","Red Mask","Emotion Chip","Blue Candle"],"potions_floor_usage":[16,29,33,47],"damage_taken":[{"damage":9.0,"enemies":"Jaw Worm","floor":1.0,"turns":3.0},{"damage":1.0,"enemies":"Cultist","floor":2.0,"turns":3.0},{"damage":2.0,"enemies":"2 Louse","floor":5.0,"turns":3.0},{"damage":0.0,"enemies":"Large Slime","floor":7.0,"turns":4.0},{"damage":34.0,"enemies":"3 Sentries","floor":8.0,"turns":7.0},{"damage":11.0,"enemies":"Exordium Wildlife","floor":12.0,"turns":4.0},{"damage":42,"enemies":"The Guardian","floor":16,"turns":7},{"damage":8,"enemies":"Shell Parasite","floor":18,"turns":4},{"damage":16,"enemies":"Spheric Guardian","floor":20,"turns":4},{"damage":11,"enemies":"Snecko","floor":22,"turns":3},{"damage":17,"enemies":"Snake Plant","floor":27,"turns":3},{"damage":0,"enemies":"Centurion and Healer","floor":28,"turns":3},{"damage":27,"enemies":"Snecko","floor":29,"turns":4},{"damage":13,"enemies":"Cultist and Chosen","floor":31,"turns":4},{"damage":5,"enemies":"Champ","floor":33,"turns":7},{"damage":6,"enemies":"Orb Walker","floor":35,"turns":3},{"damage":24,"enemies":"Mind Bloom Boss Battle","floor":39,"turns":5},{"damage":31,"enemies":"3 Darklings","floor":41,"turns":4},{"damage":25,"enemies":"Jaw Worm Horde","floor":46,"turns":4},{"damage":19,"enemies":"Sphere and 2 Shapes","floor":47,"turns":3},{"damage":37,"enemies":"3 Darklings","floor":48,"turns":3}],"seed_played":"-2394156876080589931","potions_obtained":[{"floor":1.0,"key":"PowerPotion"},{"floor":2.0,"key":"SpeedPotion"},{"floor":16,"key":"SkillPotion"},{"floor":18,"key":"PowerPotion"},{"floor":28,"key":"AttackPotion"},{"floor":39,"key":"FocusPotion"},{"floor":46,"key":"Ancient Potion"},{"floor":47,"key":"Dexterity Potion"}],"is_trial":false,"path_per_floor":["M","M","?","$","M","R","M","E","T","R","T","M","R","$","R","B",null,"M","T","M","$","M","R","$","R","T","M","M","M","$","M","R","B",null,"M","$","?","?","?","R","M","R","T","R","?","M","M","M"],"character_chosen":"DEFECT","items_purchased":["Anchor","Storm","Panache","Go for the Eyes","Self Repair","Storm","Capacitor","Defragment"],"campfire_rested":5,"item_purchase_floors":[4,4,4,14,21,24,30,36],"current_hp_per_floor":[55,54,54,54,52,52,52,18,18,37,37,26,45,45,45,3,49,41,41,25,25,14,33,33,52,52,42,49,22,22,16,35,44,59,53,53,53,53,46,64,40,64,64,64,64,46,37,0],"gold":141,"neow_bonus":"TWO_FIFTY_GOLD","is_prod":false,"is_daily":false,"chose_seed":false,"campfire_upgraded":5,"win_rate":0,"timestamp":1548989300,"path_taken":["M","M","?","$","M","R","M","E","T","R","?","?","R","$","R","BOSS","M","?","?","$","M","R","$","R","T","M","M","M","?","?","R","BOSS","M","$","?","?","?","R","M","R","T","R","?","M","M","?"],"build_version":"2019-01-23","purchased_purges":2,"victory":false,"max_hp_per_floor":[64,64,64,64,64,64,64,64,64,64,64,64,64,64,64,64,64,64,64,64,64,64,64,64,64,64,64,64,64,64,64,64,64,64,64,64,64,64,64,64,64,64,64,64,64,64,64,64],"card_choices":[{"not_picked":["Auto Shields","Hello World"],"picked":"Defragment","floor":1.0},{"not_picked":["Doom and Gloom","Hologram"],"picked":"Reinforced Body","floor":2.0},{"not_picked":["Rip and Tear","Doom and Gloom"],"picked":"Capacitor","floor":5.0},{"not_picked":["Aggregate","Beam Cell"],"picked":"Leap","floor":7.0},{"not_picked":["Double Energy","Biased Cognition"],"picked":"Barrage","floor":8.0},{"not_picked":["Compile Driver","Beam Cell"],"picked":"Cold Snap","floor":10.0},{"not_picked":["Rebound","Gash"],"picked":"Go for the Eyes","floor":12.0},{"not_picked":["Leap","Consume"],"picked":"FTL","floor":13.0},{"not_picked":["Machine Learning","All For One"],"picked":"Electrodynamics","floor":16},{"not_picked":["FTL","Gash"],"picked":"Steam","floor":17},{"not_picked":["Streamline","Go for the Eyes"],"picked":"Biased Cognition","floor":17},{"not_picked":["Redo","Heatsinks"],"picked":"Leap","floor":17},{"not_picked":["Redo","Hologram"],"picked":"Loop","floor":17},{"not_picked":["Conserve Battery","Hologram"],"picked":"Heatsinks","floor":17},{"not_picked":["Go for the Eyes","Leap"],"picked":"White Noise","floor":18},{"not_picked":["Redo","Compile Driver"],"picked":"FTL","floor":20},{"not_picked":["Sweeping Beam","Turbo"],"picked":"Coolheaded","floor":22},{"not_picked":["Storm","Turbo"],"picked":"Auto Shields+1","floor":23},{"not_picked":["Lockon","Conserve Battery","Machine Learning"],"picked":"BootSequence","floor":27},{"not_picked":["Sweeping Beam","Compile Driver","Steam+1"],"picked":"Coolheaded","floor":28},{"not_picked":["Genetic Algorithm","Blizzard","Chaos"],"picked":"Static Discharge","floor":29},{"not_picked":["Compile Driver+1","Tempest","Recycle+1"],"picked":"Static Discharge","floor":31},{"not_picked":["Darkness","Ball Lightning","Turbo+1"],"picked":"Conserve Battery","floor":32},{"not_picked":["Rainbow","Multi-Cast","Core Surge"],"picked":"Machine Learning","floor":33},{"not_picked":["Leap","Steam","Rebound"],"picked":"Self Repair+1","floor":35},{"not_picked":["Good Instincts","Deep Breath","Panacea"],"picked":"Finesse","floor":38},{"not_picked":["Conserve Battery","Leap","Scrape+1"],"picked":"BootSequence","floor":39},{"not_picked":["Streamline","Amplify","Melter"],"picked":"Loop","floor":41},{"not_picked":["Stack","Turbo","Conserve Battery","Sweeping Beam"],"picked":"SKIP","floor":46},{"not_picked":["Cold Snap","Ball Lightning+1","Beam Cell","Compile Driver"],"picked":"SKIP","floor":47}],"player_experience":2259713,"relics_obtained":[{"floor":8.0,"key":"Tiny Chest"},{"floor":9.0,"key":"Dream Catcher"},{"floor":11.0,"key":"Bronze Scales"},{"floor":19,"key":"Potion Belt"},{"floor":26,"key":"Question Card"},{"floor":39,"key":"Emotion Chip"},{"floor":43,"key":"Blue Candle"}],"event_choices":[{"damage_healed":0.0,"max_hp_gain":0.0,"max_hp_loss":0.0,"gold_gain":150.0,"event_name":"Liars Game","player_choice":"AGREE","floor":3.0,"gold_loss":0.0,"damage_taken":0.0,"cards_obtained":["Doubt"]},{"damage_healed":0,"gold_gain":0,"player_choice":"Paid","damage_taken":0,"relics_obtained":["Red Mask"],"max_hp_gain":0,"max_hp_loss":0,"event_name":"Tomb of Lord Red Mask","floor":37,"gold_loss":33},{"damage_healed":0,"gold_gain":0,"player_choice":"Memory 1","damage_taken":0,"max_hp_gain":0,"max_hp_loss":0,"event_name":"SensoryStone","floor":38,"gold_loss":0},{"damage_healed":0,"gold_gain":0,"player_choice":"Fight","damage_taken":0,"max_hp_gain":0,"max_hp_loss":0,"event_name":"MindBloom","floor":39,"gold_loss":0},{"damage_healed":0,"gold_gain":0,"player_choice":"Ignored","damage_taken":0,"max_hp_gain":0,"max_hp_loss":0,"event_name":"Mysterious Sphere","floor":45,"gold_loss":0}],"is_beta":false,"boss_relics":[{"not_picked":["Ectoplasm","Snecko Eye"],"picked":"Orrery"},{"not_picked":["Tiny House","Pandora\u0027s Box"],"picked":"Eternal Feather"}],"items_purged_floors":[4,14],"is_endless":false,"potions_floor_spawned":[1,2,16,18,28,39,46,47],"killed_by":"3 Darklings","ascension_level":19}