{"gold_per_floor":[114,114,124,21,21,36,49,49,49,69,69,20,20,34,34,111,111,126,126,146,161,84,118,131,131,131,62,62,62,78,91,91,91],"floor_reached":33,"playtime":3132,"items_purged":[],"score":482,"play_id":"7f8cfba6-9ac6-4304-8112-25f6faed6bde","local_time":"20190206202113","is_ascension_mode":true,"campfire_choices":[{"data":"Noxious Fumes","floor":8.0,"key":"SMITH"},{"data":"Neutralize","floor":11.0,"key":"SMITH"},{"data":"Dodge and Roll","floor":15.0,"key":"SMITH"},{"data":"After Image","floor":29,"key":"SMITH"},{"data":"Survivor","floor":32,"key":"SMITH"}],"neow_cost":"NONE","seed_source_timestamp":278530343797029,"circlet_count":0,"master_deck":["AscendersBane","Survivor+1","Neutralize+1","Dagger Spray","Dodge and Roll+1","Noxious Fumes+1","Calculated Gamble","Sucker Punch","Calculated Gamble","Quick Slash","Cloak And Dagger+1","Deflect+1","Venomology+1","Skewer","Tactician+1","Dagger Throw","Acrobatics+1","Blur+1","Blade Dance+1","Storm of Steel+1","Dodge and Roll+1","Calculated Gamble+1","Poisoned Stab","After Image+1","Calculated Gamble+1","Dodge and Roll+1","Bane","Riddle With Holes","Deflect+1","Leg Sweep+1","Decay","Backflip+1"],"special_seed":0,"relics":["Coffee Dripper","Toxic Egg 2","Nloth\u0027s Gift","Art of War","Oddly Smooth Stone"],"potions_floor_usage":[21,23,23,24,30,31,33],"damage_taken":[{"damage":0.0,"enemies":"2 Louse","floor":1.0,"turns":3.0},{"damage":2.0,"enemies":"Cultist","floor":3.0,"turns":4.0},{"damage":0.0,"enemies":"Jaw Worm","floor":5.0,"turns":1.0},{"damage":11.0,"enemies":"Lots of Slimes","floor":6.0,"turns":4.0},{"damage":13.0,"enemies":"Large Slime","floor":7.0,"turns":7.0},{"damage":8.0,"enemies":"Exordium Wildlife","floor":10.0,"turns":6.0},{"damage":13.0,"enemies":"Exordium Thugs","floor":14.0,"turns":5.0},{"damage":2.0,"enemies":"Hexaghost","floor":16.0,"turns":12.0},{"damage":10.0,"enemies":"Spheric Guardian","floor":18.0,"turns":6.0},{"damage":5.0,"enemies":"Shell Parasite","floor":20.0,"turns":6.0},{"damage":0,"enemies":"Cultist and Chosen","floor":21,"turns":7},{"damage":8,"enemies":"Book of Stabbing","floor":23,"turns":7},{"damage":10,"enemies":"Sentry and Sphere","floor":24,"turns":6},{"damage":2,"enemies":"Snecko","floor":30,"turns":5},{"damage":6,"enemies":"Centurion and Healer","floor":31,"turns":8},{"damage":29,"enemies":"Automaton","floor":33,"turns":14}],"seed_played":"5296606061756134441","potions_obtained":[{"floor":1.0,"key":"SmokeBomb"},{"floor":6.0,"key":"FearPotion"},{"floor":10.0,"key":"SpeedPotion"},{"floor":14.0,"key":"SkillPotion"},{"floor":21,"key":"EssenceOfSteel"},{"floor":30,"key":"Regen Potion"}],"is_trial":false,"path_per_floor":["M","?","M","$","M","M","M","R","T","M","R","$","?","M","R","B",null,"M","?","M","M","$","E","M","?","T","$","?","R","M","M","R","B"],"character_chosen":"THE_SILENT","items_purchased":["Noxious Fumes","Calculated Gamble","Cloak And Dagger+1","Dodge and Roll+1","Bane","Leg Sweep+1"],"campfire_rested":0,"item_purchase_floors":[4,4,12,22,22,27],"current_hp_per_floor":[59,59,57,57,57,46,33,33,33,25,25,25,25,12,12,10,52,42,42,37,37,37,29,19,19,19,19,19,19,17,26,26,0],"gold":91,"neow_bonus":"BOSS_RELIC","is_prod":false,"is_daily":false,"chose_seed":false,"campfire_upgraded":5,"win_rate":0,"timestamp":1549502473,"path_taken":["M","?","M","$","M","M","M","R","T","M","R","$","?","?","R","BOSS","M","?","?","M","$","E","M","?","T","$","?","R","?","M","R","BOSS"],"build_version":"2019-01-23","purchased_purges":0,"victory":false,"max_hp_per_floor":[66,66,66,66,66,66,66,66,66,66,66,66,66,66,66,66,66,66,66,66,66,66,66,66,66,66,66,66,66,66,66,66,66],"card_choices":[{"not_picked":["Skewer","Slice"],"picked":"Dagger Spray","floor":1.0},{"not_picked":["Endless Agony","Underhanded Strike"],"picked":"Dodge and Roll","floor":3.0},{"not_picked":["Riddle With Holes","Underhanded Strike"],"picked":"Sucker Punch","floor":6.0},{"not_picked":["Bane","Infinite Blades"],"picked":"Calculated Gamble","floor":7.0},{"not_picked":["Slice","Infinite Blades"],"picked":"Quick Slash","floor":10.0},{"not_picked":["Setup+1","Dagger Throw"],"picked":"Deflect+1","floor":14.0},{"not_picked":["Night Terror+1","Wraith Form v2"],"picked":"Venomology+1","floor":16.0},{"not_picked":["Sucker Punch","Outmaneuver+1"],"picked":"Poisoned Stab","floor":18.0},{"not_picked":["Flying Knee","Choke"],"picked":"After Image","floor":20.0},{"not_picked":["Crippling Poison+1","Riddle With Holes"],"picked":"Calculated Gamble+1","floor":21},{"not_picked":["Malaise+1","Accuracy"],"picked":"Riddle With Holes","floor":23},{"not_picked":["Blade Dance+1","Eviscerate"],"picked":"Deflect+1","floor":24},{"not_picked":["Choke","Underhanded Strike"],"picked":"Backflip+1","floor":30},{"not_picked":["Outmaneuver+1","Slice","Skewer"],"picked":"SKIP","floor":31}],"player_experience":2327809,"relics_obtained":[{"floor":9.0,"key":"Toxic Egg 2"},{"floor":23,"key":"Art of War"},{"floor":26,"key":"Oddly Smooth Stone"}],"event_choices":[{"damage_healed":0.0,"max_hp_gain":0.0,"max_hp_loss":0.0,"gold_gain":0.0,"event_name":"Shining Light","player_choice":"Ignored","floor":2.0,"gold_loss":0.0,"damage_taken":0.0},{"cards_removed":["Strike_G"],"damage_healed":0.0,"max_hp_gain":0.0,"max_hp_loss":0.0,"gold_gain":0.0,"event_name":"Wheel of Change","player_choice":"Card Removal","floor":13.0,"gold_loss":0.0,"damage_taken":0.0},{"damage_healed":0.0,"max_hp_gain":0.0,"max_hp_loss":0.0,"gold_gain":0.0,"event_name":"N\u0027loth","player_choice":"Traded Relic","floor":19.0,"relics_lost":["Pandora\u0027s Box"],"gold_loss":0.0,"damage_taken":0.0,"relics_obtained":["Nloth\u0027s Gift"]},{"damage_healed":0,"gold_gain":0,"player_choice":"Ignored","damage_taken":0,"max_hp_gain":0,"max_hp_loss":0,"event_name":"Ghosts","floor":25,"gold_loss":0},{"damage_healed":0,"gold_gain":0,"player_choice":"Smashed Altar","damage_taken":0,"max_hp_gain":0,"max_hp_loss":0,"event_name":"Forgotten Altar","floor":28,"gold_loss":0,"cards_obtained":["Decay"]}],"is_beta":false,"boss_relics":[{"not_picked":["Astrolabe","WristBlade"],"picked":"Pandora\u0027s Box"}],"items_purged_floors":[],"is_endless":false,"potions_floor_spawned":[1,5,6,10,14,20,21,30],"killed_by":"Automaton","ascension_level":15}