{"gold_per_floor":[109,184,184,56,75,75,90,109,134,134,134,146,146,156,156,252,252,267,59,59,59,75,75,6,20,20,31,60,76,104,115,115,212,212,223,223,233,248,248],"floor_reached":39,"playtime":1325,"items_purged":["Strike_B"],"score":415,"play_id":"7ccd5c5f-5138-491a-a26a-058ab0ff5746","local_time":"20190214174100","is_ascension_mode":false,"campfire_choices":[{"data":"Zap","floor":6,"key":"SMITH"},{"data":"Hologram","floor":10,"key":"SMITH"},{"data":"Dualcast","floor":13,"key":"SMITH"},{"data":"Tempest","floor":15,"key":"SMITH"},{"data":"Rainbow","floor":23,"key":"SMITH"},{"floor":32,"key":"REST"}],"neow_cost":"TEN_PERCENT_HP_LOSS","seed_source_timestamp":16406792791463,"circlet_count":0,"master_deck":["Strike_B","Strike_B","Strike_B","Defend_B","Defend_B","Defend_B","Defend_B","Zap+1","Dualcast+1","Echo Form","Core Surge","Chaos","Dramatic Entrance","Leap","Conserve Battery","Biased Cognition","Hologram+1","Auto Shields","Tempest+1","Rainbow+1","Conserve Battery","Writhe","Pain","Capacitor","Capacitor","Defragment","Capacitor+1","Fission","Hologram+1","Parasite"],"special_seed":0,"relics":["Cracked Core","Orichalcum","Busted Crown","Strange Spoon","Art of War","WarpedTongs","Blue Candle","Regal Pillow","Bag of Marbles","Sozu"],"potions_floor_usage":[12,25,28,28,29,30,30,35],"damage_taken":[{"damage":0.0,"enemies":"Small Slimes","floor":1.0,"turns":4.0},{"damage":0.0,"enemies":"2 Louse","floor":5.0,"turns":3.0},{"damage":0,"enemies":"Cultist","floor":7,"turns":3},{"damage":0,"enemies":"3 Louse","floor":8,"turns":2},{"damage":0,"enemies":"Lots of Slimes","floor":12,"turns":2},{"damage":0,"enemies":"Blue Slaver","floor":14,"turns":3},{"damage":3,"enemies":"Hexaghost","floor":16,"turns":7},{"damage":2,"enemies":"Spheric Guardian","floor":18,"turns":4},{"damage":2,"enemies":"Chosen","floor":22,"turns":4},{"damage":7,"enemies":"3 Cultists","floor":25,"turns":5},{"damage":9,"enemies":"Centurion and Healer","floor":27,"turns":5},{"damage":10,"enemies":"Book of Stabbing","floor":28,"turns":5},{"damage":7,"enemies":"Sentry and Sphere","floor":29,"turns":5},{"damage":18,"enemies":"Gremlin Leader","floor":30,"turns":6},{"damage":6,"enemies":"Snecko","floor":31,"turns":5},{"damage":52,"enemies":"Collector","floor":33,"turns":12},{"damage":18,"enemies":"3 Darklings","floor":35,"turns":6},{"damage":3,"enemies":"Orb Walker","floor":37,"turns":3},{"damage":10,"enemies":"Writhing Mass","floor":38,"turns":5},{"damage":53,"enemies":"Transient","floor":39,"turns":4}],"seed_played":"565862045025693470","potions_obtained":[{"floor":5.0,"key":"Regen Potion"},{"floor":11,"key":"Fire Potion"},{"floor":11,"key":"GamblersBrew"},{"floor":12,"key":"Weak Potion"},{"floor":25,"key":"LiquidBronze"},{"floor":28,"key":"Block Potion"},{"floor":29,"key":"Poison Potion"},{"floor":33,"key":"GamblersBrew"}],"is_trial":false,"path_per_floor":["M","?","?","$","M","R","M","M","T","R","?","M","R","M","R","B",null,"M","$","?","?","M","R","$","M","T","M","E","M","E","M","R","B",null,"M","?","M","M","M"],"character_chosen":"DEFECT","items_purchased":["Leap","Strange Spoon","Capacitor"],"campfire_rested":1,"item_purchase_floors":[4,19,24],"current_hp_per_floor":[68,57,57,57,57,57,57,57,57,57,57,57,57,57,57,54,68,66,66,66,66,64,64,64,57,57,48,38,31,28,22,57,5,68,50,44,41,31,0],"gold":248,"neow_bonus":"THREE_RARE_CARDS","is_prod":false,"is_daily":false,"chose_seed":false,"campfire_upgraded":5,"win_rate":0,"timestamp":1550187660,"path_taken":["M","?","?","$","M","R","?","M","T","R","?","M","R","?","R","BOSS","M","$","?","?","M","R","$","M","T","M","E","M","E","?","R","BOSS","M","?","M","?","M"],"build_version":"2019-01-23","purchased_purges":1,"victory":false,"max_hp_per_floor":[68,68,68,68,68,68,68,68,68,68,68,68,68,68,68,68,68,68,68,68,68,68,68,68,68,68,68,68,68,68,68,68,68,68,68,68,68,68,68],"card_choices":[{"not_picked":["Core Surge","Meteor Strike"],"picked":"Echo Form","floor":0.0},{"not_picked":["Turbo","Aggregate","Loop"],"picked":"SKIP","floor":1.0},{"not_picked":["Recycle","Redo"],"picked":"Conserve Battery","floor":5.0},{"not_picked":["Redo","Gash"],"picked":"Biased Cognition","floor":7},{"not_picked":["Scrape","Streamline"],"picked":"Hologram","floor":8},{"not_picked":["Barrage","Hologram"],"picked":"Auto Shields","floor":12},{"not_picked":["Cold Snap","Gash"],"picked":"Tempest","floor":14},{"not_picked":["Meteor Strike","Buffer"],"picked":"Rainbow","floor":16},{"not_picked":[],"picked":"Conserve Battery","floor":18},{"not_picked":["Stack"],"picked":"SKIP","floor":22},{"not_picked":[],"picked":"Capacitor","floor":25},{"not_picked":["Redo"],"picked":"SKIP","floor":27},{"not_picked":[],"picked":"Defragment","floor":28},{"not_picked":[],"picked":"Capacitor+1","floor":29},{"not_picked":["Hyperbeam"],"picked":"SKIP","floor":30},{"not_picked":["Sweeping Beam"],"picked":"SKIP","floor":31},{"not_picked":[],"picked":"Fission","floor":33},{"not_picked":[],"picked":"Hologram+1","floor":35},{"not_picked":["Force Field"],"picked":"SKIP","floor":37},{"not_picked":["Gash+1"],"picked":"SKIP","floor":38}],"player_experience":803639,"relics_obtained":[{"floor":9,"key":"Orichalcum"},{"floor":26,"key":"Blue Candle"},{"floor":28,"key":"Regal Pillow"},{"floor":30,"key":"Bag of Marbles"}],"event_choices":[{"damage_healed":0.0,"max_hp_gain":0.0,"max_hp_loss":0.0,"gold_gain":75.0,"event_name":"World of Goop","player_choice":"Gather Gold","floor":2.0,"gold_loss":0.0,"damage_taken":11.0},{"damage_healed":0.0,"max_hp_gain":0.0,"max_hp_loss":0.0,"gold_gain":0.0,"event_name":"Match and Keep!","player_choice":"3 cards matched","floor":3.0,"gold_loss":0.0,"damage_taken":0.0,"cards_obtained":["Core Surge","Chaos","Dramatic Entrance"]},{"damage_healed":0,"gold_gain":0,"player_choice":"Got Potions","damage_taken":0,"max_hp_gain":0,"max_hp_loss":0,"event_name":"Lab","floor":11,"gold_loss":0},{"damage_healed":0,"gold_gain":0,"player_choice":"Opened","damage_taken":0,"relics_obtained":["Art of War"],"max_hp_gain":0,"max_hp_loss":0,"event_name":"The Mausoleum","floor":20,"gold_loss":0,"cards_obtained":["Writhe"]},{"damage_healed":0,"gold_gain":0,"player_choice":"Rummage","damage_taken":0,"relics_obtained":["WarpedTongs"],"max_hp_gain":0,"max_hp_loss":0,"event_name":"Accursed Blacksmith","floor":21,"gold_loss":0,"cards_obtained":["Pain"]},{"damage_healed":0,"gold_gain":0,"player_choice":"Damaged","damage_taken":6,"max_hp_gain":0,"max_hp_loss":0,"event_name":"Wheel of Change","floor":36,"gold_loss":0}],"is_beta":false,"boss_relics":[{"not_picked":["Calling Bell","Eternal Feather"],"picked":"Busted Crown"},{"not_picked":["Empty Cage","Pandora\u0027s Box"],"picked":"Sozu"}],"items_purged_floors":[4],"is_endless":false,"potions_floor_spawned":[5,12,16,25,27,28,29,33,35,37],"killed_by":"Transient","ascension_level":0}