{"gold_per_floor":[117,117,132,132,146,146,160,172,196,196,276,296,296,371,371,476,476,494,505,505,505],"floor_reached":21,"playtime":1195,"items_purged":[],"score":274,"play_id":"99f363b1-f45b-47aa-8e9c-0c83f5738839","local_time":"20180720173053","is_ascension_mode":true,"campfire_choices":[{"data":"Zap","floor":6,"key":"SMITH"},{"data":"Capacitor","floor":13,"key":"SMITH"},{"floor":15,"key":"REST"}],"neow_cost":"NONE","seed_source_timestamp":585490402838339,"circlet_count":0,"master_deck":["Strike_B","Strike_B","Defend_B","Defend_B","Defend_B","Defend_B+1","Zap+1","Dualcast+1","AscendersBane","Self Repair","Conserve Battery","Blizzard","Sunder","Capacitor+1","Coolheaded+1","Buffer","Redo+1"],"relics":["Cracked Core","Omamori","Oddly Smooth Stone","War Paint","Toxic Egg 2","Empty Cage"],"potions_floor_usage":[16,16,19],"damage_taken":[{"damage":8,"enemies":"2 Louse","floor":1,"turns":3},{"damage":10,"enemies":"Small Slimes","floor":3,"turns":2},{"damage":8,"enemies":"Jaw Worm","floor":5,"turns":4},{"damage":30,"enemies":"Lots of Slimes","floor":7,"turns":4},{"damage":6,"enemies":"Large Slime","floor":8,"turns":5},{"damage":8,"enemies":"3 Louse","floor":12,"turns":3},{"damage":53,"enemies":"The Guardian","floor":16,"turns":14},{"damage":31,"enemies":"Shell Parasite","floor":18,"turns":9},{"damage":15,"enemies":"3 Byrds","floor":19,"turns":6},{"damage":29,"enemies":"Snake Plant","floor":21,"turns":5}],"seed_played":"-7309850144984565976","potions_obtained":[{"floor":1,"key":"SteroidPotion"},{"floor":3,"key":"FearPotion"},{"floor":16,"key":"Swift Potion"},{"floor":18,"key":"Weak Potion"}],"is_trial":false,"path_per_floor":["M","?","M","?","M","R","M","M","T","?","T","M","R","?","R","B",null,"M","M","?"],"character_chosen":"DEFECT","items_purchased":[],"campfire_rested":1,"item_purchase_floors":[],"current_hp_per_floor":[60,60,57,50,49,49,26,27,27,52,52,51,51,40,62,16,60,36,28,28,0],"gold":505,"neow_bonus":"RANDOM_COMMON_RELIC","is_prod":false,"is_daily":false,"chose_seed":false,"campfire_upgraded":2,"win_rate":0,"timestamp":1532122253,"path_taken":["M","?","M","?","M","R","M","M","T","?","?","M","R","?","R","BOSS","M","M","?","M"],"build_version":"2018-07-19v2","purchased_purges":0,"victory":false,"max_hp_per_floor":[75,75,75,75,75,75,75,75,75,75,75,75,75,75,75,75,75,75,75,75,75],"card_choices":[{"not_picked":["Sunder","BootSequence"],"picked":"Self Repair","floor":1},{"not_picked":["Static Discharge","Beam Cell"],"picked":"Conserve Battery","floor":3},{"not_picked":["Rebound","Reprogram"],"picked":"Blizzard","floor":5},{"not_picked":["Beam Cell","Ball Lightning"],"picked":"Sunder","floor":7},{"not_picked":["Go for the Eyes","Skim"],"picked":"Capacitor","floor":8},{"not_picked":["Amplify+1","Rebound"],"picked":"Coolheaded+1","floor":12},{"not_picked":["Meteor Strike","Thunder Strike"],"picked":"Buffer","floor":16},{"not_picked":["Go for the Eyes","Compile Driver"],"picked":"Redo+1","floor":18},{"not_picked":["Sunder","Lockon","Turbo+1"],"picked":"SKIP","floor":19}],"player_experience":1203169,"relics_obtained":[{"floor":9,"key":"War Paint"},{"floor":11,"key":"Toxic Egg 2"}],"event_choices":[{"event_name":"Shining Light","player_choice":"Ignored","floor":2,"damage_taken":0},{"event_name":"Scrap Ooze","player_choice":"success","floor":4,"damage_taken":7},{"event_name":"Big Fish","player_choice":"Banana","floor":10,"damage_taken":0},{"event_name":"World of Goop","player_choice":"Gather Gold","floor":14,"damage_taken":0},{"event_name":"Drug Dealer","player_choice":"Ignored","floor":20,"damage_taken":0}],"is_beta":false,"boss_relics":[{"not_picked":["Runic Dome","Black Star"],"picked":"Empty Cage"}],"items_purged_floors":[],"is_endless":false,"potions_floor_spawned":[1,3,5,16,18],"killed_by":"Snake Plant","ascension_level":12}