{"gold_per_floor":[113,113,132,132,132,132,167,167,167,187,23,58,79,117,117,207,207,225,53,53,13],"floor_reached":21,"playtime":704,"items_purged":["Strike_B"],"score":429,"play_id":"2b5bcb13-15c7-4fc4-96fb-9441cee4a3d4","local_time":"20190130173617","is_ascension_mode":true,"campfire_choices":[{"data":"Zap","floor":6,"key":"SMITH"},{"data":"Capacitor","floor":8,"key":"SMITH"},{"data":"Recycle","floor":15,"key":"SMITH"}],"neow_cost":"NONE","seed_source_timestamp":536952219654288,"circlet_count":0,"master_deck":["AscendersBane","Strike_B","Strike_B","Strike_B","Defend_B","Defend_B","Defend_B","Defend_B","Zap+1","Dualcast","Ball Lightning","Capacitor+1","Self Repair","Recycle+1","Coolheaded","Glacier","Fission","Fusion","Leap","Static Discharge","Writhe"],"relics":["Cracked Core","NeowsBlessing","Golden Idol","Emotion Chip","Centennial Puzzle","Juzu Bracelet","Pen Nib","Pantograph","Inserter","The Courier"],"potions_floor_usage":[12,16,18],"damage_taken":[{"damage":0,"enemies":"2 Louse","floor":1,"turns":1},{"damage":0,"enemies":"Small Slimes","floor":3,"turns":1},{"damage":0,"enemies":"Lagavulin","floor":7,"turns":1},{"damage":2,"enemies":"Jaw Worm","floor":10,"turns":3},{"damage":11,"enemies":"Gremlin Nob","floor":12,"turns":3},{"damage":11,"enemies":"Blue Slaver","floor":13,"turns":3},{"damage":37,"enemies":"3 Sentries","floor":14,"turns":7},{"damage":50,"enemies":"Hexaghost","floor":16,"turns":10},{"damage":50,"enemies":"Chosen","floor":18,"turns":8},{"damage":22,"enemies":"2 Thieves","floor":21,"turns":1}],"seed_played":"-6422067890469464498","potions_obtained":[{"floor":1,"key":"LiquidBronze"},{"floor":10,"key":"Poison Potion"},{"floor":16,"key":"Energy Potion"}],"is_trial":false,"path_per_floor":["M","?","M","?","?","R","E","R","T","M","$","E","M","E","R","B",null,"M","$","?","M"],"character_chosen":"DEFECT","items_purchased":["Juzu Bracelet","Leap","Static Discharge"],"campfire_rested":0,"item_purchase_floors":[11,19,19],"current_hp_per_floor":[64,40,40,40,63,63,63,63,63,68,68,64,60,30,30,12,56,13,13,13,0],"gold":13,"neow_bonus":"THREE_ENEMY_KILL","is_prod":false,"is_daily":false,"chose_seed":false,"campfire_upgraded":3,"win_rate":0,"timestamp":1548887777,"path_taken":["M","?","M","?","?","R","E","R","T","M","$","E","M","E","R","BOSS","M","$","?","M"],"build_version":"2019-01-23","purchased_purges":1,"victory":false,"max_hp_per_floor":[71,71,71,71,71,71,71,71,71,71,71,71,71,71,71,71,71,71,71,71,71],"card_choices":[{"not_picked":["Leap","Turbo"],"picked":"Ball Lightning","floor":1},{"not_picked":["Conserve Battery","Steam"],"picked":"Capacitor","floor":3},{"not_picked":["Redo","Cold Snap"],"picked":"Self Repair","floor":7},{"not_picked":["Redo","Stack","Multi-Cast"],"picked":"SKIP","floor":10},{"not_picked":["White Noise","Beam Cell"],"picked":"Recycle","floor":12},{"not_picked":["Cold Snap","Streamline"],"picked":"Coolheaded","floor":13},{"not_picked":["Heatsinks","Storm"],"picked":"Glacier","floor":14},{"not_picked":["Biased Cognition","Hyperbeam"],"picked":"Fission","floor":16},{"not_picked":["Ball Lightning","Hologram"],"picked":"Fusion","floor":18}],"player_experience":2240906,"relics_obtained":[{"floor":7,"key":"Emotion Chip"},{"floor":9,"key":"Centennial Puzzle"},{"floor":12,"key":"Pen Nib"},{"floor":14,"key":"Pantograph"}],"event_choices":[{"damage_healed":0,"gold_gain":0,"player_choice":"Take Damage","damage_taken":24,"relics_obtained":["Golden Idol"],"max_hp_gain":0,"max_hp_loss":0,"event_name":"Golden Idol","floor":2,"gold_loss":0},{"damage_healed":0,"gold_gain":0,"player_choice":"Ignored","damage_taken":0,"max_hp_gain":0,"max_hp_loss":0,"event_name":"Shining Light","floor":4,"gold_loss":0},{"damage_healed":23,"gold_gain":0,"player_choice":"Banana","damage_taken":0,"max_hp_gain":0,"max_hp_loss":0,"event_name":"Big Fish","floor":5,"gold_loss":0},{"damage_healed":0,"gold_gain":0,"player_choice":"Opened","damage_taken":0,"relics_obtained":["The Courier"],"max_hp_gain":0,"max_hp_loss":0,"event_name":"The Mausoleum","floor":20,"gold_loss":0,"cards_obtained":["Writhe"]}],"is_beta":false,"boss_relics":[{"not_picked":["White Beast Statue","Sozu"],"picked":"Inserter"}],"items_purged_floors":[19],"is_endless":false,"potions_floor_spawned":[1,10,16],"killed_by":"2 Thieves","ascension_level":19}