{"gold_per_floor":[114,114,133,204,223,261,261,299,324,324,40,59,97,135,135,260,260,279,279,279,29,48,86,124,124,149,187,225,263,338,17,17,142,142,161,161,199,199,218,256,294,332,344,431,68,87,125,163,163,163],"floor_reached":51,"playtime":1908,"items_purged":["Strike_R+1"],"score":1193,"play_id":"fe6f0665-6cec-41cf-8a64-b014323414d8","local_time":"20190129125856","daily_mods":["Allstar","Flight","DeadlyEvents"],"is_ascension_mode":false,"campfire_choices":[{"data":"Uppercut","floor":7.0,"key":"SMITH"},{"data":"Whirlwind","floor":10.0,"key":"SMITH"},{"data":"Master of Strategy","floor":15.0,"key":"SMITH"},{"floor":25.0,"key":"REST"},{"data":"Inflame","floor":32.0,"key":"SMITH"},{"data":"Master of Strategy","floor":49,"key":"SMITH"}],"neow_cost":"","seed_source_timestamp":0,"circlet_count":0,"master_deck":["Strike_R+1","Strike_R+1","Defend_R+1","Defend_R+1","Defend_R+1","Defend_R+1","Bash+1","Finesse","Madness","Master of Strategy+1","Enlightenment","Metamorphosis","Uppercut+1","Whirlwind+1","Metallicize","Spot Weakness","Immolate+1","Flame Barrier","Shrug It Off","Inflame+1","Double Tap","Shrug It Off+1","Master of Strategy+1","Shockwave+1","Whirlwind+1"],"special_seed":17925,"relics":["Burning Blood","Golden Idol","Oddly Smooth Stone","Turnip","Boot","Mercury Hourglass","Letter Opener","Unceasing Top","Busted Crown","Nilry\u0027s Codex","Bottled Lightning","Pen Nib","Centennial Puzzle","Vajra","Mummified Hand","Smiling Mask","Bag of Preparation","Pantograph","Bottled Tornado","Empty Cage","Regal Pillow","Whetstone","Ancient Tea Set","MawBank","Pear","Singing Bowl","PreservedInsect","Bag of Marbles","Meat on the Bone"],"potions_floor_usage":[50,50,50],"damage_taken":[{"damage":6.0,"enemies":"Jaw Worm","floor":1.0,"turns":3.0},{"damage":0.0,"enemies":"Small Slimes","floor":3.0,"turns":3.0},{"damage":0.0,"enemies":"2 Louse","floor":5.0,"turns":2.0},{"damage":11.0,"enemies":"Lagavulin","floor":6.0,"turns":4.0},{"damage":13.0,"enemies":"Gremlin Nob","floor":8.0,"turns":4.0},{"damage":4.0,"enemies":"Red Slaver","floor":12.0,"turns":3.0},{"damage":0.0,"enemies":"3 Sentries","floor":13.0,"turns":3.0},{"damage":13.0,"enemies":"Gremlin Nob","floor":14.0,"turns":4.0},{"damage":27.0,"enemies":"Hexaghost","floor":16.0,"turns":7.0},{"damage":13.0,"enemies":"Shell Parasite","floor":18.0,"turns":4.0},{"damage":0.0,"enemies":"Spheric Guardian","floor":22.0,"turns":2.0},{"damage":17.0,"enemies":"Book of Stabbing","floor":23.0,"turns":4.0},{"damage":36.0,"enemies":"Gremlin Leader","floor":24.0,"turns":5.0},{"damage":12.0,"enemies":"Slavers","floor":27.0,"turns":4.0},{"damage":18.0,"enemies":"Book of Stabbing","floor":28.0,"turns":4.0},{"damage":5.0,"enemies":"Gremlin Leader","floor":29.0,"turns":4.0},{"damage":15.0,"enemies":"Collector","floor":33.0,"turns":5.0},{"damage":0.0,"enemies":"3 Shapes","floor":35.0,"turns":1.0},{"damage":14.0,"enemies":"Nemesis","floor":37.0,"turns":5.0},{"damage":0.0,"enemies":"3 Darklings","floor":39.0,"turns":2.0},{"damage":10.0,"enemies":"Giant Head","floor":40.0,"turns":6.0},{"damage":28.0,"enemies":"Nemesis","floor":41.0,"turns":7.0},{"damage":0.0,"enemies":"Giant Head","floor":42.0,"turns":5.0},{"damage":1.0,"enemies":"Writhing Mass","floor":46.0,"turns":2.0},{"damage":0.0,"enemies":"Nemesis","floor":47.0,"turns":3.0},{"damage":0,"enemies":"Reptomancer","floor":48,"turns":3},{"damage":3,"enemies":"Awakened One","floor":50,"turns":4}],"seed_played":"-7783971571703722258","potions_obtained":[{"floor":1.0,"key":"SpeedPotion"},{"floor":6.0,"key":"Ancient Potion"},{"floor":12.0,"key":"SteroidPotion"},{"floor":14.0,"key":"GamblersBrew"},{"floor":18.0,"key":"Ancient Potion"},{"floor":24.0,"key":"GamblersBrew"},{"floor":28.0,"key":"Energy Potion"},{"floor":33.0,"key":"Regen Potion"},{"floor":40.0,"key":"Energy Potion"},{"floor":41.0,"key":"SteroidPotion"}],"is_trial":false,"path_per_floor":["M","?","M","?","M","E","R","E","T","R","$","M","E","E","R","B",null,"M","?","?","$","M","E","E","R","T","E","E","E","T","$","R","B",null,"M","?","E","?","M","E","E","E","T","T","$","M","E","E","R","B",null],"character_chosen":"IRONCLAD","items_purchased":["Mercury Hourglass","Flame Barrier","Bottled Lightning","Inflame","Bottled Tornado","PreservedInsect","Master of Strategy"],"campfire_rested":1,"item_purchase_floors":[11,11,21,31,31,45,45],"current_hp_per_floor":[80,60,66,66,72,67,67,60,60,60,60,62,68,61,61,40,80,73,57,57,57,63,52,22,46,46,40,28,29,29,29,29,45,80,80,80,72,72,78,74,52,58,68,68,68,73,81,87,87,92],"gold":163,"neow_bonus":"","is_prod":false,"is_daily":true,"chose_seed":false,"campfire_upgraded":5,"win_rate":0,"timestamp":1548763136,"path_taken":["M","?","M","?","M","E","R","E","T","R","$","?","?","?","R","BOSS","M","?","?","?","?","E","E","R","T","?","?","E","?","$","R","BOSS","M","?","?","?","?","E","E","E","T","?","$","?","E","?","R","BOSS"],"build_version":"2019-01-23","purchased_purges":1,"victory":true,"max_hp_per_floor":[80,80,80,80,80,80,80,80,80,80,80,80,80,80,80,80,80,80,80,80,80,80,80,80,80,80,80,80,80,80,80,80,80,80,80,80,80,80,80,80,80,80,90,90,90,90,92,92,92,92],"card_choices":[{"not_picked":["Corruption","Sentinel"],"picked":"Uppercut","floor":1.0},{"not_picked":["Body Slam","True Grit","Havoc"],"picked":"SKIP","floor":3.0},{"not_picked":["Cleave","Dropkick","Rampage"],"picked":"SKIP","floor":5.0},{"not_picked":["Dual Wield","Carnage"],"picked":"Whirlwind","floor":6.0},{"not_picked":["Clothesline","Rampage"],"picked":"Metallicize","floor":8.0},{"not_picked":["Twin Strike","Clothesline","Rampage"],"picked":"SKIP","floor":12.0},{"not_picked":["Pommel Strike","Dual Wield"],"picked":"Spot Weakness","floor":13.0},{"not_picked":["Uppercut","Pummel","Infernal Blade"],"picked":"SKIP","floor":14.0},{"not_picked":["Bludgeon","Juggernaut"],"picked":"Immolate","floor":16.0},{"not_picked":[],"picked":"Flame Barrier","floor":18.0},{"not_picked":["Flex"],"picked":"SKIP","floor":22.0},{"not_picked":["Body Slam"],"picked":"SKIP","floor":23.0},{"not_picked":[],"picked":"Shrug It Off","floor":24.0},{"not_picked":["Clash"],"picked":"SKIP","floor":27.0},{"not_picked":["Sword Boomerang"],"picked":"SKIP","floor":28.0},{"not_picked":["Iron Wave"],"picked":"SKIP","floor":29.0},{"not_picked":[],"picked":"Double Tap","floor":33.0},{"not_picked":["Second Wind"],"picked":"SKIP","floor":35.0},{"not_picked":["Wild Strike"],"picked":"SKIP","floor":37.0},{"not_picked":["Warcry+1"],"picked":"SKIP","floor":39.0},{"not_picked":["Sever Soul"],"picked":"SKIP","floor":40.0},{"not_picked":[],"picked":"Shrug It Off+1","floor":41.0},{"not_picked":["Thunderclap"],"picked":"SKIP","floor":42.0},{"not_picked":[],"picked":"Shockwave+1","floor":46.0},{"not_picked":["Second Wind+1"],"picked":"Singing Bowl","floor":47.0},{"not_picked":[],"picked":"Whirlwind+1","floor":48}],"player_experience":1937490,"relics_obtained":[{"floor":6.0,"key":"Oddly Smooth Stone"},{"floor":8.0,"key":"Turnip"},{"floor":9.0,"key":"Boot"},{"floor":13.0,"key":"Letter Opener"},{"floor":14.0,"key":"Unceasing Top"},{"floor":19.0,"key":"Nilry\u0027s Codex"},{"floor":23.0,"key":"Pen Nib"},{"floor":24.0,"key":"Centennial Puzzle"},{"floor":26.0,"key":"Vajra"},{"floor":27.0,"key":"Mummified Hand"},{"floor":28.0,"key":"Smiling Mask"},{"floor":29.0,"key":"Bag of Preparation"},{"floor":30.0,"key":"Pantograph"},{"floor":37.0,"key":"Regal Pillow"},{"floor":40.0,"key":"Whetstone"},{"floor":41.0,"key":"Ancient Tea Set"},{"floor":42.0,"key":"MawBank"},{"floor":43.0,"key":"Pear"},{"floor":44.0,"key":"Singing Bowl"},{"floor":47.0,"key":"Bag of Marbles"},{"floor":48,"key":"Meat on the Bone"}],"event_choices":[{"damage_healed":0.0,"max_hp_gain":0.0,"max_hp_loss":0.0,"gold_gain":0.0,"event_name":"Golden Idol","player_choice":"Take Damage","floor":2.0,"gold_loss":0.0,"damage_taken":20.0,"relics_obtained":["Golden Idol"]},{"damage_healed":0.0,"max_hp_gain":0.0,"max_hp_loss":0.0,"gold_gain":71.0,"event_name":"Golden Wing","player_choice":"Gained Gold","floor":4.0,"gold_loss":0.0,"damage_taken":0.0},{"damage_healed":0.0,"max_hp_gain":0.0,"max_hp_loss":0.0,"gold_gain":0.0,"event_name":"Cursed Tome","player_choice":"Obtained Book","floor":19.0,"gold_loss":0.0,"damage_taken":16.0},{"damage_healed":0.0,"max_hp_gain":0.0,"max_hp_loss":0.0,"gold_gain":0.0,"event_name":"Back to Basics","player_choice":"Simplicity","floor":20.0,"gold_loss":0.0,"damage_taken":0.0,"cards_upgraded":["Strike_R","Strike_R","Strike_R","Strike_R","Strike_R","Defend_R","Defend_R","Defend_R","Defend_R"]},{"damage_healed":0.0,"max_hp_gain":0.0,"max_hp_loss":0.0,"gold_gain":0.0,"event_name":"SecretPortal","player_choice":"Ignored","floor":36.0,"gold_loss":0.0,"damage_taken":0.0},{"cards_removed":["Flame Barrier"],"damage_healed":0.0,"max_hp_gain":0.0,"max_hp_loss":0.0,"gold_gain":0.0,"event_name":"Falling","player_choice":"Removed Skill","floor":38.0,"gold_loss":0.0,"damage_taken":0.0}],"is_beta":false,"boss_relics":[{"not_picked":["Orrery","Mark of Pain"],"picked":"Busted Crown"},{"not_picked":["Lizard Tail","Tiny House"],"picked":"Empty Cage"}],"items_purged_floors":[45],"is_endless":false,"potions_floor_spawned":[1,6,12,14,18,24,28,29,33,35,37,40,41,46],"ascension_level":0}