{"gold_per_floor":[110,129,15,15,15,15,75,75,147,177,190,204,204,224,224,322,322,340,356,356,370,384,411,411,424,424,424,79,113,113,113,113,210,210,224,234,234,82,92,92,92,92,116,216,236,255,266,266],"floor_reached":48,"playtime":2389,"items_purged":["Strike_R","Strike_R+1"],"score":912,"play_id":"fc65d105-6353-470c-80ee-9182520314ac","local_time":"20180718170208","is_ascension_mode":true,"campfire_choices":[{"data":"Bash","floor":6,"key":"SMITH"},{"data":"Cleave","floor":8,"key":"SMITH"},{"data":"Uppercut","floor":13,"key":"SMITH"},{"floor":15,"key":"REST"},{"floor":24,"key":"REST"},{"floor":27,"key":"REST"},{"floor":32,"key":"REST"},{"data":"Searing Blow+1","floor":40,"key":"SMITH"},{"data":"Searing Blow+2","floor":42,"key":"SMITH"}],"neow_cost":"NONE","seed_source_timestamp":409796408869450,"circlet_count":0,"master_deck":["Strike_R+1","Strike_R+1","Strike_R+1","Defend_R+1","Defend_R+1","Defend_R+1","Defend_R+1","Bash+1","Battle Trance","Shockwave","Uppercut+1","Cleave+1","Searing Blow+3","Iron Wave","Whirlwind","Pommel Strike","Feed","Flex+1","Pummel","Disarm","Havoc+1","Evolve","Shrug It Off","Shrug It Off+1","Offering","True Grit","Spot Weakness+1","Clothesline","Rampage","Headbutt","Intimidate","Shockwave+1","Impervious","Exhume","Madness","Madness","Burning Pact+1"],"relics":["Burning Blood","NeowsBlessing","Tiny Chest","Darkstone Periapt","Bottled Flame","Sozu","Mercury Hourglass","Bottled Tornado","Meat on the Bone","Anchor","Orrery","Du-Vu Doll","Happy Flower"],"potions_floor_usage":[10,11,14,25],"damage_taken":[{"damage":0,"enemies":"Jaw Worm","floor":1,"turns":1},{"damage":0,"enemies":"Small Slimes","floor":2,"turns":1},{"damage":0,"enemies":"Lagavulin","floor":7,"turns":1},{"damage":18,"enemies":"Gremlin Nob","floor":10,"turns":3},{"damage":0,"enemies":"2 Louse","floor":11,"turns":2},{"damage":9,"enemies":"Blue Slaver","floor":12,"turns":4},{"damage":24,"enemies":"Exordium Wildlife","floor":14,"turns":4},{"damage":52,"enemies":"Slime Boss","floor":16,"turns":11},{"damage":33,"enemies":"Shell Parasite","floor":18,"turns":5},{"damage":7,"enemies":"3 Byrds","floor":19,"turns":4},{"damage":17,"enemies":"3 Cultists","floor":21,"turns":4},{"damage":19,"enemies":"Centurion and Healer","floor":22,"turns":5},{"damage":14,"enemies":"Book of Stabbing","floor":23,"turns":5},{"damage":4,"enemies":"Snecko","floor":25,"turns":4},{"damage":57,"enemies":"Gremlin Leader","floor":29,"turns":6},{"damage":49,"enemies":"Automaton","floor":33,"turns":10},{"damage":2,"enemies":"Orb Walker","floor":35,"turns":2},{"damage":7,"enemies":"Flame Bruiser 1 Orb","floor":36,"turns":5},{"damage":12,"floor":37,"turns":7},{"damage":11,"enemies":"4 Shapes","floor":39,"turns":9},{"damage":20,"enemies":"Flame Bruiser 2 Orb","floor":45,"turns":4},{"damage":21,"enemies":"3 Darklings","floor":46,"turns":5},{"damage":44,"enemies":"4 Shapes","floor":47,"turns":8},{"damage":29,"enemies":"Sphere and 2 Shapes","floor":48,"turns":3}],"seed_played":"95052287708782318","potions_obtained":[{"floor":1,"key":"BloodPotion"},{"floor":2,"key":"Poison Potion"},{"floor":10,"key":"Swift Potion"},{"floor":16,"key":"Ancient Potion"}],"is_trial":false,"path_per_floor":["M","M","$","?","?","R","E","R","T","E","M","M","R","M","R","B",null,"M","M","?","M","M","E","R","M","T","R","$","E","?","?","R","B",null,"M","M","?","$","M","R","?","R","T","?","M","M","M"],"character_chosen":"IRONCLAD","items_purchased":["Uppercut","Meat on the Bone","Impervious"],"campfire_rested":4,"item_purchase_floors":[3,28,38],"current_hp_per_floor":[78,80,80,80,80,80,80,80,80,68,80,77,77,59,80,34,69,42,44,44,33,20,15,40,42,42,67,67,28,28,28,53,22,70,74,73,67,67,65,65,54,54,54,54,52,49,23,0],"gold":266,"neow_bonus":"THREE_ENEMY_KILL","is_prod":false,"is_daily":false,"chose_seed":false,"campfire_upgraded":5,"win_rate":0,"timestamp":1531947728,"path_taken":["M","M","$","?","?","R","E","R","T","E","M","M","R","M","R","BOSS","M","M","?","M","M","E","R","M","T","R","$","E","?","?","R","BOSS","M","M","?","?","M","R","?","R","T","?","M","M","?","?"],"build_version":"2018-07-12","purchased_purges":2,"victory":false,"max_hp_per_floor":[80,80,80,80,80,80,80,80,80,80,80,80,80,80,80,80,80,80,83,83,83,83,86,86,86,86,86,86,86,86,86,86,86,86,86,86,86,86,89,89,89,89,89,89,89,89,89,89],"card_choices":[{"not_picked":["Bloodletting","Havoc"],"picked":"Battle Trance","floor":1},{"not_picked":["Uppercut","Iron Wave"],"picked":"Shockwave","floor":2},{"not_picked":["Battle Trance","Perfected Strike"],"picked":"Cleave","floor":7},{"not_picked":["Brutality","True Grit"],"picked":"Searing Blow","floor":10},{"not_picked":["Corruption","Heavy Blade"],"picked":"Iron Wave","floor":11},{"not_picked":["Armaments","Feel No Pain"],"picked":"Whirlwind","floor":12},{"not_picked":["Iron Wave","Headbutt"],"picked":"Pommel Strike","floor":14},{"not_picked":["Juggernaut","Dark Embrace"],"picked":"Feed","floor":16},{"not_picked":["Sword Boomerang","Combust"],"picked":"Flex+1","floor":18},{"not_picked":["Anger+1","Sword Boomerang"],"picked":"Pummel","floor":19},{"not_picked":["Hemokinesis","Reckless Charge"],"picked":"Disarm","floor":21},{"not_picked":["Body Slam","Second Wind"],"picked":"Havoc+1","floor":22},{"not_picked":["Intimidate+1","Entrench"],"picked":"Evolve","floor":23},{"not_picked":["Clash+1","Havoc"],"picked":"Shrug It Off","floor":25},{"not_picked":["Sword Boomerang","Inflame"],"picked":"Shrug It Off+1","floor":29},{"not_picked":["Dark Embrace","Limit Break"],"picked":"Offering","floor":33},{"not_picked":["Iron Wave+1","Clash"],"picked":"True Grit","floor":34},{"not_picked":["Combust","Rampage"],"picked":"Spot Weakness+1","floor":34},{"not_picked":["Pommel Strike+1","Iron Wave"],"picked":"Clothesline","floor":34},{"not_picked":["Iron Wave","Wild Strike+1"],"picked":"Rampage","floor":34},{"not_picked":["Power Through+1","Uppercut"],"picked":"Headbutt","floor":34},{"not_picked":["Clash+1","True Grit+1","Sword Boomerang+1"],"picked":"SKIP","floor":35},{"not_picked":["Ghostly Armor+1","Body Slam"],"picked":"Intimidate","floor":36},{"not_picked":["Havoc+1","Fire Breathing+1"],"picked":"Shockwave+1","floor":37},{"not_picked":["Blood for Blood+1","Exhume","True Grit+1"],"picked":"SKIP","floor":39},{"not_picked":["Blood for Blood+1","True Grit+1"],"picked":"Exhume","floor":39},{"not_picked":["Sword Boomerang+1","Evolve","Headbutt+1"],"picked":"SKIP","floor":45},{"not_picked":["Pommel Strike","Sword Boomerang+1"],"picked":"Burning Pact+1","floor":46},{"not_picked":["True Grit+1","Havoc","Clothesline+1"],"picked":"SKIP","floor":47}],"player_experience":1167695,"relics_obtained":[{"floor":7,"key":"Tiny Chest"},{"floor":9,"key":"Darkstone Periapt"},{"floor":10,"key":"Bottled Flame"},{"floor":23,"key":"Mercury Hourglass"},{"floor":26,"key":"Bottled Tornado"},{"floor":29,"key":"Anchor"},{"floor":37,"key":"Du-Vu Doll"},{"floor":43,"key":"Happy Flower"}],"event_choices":[{"event_name":"Liars Game","player_choice":"disagreed","floor":4,"damage_taken":0},{"event_name":"The Cleric","player_choice":"Leave","floor":5,"damage_taken":0},{"event_name":"Back to Basics","player_choice":"Simplicity","floor":20,"damage_taken":0},{"event_name":"Accursed Blacksmith","player_choice":"Forge","floor":30,"damage_taken":0},{"event_name":"Match and Keep!","player_choice":"0 cards matched","floor":31,"damage_taken":0},{"event_name":"MindBloom","player_choice":"Fight","floor":37,"damage_taken":0},{"event_name":"Winding Halls","player_choice":"Embrace Madness","floor":41,"damage_taken":0},{"event_name":"Golden Shrine","player_choice":"Pray","floor":44,"damage_taken":0}],"boss_relics":[{"not_picked":["Velvet Choker","Runic Dome"],"picked":"Sozu"},{"not_picked":["Fusion Hammer","Philosopher\u0027s Stone"],"picked":"Orrery"}],"items_purged_floors":[3,28],"is_endless":false,"potions_floor_spawned":[1,2,10,16,18,19,25,39,45,47],"killed_by":"Sphere and 2 Shapes","ascension_level":7}