{"gold_per_floor":[114,130,142,142,158,185,185,185],"floor_reached":8,"playtime":582,"items_purged":[],"score":70,"play_id":"4d67ff95-4118-4b80-bdbd-f112813ed71e","local_time":"20190213201015","is_ascension_mode":true,"campfire_choices":[{"data":"Skewer","floor":7,"key":"SMITH"}],"neow_cost":"NONE","seed_source_timestamp":2791123627398665,"circlet_count":0,"master_deck":["Defend_G","Defend_G","Defend_G","Defend_G","Defend_G","Strike_G","Strike_G","Strike_G","Strike_G","Survivor","Neutralize","Poisoned Stab","Backstab","Sucker Punch","Crippling Poison","Skewer+1"],"special_seed":0,"relics":["Ring of the Snake","Gremlin Horn"],"potions_floor_usage":[8],"damage_taken":[{"damage":1.0,"enemies":"2 Louse","floor":1.0,"turns":3.0},{"damage":3.0,"enemies":"Small Slimes","floor":2.0,"turns":4.0},{"damage":0,"enemies":"Cultist","floor":3,"turns":3},{"damage":13,"enemies":"Exordium Wildlife","floor":5,"turns":7},{"damage":33,"enemies":"3 Sentries","floor":6,"turns":12},{"damage":20,"enemies":"Lagavulin","floor":8,"turns":5}],"seed_played":"-1989491831211302703","potions_obtained":[{"floor":1.0,"key":"Ancient Potion"},{"floor":6,"key":"Poison Potion"}],"is_trial":false,"path_per_floor":["M","M","M","?","M","E","R","E"],"character_chosen":"THE_SILENT","items_purchased":[],"campfire_rested":0,"item_purchase_floors":[],"current_hp_per_floor":[76,73,73,66,53,20,20,0],"gold":185,"neow_bonus":"TEN_PERCENT_HP_BONUS","is_prod":false,"is_daily":false,"chose_seed":false,"campfire_upgraded":1,"win_rate":0,"timestamp":1550059815,"path_taken":["M","M","M","?","M","E","R","E"],"build_version":"2019-01-23","purchased_purges":0,"victory":false,"max_hp_per_floor":[77,77,77,77,77,77,77,77],"card_choices":[{"not_picked":["Accuracy","Blade Dance"],"picked":"Poisoned Stab","floor":1.0},{"not_picked":["Predator","Prepared"],"picked":"Backstab","floor":2.0},{"not_picked":["Deflect","Blade Dance"],"picked":"Sucker Punch","floor":3},{"not_picked":["Deadly Poison","Setup"],"picked":"Crippling Poison","floor":5},{"not_picked":["Flechettes","Underhanded Strike"],"picked":"Skewer","floor":6}],"player_experience":119722,"relics_obtained":[{"floor":6,"key":"Gremlin Horn"}],"event_choices":[{"cards_removed":["Strike_G"],"damage_healed":0,"gold_gain":0,"player_choice":"Card Removal","damage_taken":7,"max_hp_gain":0,"max_hp_loss":0,"event_name":"Golden Wing","floor":4,"gold_loss":0}],"is_beta":false,"boss_relics":[],"items_purged_floors":[],"is_endless":false,"potions_floor_spawned":[1,6],"killed_by":"Lagavulin","ascension_level":4}