{"gold_per_floor":[117,117,27,27,27,27,62,76,99,133,163,15,15,33,33,134,134,153,168,178,189,5,5,21,21,21,21,21,21,34,67,67,162,162,177,194,194,7,21,50,60,85,108,153,153,153,453,479,479,479],"floor_reached":51,"playtime":4229,"items_purged":["Writhe"],"score":1159,"play_id":"a3927fe4-c66f-476a-aebc-002a50e49734","local_time":"20180714003625","is_ascension_mode":true,"campfire_choices":[{"data":"Blind","floor":6,"key":"SMITH"},{"data":"Crippling Poison","floor":13,"key":"SMITH"},{"floor":15,"key":"REST"},{"data":"Blind","floor":23,"key":"SMITH"},{"data":"Finisher","floor":28,"key":"SMITH"},{"data":"Caltrops","floor":32,"key":"SMITH"},{"data":"Leg Sweep","floor":45,"key":"SMITH"},{"data":"Deadly Poison","floor":49,"key":"SMITH"}],"neow_cost":"NONE","seed_source_timestamp":178711918552044,"circlet_count":0,"master_deck":["Defend_G+1","Defend_G","Defend_G","Defend_G+1","Strike_G","Strike_G","Survivor","Neutralize","Deflect","Blind+1","Dagger Spray","Deflect","Crippling Poison+1","Outmaneuver","Bullet Time","Dagger Spray","Concentrate+1","Caltrops+1","Dash","Blind+1","Eviscerate","Poisoned Stab","Finisher+1","PiercingWail","Noxious Fumes","Phantasmal Killer+1","Doppelganger+1","Slice+1","Envenom+1","Deadly Poison+1","Outmaneuver+1","Caltrops","Leg Sweep+1","Dodge and Roll+1","Heel Hook","Slice+1","Sucker Punch+1","Envenom","Infinite Blades"],"relics":["Ring of the Snake","Bag of Preparation","Paper Crane","Juzu Bracelet","Lantern","Meat on the Bone","Snake Skull","Runic Pyramid","Kunai","Matryoshka","Enchiridion","Strawberry","Astrolabe","Gremlin Horn","War Paint","Dodecahedron","Blood Vial","Ice Cream","Old Coin","Girya"],"potions_floor_usage":[16,16,33,40,40,40,50,50],"damage_taken":[{"damage":0,"enemies":"2 Louse","floor":1,"turns":4},{"damage":22,"enemies":"3 Sentries","floor":7,"turns":16},{"damage":0,"enemies":"Jaw Worm","floor":8,"turns":4},{"damage":9,"enemies":"Lagavulin","floor":10,"turns":11},{"damage":0,"enemies":"Cultist","floor":14,"turns":3},{"damage":22,"enemies":"The Guardian","floor":16,"turns":18},{"damage":6,"enemies":"Chosen","floor":18,"turns":7},{"damage":0,"enemies":"3 Byrds","floor":19,"turns":4},{"damage":6,"enemies":"Centurion and Healer","floor":20,"turns":9},{"damage":6,"enemies":"Snake Plant","floor":21,"turns":6},{"damage":18,"enemies":"Snecko","floor":24,"turns":5},{"damage":0,"enemies":"Centurion and Healer","floor":30,"turns":4},{"damage":2,"enemies":"Book of Stabbing","floor":31,"turns":6},{"damage":5,"enemies":"Champ","floor":33,"turns":15},{"damage":0,"enemies":"Orb Walker","floor":35,"turns":2},{"damage":11,"enemies":"3 Darklings","floor":36,"turns":4},{"damage":8,"enemies":"4 Shapes","floor":39,"turns":8},{"damage":28,"enemies":"Giant Head","floor":40,"turns":9},{"damage":18,"enemies":"Spire Growth","floor":41,"turns":5},{"damage":17,"enemies":"2 Orb Walkers","floor":42,"turns":5},{"damage":0,"floor":44,"turns":5},{"damage":0,"floor":47,"turns":5},{"damage":0,"enemies":"Giant Head","floor":48,"turns":10},{"damage":12,"enemies":"Awakened One","floor":50,"turns":10}],"seed_played":"8867183359344085438","potions_obtained":[{"floor":8,"key":"GamblersBrew"},{"floor":14,"key":"Poison Potion"},{"floor":16,"key":"Energy Potion"},{"floor":19,"key":"PowerPotion"},{"floor":35,"key":"PowerPotion"},{"floor":36,"key":"AttackPotion"},{"floor":40,"key":"Dexterity Potion"},{"floor":41,"key":"Explosive Potion"}],"is_trial":false,"path_per_floor":["M","?","$","?","?","R","E","M","T","E","?","$","R","M","R","B",null,"M","M","M","M","$","R","M","?","T","$","R","?","M","E","R","B",null,"M","M","?","$","M","E","M","E","T","?","R","?","?","E","R","B"],"character_chosen":"THE_SILENT","items_purchased":["Blind","Snake Skull","Blind","Eviscerate","Poisoned Stab","Caltrops","Leg Sweep"],"campfire_rested":1,"item_purchase_floors":[3,12,22,22,22,38,38],"current_hp_per_floor":[70,63,63,63,49,49,27,27,27,18,18,18,18,30,51,41,70,64,64,58,52,52,52,46,46,46,46,46,30,42,47,47,42,77,77,66,77,77,69,41,35,30,30,44,44,44,46,48,48,50],"gold":479,"neow_bonus":"RANDOM_COMMON_RELIC","is_prod":false,"is_daily":false,"chose_seed":false,"campfire_upgraded":7,"win_rate":0,"timestamp":1531494385,"path_taken":["M","?","$","?","?","R","E","M","T","E","?","$","R","M","R","BOSS","M","M","M","M","$","R","M","?","T","?","R","?","M","E","R","BOSS","M","M","?","$","M","E","M","E","T","?","R","?","?","E","R","BOSS"],"build_version":"2018-07-12","purchased_purges":1,"victory":true,"max_hp_per_floor":[70,70,70,70,70,70,70,70,70,70,70,70,70,70,70,70,70,70,70,70,70,70,70,70,70,70,70,70,70,70,77,77,77,77,77,77,77,77,77,77,77,77,77,77,77,77,77,77,77,77],"card_choices":[{"not_picked":["Deadly Poison","Poisoned Stab"],"picked":"Deflect","floor":1},{"not_picked":["Tactician","Backflip"],"picked":"Dagger Spray","floor":7},{"not_picked":["Backflip","Dagger Throw"],"picked":"Deflect","floor":8},{"not_picked":["Acrobatics","After Image"],"picked":"Crippling Poison","floor":10},{"not_picked":["Deflect","Eviscerate"],"picked":"Outmaneuver","floor":14},{"not_picked":["Unload","Grand Finale"],"picked":"Bullet Time","floor":16},{"not_picked":["Blade Dance","Blur"],"picked":"Dagger Spray","floor":18},{"not_picked":["Prepared","Flechettes+1"],"picked":"Concentrate+1","floor":19},{"not_picked":["Cloak And Dagger","Prepared"],"picked":"Caltrops","floor":20},{"not_picked":["Endless Agony","Dagger Throw+1"],"picked":"Dash","floor":21},{"not_picked":["Underhanded Strike","Dagger Throw"],"picked":"Finisher","floor":24},{"not_picked":["Backflip","Dodge and Roll+1"],"picked":"PiercingWail","floor":30},{"not_picked":["Acrobatics","Masterful Stab"],"picked":"Noxious Fumes","floor":31},{"not_picked":["Burst","Die Die Die"],"picked":"Phantasmal Killer","floor":33},{"not_picked":["Dagger Throw","Calculated Gamble"],"picked":"Deadly Poison","floor":35},{"not_picked":["Expertise+1","Underhanded Strike+1"],"picked":"Outmaneuver+1","floor":36},{"not_picked":["Masterful Stab","Cloak And Dagger","Endless Agony"],"picked":"SKIP","floor":39},{"not_picked":["Backflip","Dagger Throw"],"picked":"Dodge and Roll+1","floor":40},{"not_picked":["Escape Plan","Dagger Spray"],"picked":"Heel Hook","floor":41},{"not_picked":["Accuracy","Quick Slash+1"],"picked":"Slice+1","floor":42},{"not_picked":["Slice","Reflex"],"picked":"Sucker Punch+1","floor":44},{"not_picked":["Deflect","Prepared+1"],"picked":"Envenom","floor":47},{"not_picked":["Setup","Flying Knee+1"],"picked":"Infinite Blades","floor":48}],"player_experience":116277,"relics_obtained":[{"floor":7,"key":"Juzu Bracelet"},{"floor":9,"key":"Lantern"},{"floor":10,"key":"Meat on the Bone"},{"floor":26,"key":"Matryoshka"},{"floor":29,"key":"Enchiridion"},{"floor":31,"key":"Strawberry"},{"floor":40,"key":"Gremlin Horn"},{"floor":42,"key":"War Paint"},{"floor":43,"key":"Dodecahedron"},{"floor":43,"key":"Blood Vial"},{"floor":44,"key":"Ice Cream"},{"floor":47,"key":"Old Coin"},{"floor":48,"key":"Girya"}],"event_choices":[{"event_name":"Scrap Ooze","player_choice":"success","floor":2,"damage_taken":7},{"event_name":"The Cleric","player_choice":"Leave","floor":4,"damage_taken":0},{"event_name":"Shining Light","player_choice":"Entered Light","floor":5,"damage_taken":0},{"event_name":"Dead Adventurer","player_choice":"Searched \u00272\u0027 times","floor":11,"damage_taken":0},{"event_name":"Wheel of Change","player_choice":"Relic","floor":25,"damage_taken":0},{"event_name":"Cursed Tome","player_choice":"Obtained Book","floor":29,"damage_taken":0},{"event_name":"Winding Halls","player_choice":"Writhe","floor":37,"damage_taken":0},{"event_name":"Mysterious Sphere","player_choice":"Fight","floor":44,"damage_taken":0},{"event_name":"Falling","player_choice":"Removed Attack","floor":46,"damage_taken":0},{"event_name":"MindBloom","player_choice":"Fight","floor":47,"damage_taken":0}],"boss_relics":[{"not_picked":["Fusion Hammer","Philosopher\u0027s Stone"],"picked":"Runic Pyramid"},{"not_picked":["Orrery","Velvet Choker"],"picked":"Astrolabe"}],"items_purged_floors":[38],"is_endless":false,"potions_floor_spawned":[8,14,16,19,35,36,40,41],"ascension_level":3}