{"path_per_floor":["M","?","M","$","?","R","E","R","T","E","M","?","M","M","R","B",null,"M","?","$","?","M","E","R","M","T","M","E","M","M","E","R"],"character_chosen":"THE_SILENT","items_purchased":["Quick Slash","Anchor","Distraction","Dagger Spray"],"gold_per_floor":[113,113,126,2,77,77,102,102,102,129,144,144,158,176,176,276,276,295,295,49,49,68,94,94,114,114,126,161,173,191,216,216,216],"floor_reached":33,"campfire_rested":2,"playtime":4864,"item_purchase_floors":[4,20,20,20],"current_hp_per_floor":[67,72,72,72,61,61,51,51,51,36,29,14,14,14,36,21,75,75,75,75,75,75,75,89,78,78,48,26,21,21,21,47,0],"items_purged":["Strike_G"],"gold":216,"score":392,"play_id":"d003f22a-e37f-4467-a7f9-977dd0bfb4ca","local_time":"20180604124106","is_prod":false,"is_daily":false,"chose_seed":false,"is_ascension_mode":false,"campfire_upgraded":2,"win_rate":0.0,"timestamp":1528130466,"campfire_choices":[{"data":"Sucker Punch","floor":6,"key":"SMITH"},{"data":"Tools of the Trade","floor":8,"key":"SMITH"},{"floor":15,"key":"REST"},{"floor":24,"key":"DIG"},{"floor":32,"key":"REST"}],"path_taken":["M","?","M","$","?","R","E","R","T","E","M","?","M","M","R","BOSS","M","?","$","?","?","E","R","M","T","M","E","M","M","E","R","BOSS"],"build_version":"2018-05-31","seed_source_timestamp":321698179286218,"purchased_purges":1,"victory":false,"master_deck":["Defend_G+1","Defend_G+1","Defend_G+1","Defend_G+1","Defend_G+1","Strike_G+1","Strike_G+1","Strike_G+1","Survivor","Neutralize+1","Setup","Footwork","Sucker Punch+1","Quick Slash","Tools of the Trade+1","Choke","PiercingWail+1","Flying Knee","Underhanded Strike","Wraith Form v2","Backflip+1","Distraction","Dagger Spray","Escape Plan+1","Distraction+1","Underhanded Strike+1","Parasite","Backstab","After Image","Underhanded Strike","Heel Hook","Heel Hook+1"],"max_hp_per_floor":[70,75,75,75,75,75,75,75,75,75,75,75,75,75,75,75,75,75,75,75,75,75,75,89,89,89,89,89,89,89,89,89,89],"relics":["Ring of the Snake","Tough Bandages","Shovel","Potion Belt","Cursed Key","Anchor","Gambling Chip","Mango","Centennial Puzzle","Pantograph","Bottled Flame"],"card_choices":[{"not_picked":["Finisher","Underhanded Strike"],"picked":"Footwork","floor":1},{"not_picked":["Poisoned Stab","Flying Knee"],"picked":"Sucker Punch","floor":3},{"not_picked":["Dagger Spray","Phantasmal Killer"],"picked":"Tools of the Trade","floor":7},{"not_picked":["Endless Agony","Riddle With Holes"],"picked":"Choke","floor":10},{"not_picked":["Concentrate","Flying Knee"],"picked":"PiercingWail","floor":11},{"not_picked":["Dodge and Roll","Acrobatics"],"picked":"Flying Knee","floor":13},{"not_picked":["Cloak And Dagger","PiercingWail"],"picked":"Underhanded Strike","floor":14},{"not_picked":["Tools of the Trade","Corpse Explosion"],"picked":"Wraith Form v2","floor":16},{"not_picked":["Cloak And Dagger","Riddle With Holes"],"picked":"Backflip+1","floor":18},{"not_picked":["Slice","Sucker Punch"],"picked":"Escape Plan+1","floor":22},{"not_picked":["Sucker Punch","Dodge and Roll"],"picked":"Distraction+1","floor":23},{"not_picked":["Deflect","Choke"],"picked":"Underhanded Strike+1","floor":25},{"not_picked":["Footwork+1","Distraction"],"picked":"Backstab","floor":27},{"not_picked":["Concentrate+1","Dagger Spray"],"picked":"After Image","floor":28},{"not_picked":["Malaise","Accuracy"],"picked":"Underhanded Strike","floor":29},{"not_picked":["Catalyst","Quick Slash"],"picked":"Heel Hook","floor":30},{"not_picked":["Bane","Expertise+1"],"picked":"Heel Hook+1","floor":31}],"player_experience":327886,"potions_floor_usage":[7,13,13,14,16,16,16,16,23,27,28,33,33],"damage_taken":[{"damage":3,"enemies":"Jaw Worm","floor":1,"turns":5},{"damage":0,"enemies":"2 Louse","floor":3,"turns":4},{"damage":10,"enemies":"3 Sentries","floor":7,"turns":10},{"damage":15,"enemies":"Gremlin Nob","floor":10,"turns":5},{"damage":7,"enemies":"Small Slimes","floor":11,"turns":4},{"damage":0,"enemies":"3 Louse","floor":13,"turns":4},{"damage":0,"enemies":"2 Fungi Beasts","floor":14,"turns":4},{"damage":15,"enemies":"Slime Boss","floor":16,"turns":13},{"damage":0,"enemies":"3 Byrds","floor":18,"turns":5},{"damage":0,"enemies":"Shell Parasite","floor":22,"turns":6},{"damage":0,"enemies":"Book of Stabbing","floor":23,"turns":7},{"damage":11,"enemies":"Chosen and Byrds","floor":25,"turns":8},{"damage":30,"enemies":"Cultist and Chosen","floor":27,"turns":8},{"damage":22,"enemies":"Slavers","floor":28,"turns":5},{"damage":5,"enemies":"3 Cultists","floor":29,"turns":5},{"damage":0,"enemies":"Centurion and Healer","floor":30,"turns":8},{"damage":0,"enemies":"Book of Stabbing","floor":31,"turns":5},{"damage":90,"enemies":"Collector","floor":33,"turns":14}],"relics_obtained":[{"floor":7,"key":"Tough Bandages"},{"floor":9,"key":"Shovel"},{"floor":10,"key":"Potion Belt"},{"floor":23,"key":"Gambling Chip"},{"floor":24,"key":"Mango"},{"floor":26,"key":"Centennial Puzzle"},{"floor":28,"key":"Pantograph"},{"floor":31,"key":"Bottled Flame"}],"event_choices":[{"event_name":"Big Fish","player_choice":"Donut","floor":2,"damage_taken":0},{"event_name":"World of Goop","player_choice":"Gather Gold","floor":5,"damage_taken":0},{"event_name":"Shining Light","player_choice":"Entered Light","floor":12,"damage_taken":0},{"event_name":"Back to Basics","player_choice":"Simplicity","floor":19,"damage_taken":0},{"event_name":"Beggar","player_choice":"Ignored","floor":21,"damage_taken":0}],"boss_relics":[{"not_picked":["Sozu","Black Star"],"picked":"Cursed Key"}],"items_purged_floors":[4],"potions_floor_spawned":[1,10,11,16,25,27,30,31],"seed_played":"1838702518252529351","killed_by":"Collector","ascension_level":0,"potions_obtained":[{"floor":1,"key":"SkillPotion"},{"floor":10,"key":"SpeedPotion"},{"floor":11,"key":"EntropicBrew"},{"floor":16,"key":"Strength Potion"},{"floor":25,"key":"AttackPotion"},{"floor":27,"key":"Poison Potion"},{"floor":30,"key":"EssenceOfSteel"},{"floor":31,"key":"Energy Potion"}],"is_trial":false}