{"gold_per_floor":[112,30,41,56,66,79,94,119,419,494,509,118,160,172,172,272,272,288,301,318,318,318,348,348,348,372,403,416,445,458,472,472,572,572,583,595,595,595,607,637,569,598,598,632,652,666,679,711,711,711],"floor_reached":51,"playtime":2790,"items_purged":[],"score":1337,"play_id":"e1959ab9-1c94-44a6-8f6f-e2472ec4ff1f","local_time":"20180721140744","daily_mods":["Heirloom","Vintage","Hoarder"],"is_ascension_mode":false,"campfire_choices":[{"data":"Cloak And Dagger","floor":15,"key":"SMITH"},{"floor":24,"key":"DIG"},{"data":"Defend_G","floor":32,"key":"PURGE"},{"floor":49,"key":"DIG"}],"neow_cost":"","seed_source_timestamp":0,"circlet_count":0,"master_deck":["Defend_G","Defend_G","Defend_G","Defend_G","Strike_G+1","Strike_G+1","Survivor","Neutralize","Noxious Fumes+1","Noxious Fumes+1","Noxious Fumes+1","Calculated Gamble","Calculated Gamble+1","Calculated Gamble","Cloak And Dagger+1","Cloak And Dagger+1","Cloak And Dagger","Well Laid Plans+1","Well Laid Plans+1","Well Laid Plans+1","Malaise","Malaise","Malaise","Tools of the Trade+1","Tools of the Trade+1","Tools of the Trade+1","Setup+1","Setup+1","Setup+1","Blur+1","Blur+1","Blur+1","Backstab","Backstab","Backstab","Underhanded Strike","Underhanded Strike","Underhanded Strike","Backstab","Backstab","Backstab","Footwork+1","Footwork+1","Footwork+1","Cloak And Dagger","Cloak And Dagger","Cloak And Dagger","Die Die Die","Die Die Die","Die Die Die","Acrobatics","Acrobatics","Acrobatics","Backstab","Backstab","Backstab","Prepared+1","Prepared+1","Prepared+1","Unload","Unload","Unload"],"relics":["Ring of the Snake","Shovel","Frozen Egg 2","Centennial Puzzle","Unceasing Top","Tough Bandages","Bottled Flame","Kunai","Question Card","Old Coin","Lantern","Dead Branch","Tiny Chest","Whetstone","Shuriken","Astrolabe","War Paint","Bag of Preparation","Paper Crane","Orichalcum","Matryoshka","Darkstone Periapt","Vajra","Gambling Chip","Regal Pillow","Pantograph","Happy Flower","Peace Pipe","Du-Vu Doll","Runic Dome","Calipers","The Specimen","Ancient Tea Set","Mango","Pear","Anchor","Dream Catcher","Dodecahedron","Mummified Hand","Bag of Marbles","Bronze Scales","Thread and Needle","Strawberry"],"potions_floor_usage":[8,8,33,50],"damage_taken":[{"damage":0,"enemies":"Small Slimes","floor":1,"turns":3},{"damage":0,"enemies":"Jaw Worm","floor":3,"turns":4},{"damage":0,"enemies":"Cultist","floor":4,"turns":4},{"damage":1,"enemies":"2 Fungi Beasts","floor":5,"turns":3},{"damage":2,"enemies":"Blue Slaver","floor":6,"turns":4},{"damage":3,"enemies":"3 Louse","floor":7,"turns":3},{"damage":1,"enemies":"3 Sentries","floor":8,"turns":5},{"damage":5,"enemies":"Looter","floor":11,"turns":3},{"damage":0,"enemies":"Exordium Wildlife","floor":13,"turns":4},{"damage":0,"enemies":"3 Louse","floor":14,"turns":4},{"damage":0,"enemies":"The Guardian","floor":16,"turns":7},{"damage":0,"enemies":"Shell Parasite","floor":18,"turns":7},{"damage":0,"enemies":"Spheric Guardian","floor":19,"turns":3},{"damage":0,"enemies":"Snecko","floor":20,"turns":6},{"damage":0,"enemies":"Gremlin Leader","floor":23,"turns":6},{"damage":0,"enemies":"Book of Stabbing","floor":27,"turns":1},{"damage":0,"enemies":"Cultist and Chosen","floor":28,"turns":3},{"damage":0,"enemies":"Gremlin Leader","floor":29,"turns":1},{"damage":0,"enemies":"3 Cultists","floor":30,"turns":2},{"damage":0,"enemies":"Snecko","floor":31,"turns":1},{"damage":13,"enemies":"Champ","floor":33,"turns":6},{"damage":0,"enemies":"Flame Bruiser 1 Orb","floor":35,"turns":1},{"damage":0,"enemies":"3 Shapes","floor":36,"turns":2},{"damage":0,"enemies":"Sphere and 2 Shapes","floor":39,"turns":2},{"damage":0,"enemies":"Giant Head","floor":40,"turns":6},{"damage":0,"enemies":"2 Orb Walkers","floor":42,"turns":1},{"damage":0,"enemies":"Nemesis","floor":44,"turns":1},{"damage":0,"enemies":"3 Darklings","floor":45,"turns":1},{"damage":0,"enemies":"Flame Bruiser 2 Orb","floor":46,"turns":1},{"damage":0,"enemies":"Transient","floor":47,"turns":5},{"damage":0,"enemies":"Giant Head","floor":48,"turns":2},{"damage":0,"enemies":"Time Eater","floor":50,"turns":9}],"seed_played":"3225983131140426290","potions_obtained":[{"floor":1,"key":"Energy Potion"},{"floor":4,"key":"Fire Potion"},{"floor":5,"key":"Explosive Potion"},{"floor":11,"key":"GamblersBrew"},{"floor":13,"key":"FearPotion"}],"is_trial":true,"path_per_floor":["M","$","M","M","M","M","M","E","T","?","M","$","M","M","R","B",null,"M","M","M","$","?","E","R","?","T","E","M","E","M","M","R","B",null,"M","M","?","T","M","E","$","E","T","E","M","M","M","E","R","B"],"character_chosen":"THE_SILENT","items_purchased":["Noxious Fumes+1","Dead Branch","Cloak And Dagger","Well Laid Plans+1","Backstab"],"campfire_rested":0,"item_purchase_floors":[2,12,12,12,41],"current_hp_per_floor":[70,70,70,70,69,67,64,63,63,52,47,47,47,47,47,47,70,70,70,70,70,70,70,70,70,70,70,70,70,70,70,70,57,70,70,70,70,84,94,94,94,94,94,94,94,94,94,94,101,101],"gold":711,"neow_bonus":"","is_prod":false,"is_daily":false,"chose_seed":false,"campfire_upgraded":1,"win_rate":0,"timestamp":1532174864,"path_taken":["M","$","M","M","M","M","M","E","T","?","M","$","M","M","R","BOSS","M","M","M","$","?","E","R","?","T","E","M","E","M","M","R","BOSS","M","M","?","?","M","E","$","E","T","E","M","M","M","E","R","BOSS"],"build_version":"2018-07-19v2","purchased_purges":0,"victory":true,"max_hp_per_floor":[70,70,70,70,70,70,70,70,70,70,70,70,70,70,70,70,70,70,70,70,70,70,70,70,70,70,70,70,70,70,70,70,70,70,70,70,70,84,94,94,94,94,94,94,94,94,94,94,101,101],"card_choices":[{"not_picked":["Setup","Noxious Fumes+1"],"picked":"Calculated Gamble","floor":8},{"not_picked":["Wraith Form v2+1","Storm of Steel","Phantasmal Killer"],"picked":"Malaise","floor":16},{"not_picked":["Deflect","Flying Knee","Acrobatics"],"picked":"Underhanded Strike","floor":23},{"not_picked":["Choke","Leg Sweep","Dash"],"picked":"Footwork+1","floor":27},{"not_picked":["Flying Knee","Slice","Accuracy+1"],"picked":"Cloak And Dagger","floor":29},{"not_picked":["Corpse Explosion","Phantasmal Killer","Doppelganger"],"picked":"Die Die Die","floor":33},{"not_picked":["Flying Knee","Tactician","Sucker Punch+1"],"picked":"Acrobatics","floor":40},{"not_picked":["Sucker Punch","Outmaneuver+1","Masterful Stab+1"],"picked":"Prepared+1","floor":42},{"not_picked":["Tactician+1","Prepared+1","Cloak And Dagger"],"picked":"Unload","floor":44},{"not_picked":["Backflip","Dagger Throw","Deadly Poison+1","Flying Knee"],"picked":"SKIP","floor":48}],"player_experience":1114010,"relics_obtained":[{"floor":1,"key":"Frozen Egg 2"},{"floor":3,"key":"Centennial Puzzle"},{"floor":4,"key":"Unceasing Top"},{"floor":5,"key":"Tough Bandages"},{"floor":6,"key":"Bottled Flame"},{"floor":7,"key":"Kunai"},{"floor":8,"key":"Question Card"},{"floor":9,"key":"Old Coin"},{"floor":11,"key":"Lantern"},{"floor":13,"key":"Tiny Chest"},{"floor":14,"key":"Whetstone"},{"floor":16,"key":"Shuriken"},{"floor":18,"key":"War Paint"},{"floor":19,"key":"Bag of Preparation"},{"floor":20,"key":"Paper Crane"},{"floor":23,"key":"Orichalcum"},{"floor":24,"key":"Matryoshka"},{"floor":26,"key":"Darkstone Periapt"},{"floor":26,"key":"Vajra"},{"floor":27,"key":"Gambling Chip"},{"floor":28,"key":"Regal Pillow"},{"floor":29,"key":"Pantograph"},{"floor":30,"key":"Happy Flower"},{"floor":31,"key":"Peace Pipe"},{"floor":33,"key":"Du-Vu Doll"},{"floor":35,"key":"Calipers"},{"floor":36,"key":"The Specimen"},{"floor":38,"key":"Ancient Tea Set"},{"floor":38,"key":"Mango"},{"floor":39,"key":"Pear"},{"floor":40,"key":"Anchor"},{"floor":42,"key":"Dream Catcher"},{"floor":43,"key":"Dodecahedron"},{"floor":44,"key":"Mummified Hand"},{"floor":45,"key":"Bag of Marbles"},{"floor":46,"key":"Bronze Scales"},{"floor":48,"key":"Thread and Needle"},{"floor":49,"key":"Strawberry"}],"event_choices":[{"event_name":"World of Goop","player_choice":"Gather Gold","floor":10,"damage_taken":0},{"event_name":"The Library","player_choice":"Read","floor":22,"damage_taken":0},{"event_name":"Duplicator","player_choice":"One dupe","floor":25,"damage_taken":0},{"event_name":"Tomb of Lord Red Mask","player_choice":"Ignored","floor":37,"damage_taken":0}],"is_beta":false,"boss_relics":[{"not_picked":["Empty Cage","Eternal Feather"],"picked":"Astrolabe"},{"not_picked":["Tiny House","Orrery"],"picked":"Runic Dome"}],"items_purged_floors":[],"is_endless":false,"potions_floor_spawned":[1,4,5,11,13,14,16,18,20,23,27,40,42,45,47,48],"ascension_level":0}