{"gold_per_floor":[118,133,151,151,151,151,176,232,258,269,269,2,2,17,17,116,116,134,149,33,33,33,33,33],"floor_reached":24,"playtime":1586,"items_purged":["Strike_B"],"score":272,"play_id":"aa1414e5-28dd-4780-8ce4-423c4c12aaf6","local_time":"20180706102831","is_ascension_mode":true,"campfire_choices":[{"floor":6,"key":"REST"},{"floor":11,"key":"REST"},{"floor":15,"key":"REST"}],"neow_cost":"NONE","seed_source_timestamp":220336696272018,"circlet_count":0,"master_deck":["Strike_B","Strike_B","Strike_B","Defend_B","Defend_B","Defend_B","Defend_B","Zap","Dualcast","Hologram","Darkness+1","Fusion+1","Static Discharge","All For One","Scrape","Streamline","Creative AI","Glacier","Coolheaded","Scrape","Gash","Reprogram","FTL+1","Hologram","Swift Strike","Sweeping Beam"],"relics":["Cracked Core","Bag of Marbles","Boot","War Paint","MealTicket","Orrery","Frozen Egg 2"],"potions_floor_usage":[7,7,19,19],"damage_taken":[{"damage":4,"enemies":"Jaw Worm","floor":1,"turns":4},{"damage":9,"enemies":"Small Slimes","floor":2,"turns":4},{"damage":15,"enemies":"2 Louse","floor":3,"turns":3},{"damage":23,"enemies":"3 Sentries","floor":7,"turns":6},{"damage":8,"enemies":"Exordium Wildlife","floor":10,"turns":3},{"damage":19,"enemies":"Blue Slaver","floor":14,"turns":4},{"damage":34,"enemies":"The Guardian","floor":16,"turns":9},{"damage":54,"enemies":"2 Thieves","floor":18,"turns":5},{"damage":4,"enemies":"Spheric Guardian","floor":19,"turns":3},{"damage":13,"enemies":"3 Cultists","floor":24,"turns":4}],"seed_played":"-6824314224039154847","potions_obtained":[{"floor":2,"key":"PowerPotion"},{"floor":3,"key":"Dexterity Potion"},{"floor":14,"key":"GamblersBrew"},{"floor":16,"key":"Strength Potion"},{"floor":18,"key":"Fruit Juice"}],"is_trial":false,"path_per_floor":["M","M","M","?","?","R","E","?","T","M","R","$","$","M","R","B",null,"M","M","$","?","?","?"],"character_chosen":"DEFECT","items_purchased":["MealTicket","Swift Strike","Sweeping Beam"],"campfire_rested":3,"item_purchase_floors":[12,20,20],"current_hp_per_floor":[64,55,40,22,22,44,21,21,21,13,35,35,42,23,45,11,59,5,6,13,13,13,13,0],"gold":33,"neow_bonus":"THREE_CARDS","is_prod":false,"is_daily":false,"chose_seed":false,"campfire_upgraded":0,"win_rate":0,"timestamp":1530887311,"path_taken":["M","M","M","?","?","R","E","?","T","M","R","?","$","M","R","BOSS","M","M","$","?","?","?","M"],"build_version":"2018-07-05","purchased_purges":1,"victory":false,"max_hp_per_floor":[75,75,75,75,75,75,75,75,75,75,75,75,75,75,75,75,75,75,80,80,80,80,80,80],"card_choices":[{"not_picked":["Compile Driver","Conserve Battery"],"picked":"Hologram","floor":0},{"not_picked":["Conserve Battery","Undo"],"picked":"Darkness","floor":1},{"not_picked":["Conserve Battery","Chaos"],"picked":"Fusion","floor":2},{"not_picked":["Ball Lightning","Conserve Battery"],"picked":"Static Discharge","floor":3},{"not_picked":["Barrage","Compile Driver"],"picked":"All For One","floor":7},{"not_picked":["Steam","Coolheaded"],"picked":"Scrape","floor":10},{"not_picked":["Turbo","Barrage"],"picked":"Streamline","floor":14},{"not_picked":["Thunder Strike","Biased Cognition"],"picked":"Creative AI","floor":16},{"not_picked":["Streamline","Ball Lightning"],"picked":"Glacier","floor":17},{"not_picked":["Sweeping Beam","Stack"],"picked":"Coolheaded","floor":17},{"not_picked":["BootSequence","Glacier"],"picked":"Scrape","floor":17},{"not_picked":["Heatsinks","Hello World"],"picked":"Gash","floor":17},{"not_picked":["Turbo","Undo"],"picked":"Reprogram","floor":17},{"not_picked":["Stack+1","Scrape"],"picked":"FTL+1","floor":18},{"not_picked":["Rebound","Steam"],"picked":"Hologram","floor":19}],"player_experience":964533,"relics_obtained":[{"floor":7,"key":"Boot"},{"floor":9,"key":"War Paint"}],"event_choices":[{"event_name":"Scrap Ooze","player_choice":"success","floor":4,"damage_taken":18},{"event_name":"Shining Light","player_choice":"Ignored","floor":5,"damage_taken":0},{"event_name":"Golden Wing","player_choice":"Gained Gold","floor":8,"damage_taken":0},{"event_name":"Accursed Blacksmith","player_choice":"Ignore","floor":21,"damage_taken":0},{"event_name":"The Mausoleum","player_choice":"Yes","floor":22,"damage_taken":0},{"event_name":"Fountain of Cleansing","player_choice":"Removed Curse","floor":23,"damage_taken":0}],"boss_relics":[{"not_picked":["Velvet Choker","Pandora\u0027s Box"],"picked":"Orrery"}],"items_purged_floors":[12],"is_endless":false,"potions_floor_spawned":[2,3,14,16,18],"killed_by":"3 Cultists","ascension_level":8}