{"gold_per_floor":[117,117,136,148,101,131,131,165,165,175,193,193,193],"floor_reached":13,"playtime":1228,"items_purged":[],"score":100,"play_id":"e6b1ff6a-9b0b-4055-9c57-4cf44bca88e6","local_time":"20190210120644","is_ascension_mode":true,"campfire_choices":[{"data":"Seek","floor":7,"key":"SMITH"}],"neow_cost":"NONE","seed_source_timestamp":6574133048955,"circlet_count":0,"master_deck":["Strike_B","Strike_B","Strike_B","Defend_B","Defend_B","Defend_B","Defend_B","Zap","Dualcast","Compile Driver","Seek+1","Loop","Leap","Capacitor","Cold Snap"],"relics":["Cracked Core","Bottled Lightning","Thread and Needle"],"potions_floor_usage":[8,8],"damage_taken":[{"damage":0,"enemies":"2 Louse","floor":1,"turns":3},{"damage":0,"enemies":"Cultist","floor":3,"turns":2},{"damage":1,"enemies":"Jaw Worm","floor":4,"turns":3},{"damage":27,"enemies":"Lagavulin","floor":6,"turns":5},{"damage":18,"enemies":"3 Sentries","floor":8,"turns":5},{"damage":14,"enemies":"Lots of Slimes","floor":10,"turns":4},{"damage":0,"enemies":"Looter","floor":11,"turns":4},{"damage":18,"enemies":"Lagavulin","floor":13,"turns":6}],"seed_played":"425391527959090691","potions_obtained":[{"floor":3,"key":"Explosive Potion"},{"floor":4,"key":"Energy Potion"},{"floor":11,"key":"SmokeBomb"}],"is_trial":false,"path_per_floor":["M","?","M","M","$","E","R","E","T","M","M","?","E"],"character_chosen":"DEFECT","items_purchased":["Leap"],"campfire_rested":0,"item_purchase_floors":[5],"current_hp_per_floor":[75,75,75,74,74,47,47,29,29,15,15,15,0],"gold":193,"neow_bonus":"REMOVE_CARD","is_prod":false,"is_daily":false,"chose_seed":false,"campfire_upgraded":1,"win_rate":0,"timestamp":1549829204,"path_taken":["M","?","?","M","$","E","R","E","T","M","M","?","E"],"build_version":"2019-01-23","purchased_purges":0,"victory":false,"max_hp_per_floor":[75,75,75,75,75,75,75,75,75,75,75,75,75],"card_choices":[{"not_picked":["Stack","Static Discharge"],"picked":"Compile Driver","floor":1},{"not_picked":["Redo","Barrage"],"picked":"Loop","floor":3},{"not_picked":["Rebound","Stack","Sweeping Beam"],"picked":"SKIP","floor":4},{"not_picked":["Steam","Aggregate","Double Energy"],"picked":"SKIP","floor":6},{"not_picked":["Machine Learning","Compile Driver"],"picked":"Capacitor","floor":8},{"not_picked":["Darkness","Barrage"],"picked":"Cold Snap","floor":10},{"not_picked":["Doom and Gloom","Steam Power","Beam Cell"],"picked":"SKIP","floor":11}],"player_experience":323734,"relics_obtained":[{"floor":6,"key":"Bottled Lightning"},{"floor":8,"key":"Thread and Needle"}],"event_choices":[{"damage_healed":0,"gold_gain":0,"player_choice":"1 cards matched","damage_taken":0,"max_hp_gain":0,"max_hp_loss":0,"event_name":"Match and Keep!","floor":2,"gold_loss":0,"cards_obtained":["Seek"]},{"damage_healed":0,"gold_gain":0,"player_choice":"Ignored","damage_taken":0,"max_hp_gain":0,"max_hp_loss":0,"event_name":"NoteForYourself","floor":12,"gold_loss":0}],"is_beta":false,"boss_relics":[],"items_purged_floors":[],"is_endless":false,"potions_floor_spawned":[3,4,11],"killed_by":"Lagavulin","ascension_level":1}