{"path_per_floor":["M","$","M","?","$","E","R","?","T","M","?","?","R","M","R","B",null,"M","?","?","?","?"],"character_chosen":"IRONCLAD","items_purchased":["Rage"],"gold_per_floor":[115,0,16,16,16,50,50,50,103,120,70,70,70,82,82,184,184,204,229,229,229,154,154],"floor_reached":23,"campfire_rested":1,"playtime":1092,"item_purchase_floors":[2],"current_hp_per_floor":[80,80,80,80,80,58,80,77,77,77,77,77,77,77,77,66,77,77,36,36,22,22,0],"items_purged":["Defend_R"],"gold":154,"score":194,"play_id":"28a4f03c-5107-480f-85f2-2a6267d03a3a","local_time":"20180608133107","is_prod":false,"is_daily":false,"chose_seed":false,"is_ascension_mode":true,"campfire_upgraded":2,"win_rate":0,"timestamp":1528479067,"campfire_choices":[{"floor":7,"key":"REST"},{"data":"Rage","floor":13,"key":"SMITH"},{"data":"Infernal Blade","floor":15,"key":"SMITH"}],"path_taken":["M","$","M","?","$","E","R","?","T","?","?","?","R","?","R","BOSS","M","?","?","?","?","E"],"build_version":"2018-06-07","seed_source_timestamp":152355997045242,"purchased_purges":1,"victory":false,"master_deck":["Strike_R","Strike_R","Strike_R","Strike_R","Defend_R","Defend_R","Bash","Infernal Blade+1","Rage+1","Perfected Strike+1","Disarm","Bash","Dark Shackles","Headbutt","Flex","Intimidate","Impervious","Battle Trance","Cleave"],"max_hp_per_floor":[80,80,80,80,80,80,80,77,77,77,77,77,77,77,77,77,77,77,77,77,82,82,82],"relics":["Burning Blood","Oddly Smooth Stone","Regal Pillow","Lantern","Lizard Tail","Red Mask"],"card_choices":[{"not_picked":["Cleave","Havoc"],"picked":"Infernal Blade","floor":1},{"not_picked":["Carnage","Searing Blow"],"picked":"Perfected Strike","floor":3},{"not_picked":["Evolve","Reckless Charge"],"picked":"Headbutt","floor":6},{"not_picked":["True Grit","Entrench"],"picked":"Flex","floor":10},{"not_picked":["Clash","Warcry"],"picked":"Intimidate","floor":14},{"not_picked":["Exhume","Limit Break"],"picked":"Impervious","floor":16},{"not_picked":["True Grit","Headbutt"],"picked":"Battle Trance","floor":18},{"not_picked":["Warcry","Corruption"],"picked":"Cleave","floor":19}],"player_experience":421797,"potions_floor_usage":[16,23],"damage_taken":[{"damage":5,"enemies":"2 Louse","floor":1,"turns":4},{"damage":0,"enemies":"Cultist","floor":3,"turns":3},{"damage":28,"enemies":"Gremlin Nob","floor":6,"turns":4},{"damage":0,"enemies":"Small Slimes","floor":10,"turns":2},{"damage":4,"enemies":"2 Fungi Beasts","floor":14,"turns":3},{"damage":17,"enemies":"Hexaghost","floor":16,"turns":9},{"damage":3,"enemies":"Chosen","floor":18,"turns":4},{"damage":47,"floor":19,"turns":7},{"damage":77,"enemies":"Book of Stabbing","floor":23,"turns":8}],"relics_obtained":[{"floor":6,"key":"Regal Pillow"},{"floor":9,"key":"Lantern"},{"floor":19,"key":"Red Mask"}],"event_choices":[{"event_name":"Match and Keep!","player_choice":"4 cards matched","floor":4,"damage_taken":0},{"event_name":"Living Wall","player_choice":"Forget","floor":8,"damage_taken":0},{"event_name":"The Cleric","player_choice":"Card Removal","floor":11,"damage_taken":0},{"event_name":"Accursed Blacksmith","player_choice":"Forge","floor":12,"damage_taken":0},{"event_name":"Masked Bandits","player_choice":"Fought over 204 gold","floor":19,"damage_taken":0},{"event_name":"Match and Keep!","player_choice":"0 cards matched","floor":20,"damage_taken":0},{"event_name":"Forgotten Altar","player_choice":"Shed Blood","floor":21,"damage_taken":0},{"event_name":"Beggar","player_choice":"Gave Gold","floor":22,"damage_taken":0}],"boss_relics":[{"not_picked":["Ectoplasm","Black Blood"],"picked":"Lizard Tail"}],"items_purged_floors":[2],"potions_floor_spawned":[6,10,19],"seed_played":"5273386924999881574","killed_by":"Book of Stabbing","ascension_level":1,"potions_obtained":[{"floor":6,"key":"Block Potion"},{"floor":19,"key":"AttackPotion"}],"is_trial":false}