{"gold_per_floor":[211,181,192,50,66,101,111,111,111,111,129,129,139,150,150,222,222,235,235,235,255,305,305,335,351,433,445,445,460,460,460,460,460],"floor_reached":33,"playtime":1433,"items_purged":[],"score":471,"play_id":"e0178882-8a00-45a7-97af-87df5c666a88","local_time":"20190203183626","is_ascension_mode":true,"campfire_choices":[{"floor":8,"key":"REST"},{"data":"Zap","floor":12,"key":"SMITH"},{"data":"Zap","floor":15,"key":"SMITH"},{"floor":23,"key":"REST"},{"floor":28,"key":"REST"},{"data":"Buffer","floor":30,"key":"SMITH"},{"floor":32,"key":"REST"}],"neow_cost":"NONE","seed_source_timestamp":981532040108319,"circlet_count":0,"master_deck":["AscendersBane","Strike_B","Strike_B","Defend_B","Defend_B","Defend_B","Defend_B","Zap+1","Dualcast","Melter","FTL","Double Energy","Hologram","Cold Snap","Undo","Zap+1","Buffer+1","Conserve Battery","Consume","All For One","Cold Snap","BootSequence","Redo+1","Leap+1"],"relics":["Cracked Core","Gremlin Horn","Letter Opener","Velvet Choker","Darkstone Periapt","Pantograph"],"potions_floor_usage":[5,6,6,16,16,21,24,33],"damage_taken":[{"damage":2,"enemies":"2 Louse","floor":1,"turns":3},{"damage":1,"enemies":"Cultist","floor":3,"turns":3},{"damage":2,"enemies":"Jaw Worm","floor":5,"turns":2},{"damage":32,"enemies":"3 Sentries","floor":6,"turns":9},{"damage":10,"enemies":"Exordium Thugs","floor":7,"turns":3},{"damage":0,"enemies":"3 Louse","floor":11,"turns":3},{"damage":8,"enemies":"Blue Slaver","floor":13,"turns":3},{"damage":8,"enemies":"Looter","floor":14,"turns":3},{"damage":13,"enemies":"The Guardian","floor":16,"turns":9},{"damage":34,"enemies":"2 Thieves","floor":18,"turns":4},{"damage":0,"enemies":"Chosen","floor":21,"turns":4},{"damage":32,"enemies":"Gremlin Leader","floor":24,"turns":5},{"damage":7,"enemies":"Centurion and Healer","floor":25,"turns":5},{"damage":13,"enemies":"Cultist and Chosen","floor":27,"turns":5},{"damage":9,"enemies":"Snecko","floor":29,"turns":6},{"damage":86,"enemies":"Collector","floor":33,"turns":13}],"seed_played":"4286478501322203468","potions_obtained":[{"floor":1,"key":"SpeedPotion"},{"floor":2,"key":"SkillPotion"},{"floor":5,"key":"Fruit Juice"},{"floor":7,"key":"Strength Potion"},{"floor":11,"key":"Strength Potion"},{"floor":18,"key":"Regen Potion"},{"floor":21,"key":"GamblersBrew"},{"floor":31,"key":"SmokeBomb"},{"floor":31,"key":"Strength Potion"}],"is_trial":false,"path_per_floor":["M","?","M","$","M","E","M","R","T","?","M","R","M","M","R","B",null,"M","?","?","M","?","R","E","M","T","M","R","M","R","?","R","B"],"character_chosen":"DEFECT","items_purchased":["FTL","Double Energy"],"campfire_rested":4,"item_purchase_floors":[4,4],"current_hp_per_floor":[62,62,61,61,59,32,22,44,44,44,44,44,36,28,28,15,61,27,27,42,54,54,76,44,37,37,24,46,37,37,37,59,0],"gold":460,"neow_bonus":"HUNDRED_GOLD","is_prod":false,"is_daily":false,"chose_seed":false,"campfire_upgraded":3,"win_rate":0,"timestamp":1549186586,"path_taken":["M","?","M","$","?","E","M","R","T","?","M","R","M","M","R","BOSS","M","?","?","M","?","R","E","M","T","M","R","?","R","?","R","BOSS"],"build_version":"2019-01-23","purchased_purges":0,"victory":false,"max_hp_per_floor":[71,71,71,71,71,76,76,76,76,76,76,76,76,76,76,76,76,76,76,76,76,76,76,76,76,76,76,76,76,76,76,76,76],"card_choices":[{"not_picked":["Barrage","Coolheaded"],"picked":"Melter","floor":1},{"not_picked":["Beam Cell","Aggregate","Rip and Tear"],"picked":"SKIP","floor":3},{"not_picked":["Double Energy","Redo"],"picked":"Hologram","floor":5},{"not_picked":["Turbo","Compile Driver"],"picked":"Cold Snap","floor":6},{"not_picked":["Heatsinks","Streamline"],"picked":"Undo","floor":7},{"not_picked":["Gash","Conserve Battery"],"picked":"Buffer","floor":11},{"not_picked":["Fusion","Chill"],"picked":"Conserve Battery","floor":13},{"not_picked":["Barrage","Lockon"],"picked":"Consume","floor":14},{"not_picked":["Machine Learning","Fission"],"picked":"All For One","floor":16},{"not_picked":["Barrage","Conserve Battery","Coolheaded"],"picked":"SKIP","floor":18},{"not_picked":["Beam Cell","Heatsinks","Recycle"],"picked":"SKIP","floor":21},{"not_picked":["Coolheaded","Conserve Battery","Aggregate"],"picked":"SKIP","floor":24},{"not_picked":["Reboot","Cold Snap"],"picked":"Redo+1","floor":25},{"not_picked":["Turbo","Auto Shields"],"picked":"Leap+1","floor":27},{"not_picked":["Redo","Hologram+1","Conserve Battery"],"picked":"SKIP","floor":29}],"player_experience":456928,"relics_obtained":[{"floor":6,"key":"Gremlin Horn"},{"floor":9,"key":"Letter Opener"},{"floor":24,"key":"Darkstone Periapt"},{"floor":26,"key":"Pantograph"}],"event_choices":[{"damage_healed":0,"gold_gain":0,"player_choice":"Bought 2 Potions","damage_taken":0,"max_hp_gain":0,"max_hp_loss":0,"event_name":"The Woman in Blue","floor":2,"gold_loss":0},{"damage_healed":0,"gold_gain":0,"player_choice":"1 cards matched","damage_taken":0,"max_hp_gain":0,"max_hp_loss":0,"event_name":"Match and Keep!","floor":10,"gold_loss":0,"cards_obtained":["Zap"]},{"damage_healed":0,"gold_gain":0,"cards_transformed":["Strike_B","Strike_B"],"player_choice":"Became Test Subject","damage_taken":0,"max_hp_gain":0,"max_hp_loss":0,"event_name":"Drug Dealer","floor":19,"gold_loss":0,"cards_obtained":["Cold Snap","BootSequence"]},{"damage_healed":15,"gold_gain":0,"player_choice":"Heal","damage_taken":0,"max_hp_gain":0,"max_hp_loss":0,"event_name":"The Library","floor":20,"gold_loss":0},{"damage_healed":0,"gold_gain":50,"player_choice":"Stole From Cult","damage_taken":0,"max_hp_gain":0,"max_hp_loss":0,"event_name":"Nest","floor":22,"gold_loss":0},{"damage_healed":0,"gold_gain":0,"player_choice":"Got Potions","damage_taken":0,"max_hp_gain":0,"max_hp_loss":0,"event_name":"Lab","floor":31,"gold_loss":0}],"is_beta":false,"boss_relics":[{"not_picked":["Orrery","Calling Bell"],"picked":"Velvet Choker"}],"items_purged_floors":[],"is_endless":false,"potions_floor_spawned":[1,5,7,11,18,21],"killed_by":"Collector","ascension_level":15}