{"gold_per_floor":[112,122,2,20,20,20,47,47,116,131,148,167,167,179,179,250,250,265,283,333,35,35,35,46,61,61,61,21,21,36,51,51,125,125,138,155,155,30,44,44,77,77,77,77,177,6,6,16,16,16],"floor_reached":50,"playtime":2506,"items_purged":["Strike_G","Strike_G"],"score":873,"play_id":"e4ac3f14-8d90-4477-a62b-3e682f827914","local_time":"20190117153530","is_ascension_mode":true,"campfire_choices":[{"data":"Neutralize","floor":6.0,"key":"SMITH"},{"data":"All Out Attack","floor":8.0,"key":"SMITH"},{"data":"Bouncing Flask","floor":13.0,"key":"SMITH"},{"data":"Deadly Poison","floor":15.0,"key":"SMITH"},{"data":"Noxious Fumes","floor":23.0,"key":"SMITH"},{"data":"Footwork","floor":27.0,"key":"SMITH"},{"floor":29.0,"key":"REST"},{"floor":32.0,"key":"REST"},{"floor":40,"key":"REST"},{"data":"After Image","floor":44,"key":"SMITH"},{"data":"Noxious Fumes","floor":49,"key":"SMITH"}],"neow_cost":"NONE","seed_source_timestamp":0,"circlet_count":0,"master_deck":["AscendersBane","Defend_G","Defend_G","Defend_G","Defend_G","Defend_G","Strike_G","Strike_G","Strike_G","Survivor","Neutralize+1","Masterful Stab","Deadly Poison+1","Well Laid Plans","All Out Attack+1","Bouncing Flask+1","Underhanded Strike","Corpse Explosion","Cloak And Dagger","Doppelganger","Noxious Fumes+1","Footwork+1","Corpse Explosion+1","Leg Sweep+1","Wraith Form v2","Bouncing Flask+1","PiercingWail+1","After Image+1","Noxious Fumes+1","Poisoned Stab"],"special_seed":0,"relics":["Ring of the Snake","FaceOfCleric","Orichalcum","Shuriken","Velvet Choker","Happy Flower","Potion Belt","Toxic Egg 2","Eternal Feather","Bronze Scales","Turnip","Incense Burner"],"potions_floor_usage":[33,33,33,33,33,33,35,36,41,41,50,50],"damage_taken":[{"damage":1.0,"enemies":"Small Slimes","floor":1.0,"turns":4.0},{"damage":1.0,"enemies":"Cultist","floor":2.0,"turns":4.0},{"damage":0.0,"enemies":"Jaw Worm","floor":4.0,"turns":3.0},{"damage":16.0,"enemies":"Gremlin Nob","floor":7.0,"turns":3.0},{"damage":1.0,"enemies":"Blue Slaver","floor":10.0,"turns":3.0},{"damage":1.0,"enemies":"Looter","floor":11.0,"turns":4.0},{"damage":4.0,"enemies":"Red Slaver","floor":12.0,"turns":4.0},{"damage":0.0,"enemies":"Lots of Slimes","floor":14.0,"turns":1.0},{"damage":16.0,"enemies":"Hexaghost","floor":16.0,"turns":8.0},{"damage":5.0,"enemies":"3 Byrds","floor":18.0,"turns":3.0},{"damage":16.0,"enemies":"Spheric Guardian","floor":19.0,"turns":5.0},{"damage":8.0,"enemies":"Centurion and Healer","floor":24.0,"turns":4.0},{"damage":18.0,"enemies":"Snake Plant","floor":25.0,"turns":5.0},{"damage":9.0,"enemies":"Shelled Parasite and Fungi","floor":30.0,"turns":5.0},{"damage":2.0,"enemies":"Centurion and Healer","floor":31.0,"turns":4.0},{"damage":34,"enemies":"Automaton","floor":33,"turns":9},{"damage":1,"enemies":"Orb Walker","floor":35,"turns":5},{"damage":46,"enemies":"3 Darklings","floor":36,"turns":4},{"damage":0,"enemies":"4 Shapes","floor":39,"turns":5},{"damage":59,"enemies":"Giant Head","floor":41,"turns":9},{"damage":0,"enemies":"Mind Bloom Boss Battle","floor":45,"turns":7},{"damage":3,"enemies":"Maw","floor":48,"turns":7},{"damage":72,"enemies":"Awakened One","floor":50,"turns":6}],"seed_played":"544201767471554122","potions_obtained":[{"floor":0.0,"key":"SteroidPotion"},{"floor":0.0,"key":"Explosive Potion"},{"floor":7.0,"key":"GamblersBrew"},{"floor":12.0,"key":"Fire Potion"},{"floor":19.0,"key":"SkillPotion"},{"floor":24.0,"key":"SpeedPotion"},{"floor":25.0,"key":"Poison Potion"},{"floor":28.0,"key":"EntropicBrew"},{"floor":28.0,"key":"Energy Potion"},{"floor":35,"key":"SpeedPotion"},{"floor":36,"key":"Dexterity Potion"},{"floor":39,"key":"Ancient Potion"}],"is_trial":false,"path_per_floor":["M","M","$","M","?","R","E","R","T","M","M","M","R","M","R","B",null,"M","M","?","$","?","R","M","M","T","R","?","R","M","M","R","B",null,"M","M","?","$","M","R","E","?","T","R","?","$","?","M","R","B"],"character_chosen":"THE_SILENT","items_purchased":["Well Laid Plans","All Out Attack","Happy Flower","Potion Belt","FearPotion","Poisoned Stab","Swift Potion"],"campfire_rested":3,"item_purchase_floors":[3,3,21,21,38,46,46],"current_hp_per_floor":[58,57,57,57,57,57,42,42,42,42,42,39,39,40,40,25,60,56,41,41,41,56,56,49,32,32,32,32,54,46,45,68,35,68,68,23,23,23,24,63,5,68,68,68,69,69,69,67,70,0],"gold":16,"neow_bonus":"THREE_SMALL_POTIONS","is_prod":false,"is_daily":false,"chose_seed":false,"campfire_upgraded":8,"win_rate":0,"timestamp":1547706930,"path_taken":["M","M","$","M","?","R","E","R","T","M","M","?","R","M","R","BOSS","M","M","?","$","?","R","M","M","T","R","?","R","M","?","R","BOSS","M","?","?","$","M","R","E","?","T","R","?","$","?","M","R","BOSS"],"build_version":"2019-01-10","purchased_purges":2,"victory":false,"max_hp_per_floor":[66,66,66,66,66,66,67,67,67,68,69,70,70,71,71,72,72,73,74,74,74,74,74,75,76,76,76,76,76,77,78,78,79,79,80,81,81,81,82,82,83,68,68,68,69,69,69,70,70,70],"card_choices":[{"not_picked":["Slice","Infinite Blades"],"picked":"Masterful Stab","floor":1.0},{"not_picked":["Blade Dance","Bane"],"picked":"Deadly Poison","floor":2.0},{"not_picked":["Flying Knee","Slice"],"picked":"Bouncing Flask","floor":4.0},{"not_picked":["Reflex","Setup"],"picked":"Underhanded Strike","floor":7.0},{"not_picked":["Eviscerate","Blade Dance","Deadly Poison"],"picked":"SKIP","floor":10.0},{"not_picked":["Well Laid Plans","Heel Hook","Eviscerate"],"picked":"SKIP","floor":11.0},{"not_picked":["Cloak And Dagger","Bane"],"picked":"Corpse Explosion","floor":12.0},{"not_picked":["Slice","Deadly Poison"],"picked":"Cloak And Dagger","floor":14.0},{"not_picked":["Grand Finale","Phantasmal Killer"],"picked":"Doppelganger","floor":16.0},{"not_picked":["Bane","Predator"],"picked":"Noxious Fumes","floor":18.0},{"not_picked":["Quick Slash","Heel Hook","Slice"],"picked":"SKIP","floor":19.0},{"not_picked":["Well Laid Plans","Dodge and Roll"],"picked":"Footwork","floor":24.0},{"not_picked":["Dodge and Roll","Backflip","Flechettes"],"picked":"SKIP","floor":25.0},{"not_picked":["Distraction+1","Blade Dance+1"],"picked":"Corpse Explosion+1","floor":30.0},{"not_picked":["Setup+1","Deflect+1"],"picked":"Leg Sweep+1","floor":31.0},{"not_picked":["A Thousand Cuts","Storm of Steel+1"],"picked":"Wraith Form v2","floor":33},{"not_picked":["Cloak And Dagger+1","Blade Dance+1"],"picked":"Bouncing Flask+1","floor":35},{"not_picked":["Blade Dance+1","Masterful Stab"],"picked":"PiercingWail+1","floor":36},{"not_picked":["Finisher","Dodge and Roll+1","Outmaneuver+1"],"picked":"SKIP","floor":39},{"not_picked":["Flying Knee+1","Outmaneuver+1"],"picked":"After Image","floor":41},{"not_picked":["Backflip+1","Bane"],"picked":"Noxious Fumes","floor":45},{"not_picked":["Sucker Punch+1","Heel Hook","Backflip+1"],"picked":"SKIP","floor":48}],"player_experience":395557,"relics_obtained":[{"floor":7.0,"key":"Orichalcum"},{"floor":9.0,"key":"Shuriken"},{"floor":26.0,"key":"Toxic Egg 2"},{"floor":41,"key":"Bronze Scales"},{"floor":43,"key":"Turnip"},{"floor":45,"key":"Incense Burner"}],"event_choices":[{"damage_healed":0.0,"max_hp_gain":0.0,"max_hp_loss":0.0,"gold_gain":0.0,"event_name":"FaceTrader","player_choice":"Trade","floor":5.0,"gold_loss":0.0,"damage_taken":0.0,"relics_obtained":["FaceOfCleric"]},{"damage_healed":0.0,"max_hp_gain":0.0,"max_hp_loss":0.0,"gold_gain":50.0,"event_name":"Nest","player_choice":"Stole From Cult","floor":20.0,"gold_loss":0.0,"damage_taken":0.0},{"damage_healed":15.0,"max_hp_gain":0.0,"max_hp_loss":0.0,"gold_gain":0.0,"event_name":"The Library","player_choice":"Heal","floor":22.0,"gold_loss":0.0,"damage_taken":0.0},{"damage_healed":0.0,"max_hp_gain":0.0,"max_hp_loss":0.0,"gold_gain":0.0,"event_name":"The Woman in Blue","player_choice":"Bought 3 Potions","floor":28.0,"gold_loss":0.0,"damage_taken":0.0},{"damage_healed":0,"gold_gain":0,"player_choice":"Ignored","damage_taken":0,"max_hp_gain":0,"max_hp_loss":0,"event_name":"Tomb of Lord Red Mask","floor":37,"gold_loss":0},{"damage_healed":68,"gold_gain":0,"player_choice":"Heal","damage_taken":0,"max_hp_gain":0,"max_hp_loss":15,"event_name":"The Moai Head","floor":42,"gold_loss":0},{"damage_healed":0,"gold_gain":0,"player_choice":"Fight","damage_taken":0,"max_hp_gain":0,"max_hp_loss":0,"event_name":"MindBloom","floor":45,"gold_loss":0},{"damage_healed":0,"gold_gain":0,"player_choice":"Memory 1","damage_taken":0,"max_hp_gain":0,"max_hp_loss":0,"event_name":"SensoryStone","floor":47,"gold_loss":0}],"is_beta":false,"boss_relics":[{"not_picked":["Busted Crown","Orrery"],"picked":"Velvet Choker"},{"not_picked":["Snecko Eye","Lizard Tail"],"picked":"Eternal Feather"}],"items_purged_floors":[38,46],"is_endless":false,"potions_floor_spawned":[4,7,12,19,24,25,31,35,36,39],"killed_by":"Awakened One","ascension_level":15}