{"gold_per_floor":[117,117,128,128,138,163,163,195,195,22,49,59,91,101,101,198,198,214,229,154,184,199,199,212,244,292,292],"floor_reached":27,"playtime":2281,"items_purged":[],"score":408,"play_id":"8d968117-32fa-4c65-bc8b-7d670f37cabf","local_time":"20180807141502","is_ascension_mode":true,"campfire_choices":[{"data":"Dash","floor":7,"key":"SMITH"},{"floor":15,"key":"REST"},{"floor":23,"key":"REST"}],"neow_cost":"CURSE","seed_source_timestamp":992053349788525,"circlet_count":0,"master_deck":["Defend_G","Defend_G","Defend_G","Defend_G","Defend_G","Strike_G+1","Strike_G","Strike_G","Survivor","Neutralize+1","AscendersBane","Clumsy","Adrenaline","Dash+1","Cloak And Dagger","Masterful Stab","Tools of the Trade","Cloak And Dagger","Tactician","Blade Dance","Sucker Punch","Cloak And Dagger","Footwork","Deflect","After Image","Noxious Fumes","Blur+1","Tools of the Trade","Prepared+1","Caltrops"],"relics":["Ring of the Snake","Whetstone","Dodecahedron","Regal Pillow","Dream Catcher","Bronze Scales","Omamori","Lizard Tail","Red Mask","Orichalcum","Anchor"],"potions_floor_usage":[6,8,21,22,25],"damage_taken":[{"damage":2,"enemies":"Jaw Worm","floor":1,"turns":7},{"damage":0,"enemies":"2 Louse","floor":3,"turns":3},{"damage":0,"enemies":"Small Slimes","floor":5,"turns":3},{"damage":7,"enemies":"3 Sentries","floor":6,"turns":10},{"damage":9,"enemies":"Gremlin Nob","floor":8,"turns":5},{"damage":7,"enemies":"Lagavulin","floor":11,"turns":7},{"damage":4,"enemies":"Blue Slaver","floor":12,"turns":3},{"damage":13,"enemies":"3 Sentries","floor":13,"turns":9},{"damage":8,"enemies":"Large Slime","floor":14,"turns":5},{"damage":43,"enemies":"Slime Boss","floor":16,"turns":13},{"damage":0,"enemies":"Shell Parasite","floor":18,"turns":7},{"damage":6,"enemies":"Chosen","floor":19,"turns":7},{"damage":34,"floor":21,"turns":6},{"damage":19,"enemies":"Snake Plant","floor":22,"turns":5},{"damage":3,"enemies":"Chosen and Byrds","floor":24,"turns":8},{"damage":38,"enemies":"Slavers","floor":25,"turns":8},{"damage":39,"enemies":"Gremlin Leader","floor":27,"turns":3}],"seed_played":"7565455873804643320","potions_obtained":[{"floor":1,"key":"SpeedPotion"},{"floor":5,"key":"PowerPotion"},{"floor":6,"key":"AttackPotion"},{"floor":12,"key":"Regen Potion"},{"floor":16,"key":"Block Potion"},{"floor":18,"key":"PowerPotion"},{"floor":19,"key":"Explosive Potion"},{"floor":22,"key":"Weak Potion"}],"is_trial":false,"path_per_floor":["M","?","M","?","M","E","R","E","T","$","E","M","E","M","R","B",null,"M","M","?","?","M","R","M","E","T"],"character_chosen":"THE_SILENT","items_purchased":["Dream Catcher","Blade Dance"],"campfire_rested":2,"item_purchase_floors":[10,10],"current_hp_per_floor":[61,66,66,66,66,59,59,50,50,50,43,39,26,18,55,12,59,59,53,53,19,37,74,71,33,33,0],"gold":292,"neow_bonus":"THREE_RARE_CARDS","is_prod":false,"is_daily":false,"chose_seed":false,"campfire_upgraded":1,"win_rate":0,"timestamp":1533669302,"path_taken":["M","?","M","?","M","E","R","E","T","$","E","M","E","M","R","BOSS","M","M","?","?","M","R","M","E","T","E"],"build_version":"2018-08-06","purchased_purges":0,"victory":false,"max_hp_per_floor":[70,75,75,75,75,75,75,75,75,75,75,75,75,75,75,75,75,75,75,75,75,75,75,75,75,75,75],"card_choices":[{"not_picked":["Burst","Storm of Steel"],"picked":"Adrenaline","floor":0},{"not_picked":["Sucker Punch","Poisoned Stab"],"picked":"Dash","floor":1},{"not_picked":["Underhanded Strike","Slice"],"picked":"Cloak And Dagger","floor":3},{"not_picked":["Slice","Deflect"],"picked":"Tools of the Trade","floor":5},{"not_picked":["Underhanded Strike","Venomology"],"picked":"Cloak And Dagger","floor":6},{"not_picked":["Blade Dance","Flechettes"],"picked":"Tactician","floor":8},{"not_picked":["Blade Dance","PiercingWail"],"picked":"Sucker Punch","floor":11},{"not_picked":["Sucker Punch","Escape Plan"],"picked":"Cloak And Dagger","floor":12},{"not_picked":["Expertise","Catalyst","Masterful Stab"],"picked":"SKIP","floor":13},{"not_picked":["Deflect","Storm of Steel"],"picked":"Footwork","floor":14},{"not_picked":["Acrobatics","Slice"],"picked":"Deflect","floor":15},{"not_picked":["Corpse Explosion","Grand Finale"],"picked":"After Image","floor":16},{"not_picked":["Acrobatics","Blade Dance","Poisoned Stab"],"picked":"SKIP","floor":18},{"not_picked":["Deadly Poison","Cloak And Dagger"],"picked":"Noxious Fumes","floor":19},{"not_picked":["Quick Slash","Dagger Throw"],"picked":"Blur+1","floor":21},{"not_picked":["Setup","Slice","Dagger Throw"],"picked":"SKIP","floor":22},{"not_picked":["Bane","Flying Knee"],"picked":"Tools of the Trade","floor":23},{"not_picked":["Distraction","Choke"],"picked":"Prepared+1","floor":24},{"not_picked":["Backflip+1","Poisoned Stab+1"],"picked":"Caltrops","floor":25}],"player_experience":355269,"relics_obtained":[{"floor":6,"key":"Whetstone"},{"floor":8,"key":"Dodecahedron"},{"floor":9,"key":"Regal Pillow"},{"floor":11,"key":"Bronze Scales"},{"floor":13,"key":"Omamori"},{"floor":21,"key":"Red Mask"},{"floor":25,"key":"Orichalcum"},{"floor":26,"key":"Anchor"}],"event_choices":[{"event_name":"Big Fish","player_choice":"Donut","floor":2,"damage_taken":0},{"event_name":"Living Wall","player_choice":"Change","floor":4,"damage_taken":0},{"event_name":"Beggar","player_choice":"Gave Gold","floor":20,"damage_taken":0},{"event_name":"Masked Bandits","player_choice":"Fought Bandits","floor":21,"damage_taken":0}],"is_beta":true,"boss_relics":[{"not_picked":["Snecko Eye","Runic Pyramid"],"picked":"Lizard Tail"}],"items_purged_floors":[],"is_endless":false,"potions_floor_spawned":[1,5,6,12,16,18,19,22],"killed_by":"Gremlin Leader","ascension_level":11}