{"gold_per_floor":[109,22,22,72,82,82,109,120,168,181,181,246,256,356,356,433,433,451,5,5,23,23,23,33,33,33,47,47,47,62,62,62,62],"floor_reached":33,"playtime":1219,"items_purged":["Strike_B"],"score":513,"play_id":"628cb321-b9bb-43b6-9ead-4e10cf6acfdd","local_time":"20181231152800","is_ascension_mode":true,"campfire_choices":[{"data":"Streamline","floor":6.0,"key":"SMITH"},{"data":"Go for the Eyes","floor":11.0,"key":"SMITH"},{"floor":15.0,"key":"REST"},{"floor":23.0,"key":"REST"},{"floor":25.0,"key":"REST"},{"floor":32.0,"key":"REST"}],"neow_cost":"NONE","seed_source_timestamp":992783106999182,"circlet_count":0,"master_deck":["AscendersBane","Strike_B+1","Strike_B","Strike_B+1","Defend_B","Defend_B","Defend_B","Defend_B","Zap","Dualcast","Go for the Eyes+1","Sunder","Streamline+1","Beam Cell","Leap","Compile Driver","Go for the Eyes","Creative AI","Leap","Static Discharge","Static Discharge","Redo+1","Cold Snap","Storm"],"special_seed":0,"relics":["Cracked Core","NeowsBlessing","Whetstone","Centennial Puzzle","Shuriken","Nuclear Battery","FossilizedHelix","Thread and Needle","Frozen Egg 2"],"potions_floor_usage":[33],"damage_taken":[{"damage":0.0,"enemies":"Small Slimes","floor":1.0,"turns":1.0},{"damage":0.0,"enemies":"2 Louse","floor":5.0,"turns":1.0},{"damage":0.0,"enemies":"Lagavulin","floor":7.0,"turns":2.0},{"damage":6.0,"enemies":"Cultist","floor":8.0,"turns":3.0},{"damage":8.0,"enemies":"Looter","floor":10.0,"turns":2.0},{"damage":30.0,"enemies":"3 Sentries","floor":12.0,"turns":5.0},{"damage":5.0,"enemies":"Red Slaver","floor":13.0,"turns":2.0},{"damage":32.0,"enemies":"The Guardian","floor":16.0,"turns":10.0},{"damage":13.0,"enemies":"Chosen","floor":18.0,"turns":5.0},{"damage":13.0,"enemies":"3 Byrds","floor":21.0,"turns":5.0},{"damage":34.0,"enemies":"Colosseum Slavers","floor":22.0,"turns":3.0},{"damage":18.0,"enemies":"Snake Plant","floor":24.0,"turns":4.0},{"damage":0.0,"enemies":"Snecko","floor":27.0,"turns":6.0},{"damage":19.0,"enemies":"Centurion and Healer","floor":30.0,"turns":4.0},{"damage":51,"enemies":"Automaton","floor":33,"turns":6}],"seed_played":"3589955258796399326","potions_obtained":[{"floor":1.0,"key":"Dexterity Potion"},{"floor":5.0,"key":"Weak Potion"},{"floor":16.0,"key":"Regen Potion"},{"floor":18.0,"key":"FocusPotion"},{"floor":24.0,"key":"Strength Potion"}],"is_trial":false,"path_per_floor":["M","$","?","?","M","R","E","M","T","M","R","?","M","?","R","B",null,"M","$","?","M","?","R","M","R","T","M","?","$","M","T","R","B"],"character_chosen":"DEFECT","items_purchased":["Sunder","FossilizedHelix","Static Discharge"],"campfire_rested":4,"item_purchase_floors":[2,19,19],"current_hp_per_floor":[64,64,64,64,64,64,64,58,58,50,50,20,15,15,36,4,54,50,50,50,37,3,24,6,27,27,27,41,41,22,22,43,0],"gold":62,"neow_bonus":"THREE_ENEMY_KILL","is_prod":false,"is_daily":false,"chose_seed":false,"campfire_upgraded":2,"win_rate":0,"timestamp":1546288080,"path_taken":["M","$","?","?","?","R","E","M","T","M","R","?","M","?","R","BOSS","M","$","?","M","?","R","M","R","T","M","?","?","M","?","R","BOSS"],"build_version":"2018-12-20","purchased_purges":1,"victory":false,"max_hp_per_floor":[71,71,71,71,71,71,71,71,71,71,71,71,71,71,71,71,71,71,71,71,71,71,71,71,71,71,71,71,71,71,71,71,71],"card_choices":[{"not_picked":["Undo","Double Energy"],"picked":"Go for the Eyes","floor":1.0},{"not_picked":["Capacitor","Redo"],"picked":"Streamline","floor":5.0},{"not_picked":["Steam","Redo"],"picked":"Beam Cell","floor":7.0},{"not_picked":["Sweeping Beam","Meteor Strike"],"picked":"Leap","floor":8.0},{"not_picked":["Streamline","Steam Power","Lockon"],"picked":"SKIP","floor":10.0},{"not_picked":["Streamline","Stack"],"picked":"Compile Driver","floor":12.0},{"not_picked":["Capacitor","Redo"],"picked":"Go for the Eyes","floor":13.0},{"not_picked":["Meteor Strike","Fission"],"picked":"Creative AI","floor":16.0},{"not_picked":["Go for the Eyes","Conserve Battery"],"picked":"Leap","floor":18.0},{"not_picked":["Rebound","Redo"],"picked":"Static Discharge","floor":21.0},{"not_picked":["Heatsinks","Aggregate"],"picked":"Redo+1","floor":24.0},{"not_picked":["Rebound","Sunder"],"picked":"Cold Snap","floor":27.0},{"not_picked":["Darkness","Undo"],"picked":"Storm","floor":30.0}],"player_experience":1971698,"relics_obtained":[{"floor":7.0,"key":"Whetstone"},{"floor":9.0,"key":"Centennial Puzzle"},{"floor":12.0,"key":"Shuriken"},{"floor":26.0,"key":"Thread and Needle"},{"floor":31.0,"key":"Frozen Egg 2"}],"event_choices":[{"damage_healed":0.0,"max_hp_gain":0.0,"max_hp_loss":0.0,"gold_gain":0.0,"event_name":"Liars Game","player_choice":"Ignored","floor":3.0,"gold_loss":0.0,"damage_taken":0.0},{"damage_healed":0.0,"max_hp_gain":0.0,"max_hp_loss":0.0,"gold_gain":50.0,"event_name":"Golden Shrine","player_choice":"Pray","floor":4.0,"gold_loss":0.0,"damage_taken":0.0},{"damage_healed":0.0,"max_hp_gain":0.0,"max_hp_loss":0.0,"gold_gain":0.0,"event_name":"Dead Adventurer","player_choice":"Searched \u00271\u0027 times","floor":12.0,"gold_loss":0.0,"damage_taken":0.0},{"damage_healed":0.0,"max_hp_gain":0.0,"max_hp_loss":0.0,"gold_gain":100.0,"event_name":"Wheel of Change","player_choice":"Gold","floor":14.0,"gold_loss":0.0,"damage_taken":0.0},{"damage_healed":0.0,"max_hp_gain":0.0,"max_hp_loss":0.0,"gold_gain":0.0,"event_name":"Colosseum","player_choice":"Fight","floor":22.0,"gold_loss":0.0,"damage_taken":0.0},{"damage_healed":0.0,"max_hp_gain":0.0,"max_hp_loss":0.0,"gold_gain":0.0,"event_name":"Colosseum","player_choice":"Fled From Nobs","floor":22.0,"gold_loss":0.0,"damage_taken":0.0},{"damage_healed":14.0,"max_hp_gain":0.0,"max_hp_loss":0.0,"gold_gain":0.0,"event_name":"The Library","player_choice":"Heal","floor":28.0,"gold_loss":0.0,"damage_taken":0.0}],"is_beta":false,"boss_relics":[{"not_picked":["Runic Pyramid","Black Star"],"picked":"Nuclear Battery"}],"items_purged_floors":[19],"is_endless":false,"potions_floor_spawned":[1,5,16,18,24],"killed_by":"Automaton","ascension_level":18}