{"gold_per_floor":[214,214,233,7,7,7,35,35,59,90,102,142,172,197,209,318,330,357,369,392,423,435,447,494,516,528,619,650,689,1001,1031,1043,1157,1169,1193,803,823,834,303,303,331,342,342,342,342,342,342,358,358,358],"floor_reached":51,"playtime":3520,"items_purged":["Strike_G","Strike_G"],"score":1068,"play_id":"77e8416d-535b-4245-8811-9c4ae437bc25","local_time":"20180802182817","is_ascension_mode":true,"campfire_choices":[{"data":"Neutralize","floor":6,"key":"SMITH"},{"data":"Iron Wave","floor":8,"key":"SMITH"},{"data":"Noxious Fumes","floor":11,"key":"SMITH"},{"data":"Cloak And Dagger","floor":15,"key":"SMITH"},{"floor":23,"key":"REST"},{"floor":32,"key":"REST"},{"floor":40,"key":"REST"},{"floor":46,"key":"REST"},{"floor":49,"key":"REST"}],"neow_cost":"NONE","seed_source_timestamp":573980081886902,"circlet_count":0,"master_deck":["Defend_G","Defend_G","Defend_G","Defend_G","Strike_G","Strike_G","Survivor","Neutralize+1","Blade Dance","Iron Wave+1","Noxious Fumes+1","Dagger Spray","Dodge and Roll","Skewer+1","Cloak And Dagger+1","A Thousand Cuts","Dodge and Roll+1","Necronomicurse","Well Laid Plans","All Out Attack+1","Dodge and Roll","Caltrops","Noxious Fumes","Tools of the Trade","Backflip","Backflip","Infinite Blades","Sadistic Nature","Predator+1","Sucker Punch","Caltrops","Acrobatics+1","Blur","Footwork+1","Prepared","Discovery","Accuracy"],"relics":["Ring of the Snake","Dream Catcher","Thread and Needle","Bronze Scales","MawBank","Boot","Fusion Hammer","Necronomicon","Pear","Bottled Tornado","Tiny Chest","Whetstone","Old Coin","Sozu","Chemical X","Omamori","Bag of Marbles","Darkstone Periapt"],"potions_floor_usage":[10,12,14,24,28,31,33],"damage_taken":[{"damage":0,"enemies":"Small Slimes","floor":1,"turns":3},{"damage":0,"enemies":"Cultist","floor":3,"turns":5},{"damage":24,"enemies":"3 Sentries","floor":7,"turns":7},{"damage":7,"enemies":"Lagavulin","floor":10,"turns":6},{"damage":4,"enemies":"3 Sentries","floor":12,"turns":6},{"damage":0,"enemies":"Jaw Worm","floor":13,"turns":3},{"damage":2,"enemies":"Large Slime","floor":14,"turns":6},{"damage":2,"enemies":"Hexaghost","floor":16,"turns":9},{"damage":1,"enemies":"3 Byrds","floor":18,"turns":3},{"damage":0,"enemies":"Spheric Guardian","floor":20,"turns":3},{"damage":15,"enemies":"Slaver and Parasite","floor":21,"turns":6},{"damage":18,"enemies":"Book of Stabbing","floor":24,"turns":5},{"damage":0,"enemies":"Chosen and Byrds","floor":25,"turns":4},{"damage":17,"enemies":"Snecko","floor":28,"turns":6},{"damage":13,"enemies":"Slavers","floor":29,"turns":6},{"damage":0,"enemies":"Centurion and Healer","floor":31,"turns":4},{"damage":23,"enemies":"Automaton","floor":33,"turns":10},{"damage":37,"enemies":"3 Darklings","floor":35,"turns":3},{"damage":0,"enemies":"Orb Walker","floor":37,"turns":3},{"damage":0,"enemies":"4 Shapes","floor":38,"turns":5},{"damage":46,"enemies":"2 Orb Walkers","floor":41,"turns":5},{"damage":8,"enemies":"Sphere and 2 Shapes","floor":42,"turns":5},{"damage":17,"enemies":"Transient","floor":48,"turns":5},{"damage":57,"enemies":"Time Eater","floor":50,"turns":9}],"seed_played":"2948246332029724381","potions_obtained":[{"floor":3,"key":"SkillPotion"},{"floor":7,"key":"LiquidBronze"},{"floor":13,"key":"SkillPotion"},{"floor":20,"key":"Explosive Potion"},{"floor":25,"key":"Fruit Juice"},{"floor":29,"key":"GhostInAJar"},{"floor":31,"key":"EssenceOfSteel"}],"is_trial":false,"path_per_floor":["M","?","M","$","?","R","E","R","T","E","R","E","M","M","R","B",null,"M","?","M","M","?","R","E","M","T","T","M","E","T","M","R","B",null,"M","$","M","M","$","R","E","M","T","?","?","R","?","M","R","B"],"character_chosen":"THE_SILENT","items_purchased":["Noxious Fumes","Dream Catcher","Backflip","Infinite Blades","Sadistic Nature","Chemical X","Omamori","Caltrops"],"campfire_rested":5,"item_purchase_floors":[4,4,36,36,36,39,39,39],"current_hp_per_floor":[63,63,63,63,56,56,32,32,32,25,25,21,21,19,19,17,57,56,40,40,25,25,46,38,38,38,38,26,13,13,13,38,15,68,31,31,31,31,31,56,10,2,2,74,74,74,64,47,69,12],"gold":358,"neow_bonus":"HUNDRED_GOLD","is_prod":false,"is_daily":false,"chose_seed":false,"campfire_upgraded":4,"win_rate":0,"timestamp":1533252497,"path_taken":["M","?","M","$","?","R","E","R","T","E","R","E","M","M","R","BOSS","M","?","M","?","?","R","E","?","T","?","M","E","?","?","R","BOSS","M","$","M","M","$","R","E","M","T","?","?","R","?","M","R","BOSS"],"build_version":"2018-08-01","purchased_purges":2,"victory":true,"max_hp_per_floor":[70,70,70,70,70,70,70,70,70,70,70,70,70,70,70,70,70,70,70,70,70,70,70,80,80,80,80,85,85,85,85,85,85,85,85,85,85,85,85,85,85,85,85,74,74,74,74,74,74,74],"card_choices":[{"not_picked":["Poisoned Stab","Distraction"],"picked":"Blade Dance","floor":1},{"not_picked":["Terror","Prepared"],"picked":"Slice","floor":3},{"not_picked":["Eviscerate","Masterful Stab"],"picked":"Dagger Spray","floor":7},{"not_picked":["Expertise","Sucker Punch"],"picked":"Dodge and Roll","floor":10},{"not_picked":["Acrobatics","Sucker Punch"],"picked":"Skewer","floor":12},{"not_picked":["Sucker Punch","Underhanded Strike","PiercingWail"],"picked":"SKIP","floor":13},{"not_picked":["All Out Attack","Tactician"],"picked":"Cloak And Dagger","floor":14},{"not_picked":["Glass Knife","Burst"],"picked":"A Thousand Cuts","floor":16},{"not_picked":["Terror","Acrobatics"],"picked":"Dodge and Roll+1","floor":18},{"not_picked":["Masterful Stab","All Out Attack"],"picked":"Well Laid Plans","floor":20},{"not_picked":["Acrobatics","Accuracy","Deadly Poison+1"],"picked":"SKIP","floor":21},{"not_picked":["Blur","Masterful Stab"],"picked":"All Out Attack","floor":23},{"not_picked":["Expertise","Masterful Stab","Setup"],"picked":"SKIP","floor":24},{"not_picked":["Predator+1","Blade Dance"],"picked":"Dodge and Roll","floor":25},{"not_picked":["Crippling Poison","Heel Hook","Catalyst"],"picked":"SKIP","floor":28},{"not_picked":["Bouncing Flask","Slice","Prepared"],"picked":"SKIP","floor":29},{"not_picked":["Blade Dance","Accuracy"],"picked":"Caltrops","floor":31},{"not_picked":["Blade Dance","Bane"],"picked":"Noxious Fumes","floor":32},{"not_picked":["Die Die Die","Venomology"],"picked":"Tools of the Trade","floor":33},{"not_picked":["Acrobatics","Well Laid Plans+1"],"picked":"Backflip","floor":35},{"not_picked":["Escape Plan+1","Dodge and Roll"],"picked":"Predator+1","floor":37},{"not_picked":["Deflect","Setup"],"picked":"Sucker Punch","floor":38},{"not_picked":["Slice","Dagger Spray"],"picked":"Acrobatics+1","floor":40},{"not_picked":["Backflip+1","Poisoned Stab+1"],"picked":"Blur","floor":41},{"not_picked":["Sucker Punch","Choke+1"],"picked":"Footwork+1","floor":42},{"not_picked":["Accuracy","Underhanded Strike+1"],"picked":"Prepared","floor":46},{"not_picked":["Forethought","Magnetism"],"picked":"Discovery","floor":47},{"not_picked":["Acrobatics+1","Blade Dance","Bane+1"],"picked":"SKIP","floor":48},{"not_picked":["Infinite Blades+1","Deflect+1"],"picked":"Accuracy","floor":49}],"player_experience":331096,"relics_obtained":[{"floor":7,"key":"Thread and Needle"},{"floor":9,"key":"Bronze Scales"},{"floor":10,"key":"MawBank"},{"floor":12,"key":"Boot"},{"floor":19,"key":"Necronomicon"},{"floor":24,"key":"Pear"},{"floor":26,"key":"Bottled Tornado"},{"floor":27,"key":"Tiny Chest"},{"floor":29,"key":"Whetstone"},{"floor":30,"key":"Old Coin"},{"floor":41,"key":"Bag of Marbles"},{"floor":43,"key":"Darkstone Periapt"}],"event_choices":[{"event_name":"NoteForYourself","player_choice":"Took Card","floor":2,"damage_taken":0},{"event_name":"Golden Wing","player_choice":"Card Removal","floor":5,"damage_taken":0},{"event_name":"Cursed Tome","player_choice":"Obtained Book","floor":19,"damage_taken":0},{"event_name":"Vampires","player_choice":"Ignored","floor":22,"damage_taken":0},{"event_name":"The Moai Head","player_choice":"Heal","floor":44,"damage_taken":0},{"event_name":"Falling","player_choice":"Removed Attack","floor":45,"damage_taken":0},{"event_name":"SensoryStone","player_choice":"Memory 3","floor":47,"damage_taken":0}],"is_beta":true,"boss_relics":[{"not_picked":["Lizard Tail","Astrolabe"],"picked":"Fusion Hammer"},{"not_picked":["Empty Cage","Busted Crown"],"picked":"Sozu"}],"items_purged_floors":[36,39],"is_endless":false,"potions_floor_spawned":[3,7,13,20,25,29,31,35,37,48],"ascension_level":9}