{"gold_per_floor":[117,133,145,14,24,53,53,103,129,148,148,160,173,185,185,262,262,276,276],"floor_reached":19,"playtime":882,"items_purged":["Strike_B"],"score":337,"play_id":"944d5a24-ba47-48be-bbab-539183108879","local_time":"20190131194804","is_ascension_mode":true,"campfire_choices":[{"floor":7.0,"key":"REST"},{"floor":11.0,"key":"REST"},{"floor":15.0,"key":"REST"}],"neow_cost":"NONE","seed_source_timestamp":0,"circlet_count":0,"master_deck":["AscendersBane","Strike_B","Strike_B","Strike_B","Defend_B","Defend_B","Defend_B","Defend_B","Zap","Dualcast","Defragment","Ball Lightning+1","Hologram","Ball Lightning+1","Go for the Eyes","Cold Snap","Steam","Consume","Loop","Stack","Echo Form","Genetic Algorithm"],"special_seed":0,"relics":["Cracked Core","NeowsBlessing","Whetstone","Bag of Preparation","Runic Pyramid"],"potions_floor_usage":[],"damage_taken":[{"damage":0.0,"enemies":"2 Louse","floor":1.0,"turns":1.0},{"damage":0.0,"enemies":"Cultist","floor":2.0,"turns":1.0},{"damage":0.0,"enemies":"Small Slimes","floor":3.0,"turns":1.0},{"damage":24.0,"enemies":"Exordium Wildlife","floor":5.0,"turns":4.0},{"damage":35.0,"enemies":"Lagavulin","floor":6.0,"turns":4.0},{"damage":9.0,"enemies":"3 Louse","floor":10.0,"turns":2.0},{"damage":36.0,"enemies":"Exordium Thugs","floor":12.0,"turns":3.0},{"damage":7.0,"enemies":"Large Slime","floor":13.0,"turns":6.0},{"damage":3.0,"enemies":"Exordium Wildlife","floor":14.0,"turns":5.0},{"damage":21.0,"enemies":"Hexaghost","floor":16.0,"turns":8.0},{"damage":37,"enemies":"2 Thieves","floor":18,"turns":4},{"damage":26,"enemies":"Masked Bandits","floor":19,"turns":2}],"seed_played":"-3376952239037266910","potions_obtained":[{"floor":1.0,"key":"Fire Potion"},{"floor":2.0,"key":"FairyPotion"},{"floor":13.0,"key":"EssenceOfSteel"},{"floor":14.0,"key":"AttackPotion"}],"is_trial":false,"path_per_floor":["M","M","M","$","M","E","R","?","T","M","R","M","M","M","R","B",null,"M","?"],"character_chosen":"DEFECT","items_purchased":["Ball Lightning"],"campfire_rested":3,"item_purchase_floors":[4],"current_hp_per_floor":[64,64,64,64,40,5,26,26,26,17,38,2,7,4,25,4,54,17,0],"gold":276,"neow_bonus":"THREE_ENEMY_KILL","is_prod":false,"is_daily":false,"chose_seed":false,"campfire_upgraded":0,"win_rate":0,"timestamp":1548982084,"path_taken":["M","M","M","$","M","E","R","?","T","M","R","?","M","M","R","BOSS","M","?"],"build_version":"2019-01-23","purchased_purges":1,"victory":false,"max_hp_per_floor":[71,71,71,71,71,71,71,71,71,71,71,71,71,71,71,71,71,71,71],"card_choices":[{"not_picked":["Fusion","Sweeping Beam"],"picked":"Defragment","floor":1.0},{"not_picked":["Go for the Eyes","Steam"],"picked":"Ball Lightning","floor":2.0},{"not_picked":["Undo","Rebound"],"picked":"Hologram","floor":3.0},{"not_picked":["Steam Power","Stack"],"picked":"Go for the Eyes","floor":5.0},{"not_picked":["Sweeping Beam","Gash"],"picked":"Cold Snap","floor":6.0},{"not_picked":["Streamline","Compile Driver"],"picked":"Steam","floor":10.0},{"not_picked":["Skim","Hologram"],"picked":"Consume","floor":12.0},{"not_picked":["Darkness","Turbo"],"picked":"Loop","floor":13.0},{"not_picked":["Heatsinks","Lockon"],"picked":"Stack","floor":14.0},{"not_picked":["Core Surge","Reboot"],"picked":"Echo Form","floor":16.0},{"not_picked":["Gash","Fusion"],"picked":"Genetic Algorithm","floor":18}],"player_experience":2255213,"relics_obtained":[{"floor":6.0,"key":"Whetstone"},{"floor":9.0,"key":"Bag of Preparation"}],"event_choices":[{"damage_healed":0.0,"max_hp_gain":0.0,"max_hp_loss":0.0,"gold_gain":50.0,"event_name":"Golden Shrine","player_choice":"Pray","floor":8.0,"gold_loss":0.0,"damage_taken":0.0},{"damage_healed":0,"gold_gain":0,"player_choice":"Fought Bandits","damage_taken":0,"max_hp_gain":0,"max_hp_loss":0,"event_name":"Masked Bandits","floor":19,"gold_loss":0}],"is_beta":false,"boss_relics":[{"not_picked":["Calling Bell","Black Star"],"picked":"Runic Pyramid"}],"items_purged_floors":[4],"is_endless":false,"potions_floor_spawned":[1,2,3,13,14],"killed_by":"Masked Bandits","ascension_level":19}