{"gold_per_floor":[119,137,62,77,77,77,77,95,95,107,118,118,18,35,35,138,138,138,138,138,138,13,13,13,13,13,13,13,13,13,13,13,13,13,13,13,0,0,0,0,0,0,0,0,0,0,0,0,0,0],"floor_reached":51,"playtime":831,"items_purged":["Defend_R","Strike_R","Strike_R"],"score":833,"play_id":"a2502bac-2130-40ad-b087-d58781229533","local_time":"20181105162141","is_ascension_mode":false,"campfire_choices":[{"data":"Whirlwind","floor":7,"key":"SMITH"},{"data":"Battle Trance","floor":15,"key":"SMITH"},{"data":"Thunderclap","floor":23,"key":"SMITH"},{"floor":25,"key":"RECALL"},{"data":"Shrug It Off","floor":32,"key":"SMITH"},{"floor":42,"key":"REST"},{"floor":47,"key":"REST"},{"data":"Bash","floor":49,"key":"SMITH"}],"neow_cost":"NONE","seed_source_timestamp":826745239077782,"circlet_count":0,"master_deck":["Strike_R","Strike_R","Defend_R","Defend_R","Defend_R","Bash+1","Shrug It Off+1","Whirlwind+1","Battle Trance+1","Thunderclap+1","Whirlwind+1"],"relics":["Burning Blood","Mercury Hourglass","Bag of Marbles","Ectoplasm","MutagenicStrength","Happy Flower","Singing Bowl","Runic Dome","Red Mask","Magic Flower","Bag of Preparation"],"potions_floor_usage":[12,16,16,33,33,40,50,50],"damage_taken":[{"damage":10,"enemies":"Cultist","floor":1,"turns":4},{"damage":11,"enemies":"Jaw Worm","floor":2,"turns":2},{"damage":0,"enemies":"2 Louse","floor":4,"turns":1},{"damage":5,"enemies":"Lots of Slimes","floor":8,"turns":2},{"damage":0,"enemies":"3 Louse","floor":10,"turns":1},{"damage":13,"enemies":"Red Slaver","floor":11,"turns":2},{"damage":0,"enemies":"2 Fungi Beasts","floor":14,"turns":1},{"damage":0,"enemies":"Slime Boss","floor":16,"turns":3},{"damage":14,"enemies":"Shell Parasite","floor":18,"turns":4},{"damage":0,"enemies":"2 Thieves","floor":19,"turns":1},{"damage":12,"enemies":"Centurion and Healer","floor":21,"turns":2},{"damage":0,"enemies":"Slavers","floor":24,"turns":1},{"damage":0,"enemies":"3 Cultists","floor":28,"turns":1},{"damage":12,"enemies":"Gremlin Leader","floor":29,"turns":4},{"damage":0,"enemies":"Snake Plant","floor":31,"turns":1},{"damage":18,"enemies":"Collector","floor":33,"turns":7},{"damage":0,"enemies":"3 Shapes","floor":35,"turns":1},{"damage":0,"enemies":"3 Darklings","floor":36,"turns":1},{"damage":18,"enemies":"2 Orb Walkers","floor":38,"turns":2},{"damage":51,"enemies":"Maw","floor":39,"turns":6},{"damage":21,"enemies":"Transient","floor":40,"turns":5},{"damage":28,"enemies":"Spire Growth","floor":41,"turns":3},{"damage":0,"enemies":"3 Darklings","floor":44,"turns":1},{"damage":0,"enemies":"Sphere and 2 Shapes","floor":48,"turns":1},{"damage":72,"enemies":"Donu and Deca","floor":50,"turns":4}],"seed_played":"6182149936838263959","potions_obtained":[{"floor":2,"key":"Regen Potion"},{"floor":8,"key":"SpeedPotion"},{"floor":10,"key":"SteroidPotion"},{"floor":11,"key":"SteroidPotion"},{"floor":12,"key":"Fruit Juice"},{"floor":12,"key":"GamblersBrew"},{"floor":18,"key":"SpeedPotion"},{"floor":24,"key":"GamblersBrew"},{"floor":29,"key":"GamblersBrew"},{"floor":35,"key":"LiquidBronze"},{"floor":36,"key":"GamblersBrew"},{"floor":44,"key":"Strength Potion"}],"is_trial":false,"path_per_floor":["M","M","$","M","?","?","R","M","T","M","M","?","$","M","R","B",null,"M","M","?","M","$","R","E","R","T","?","M","E","?","M","R","B",null,"M","M","?","?","M","M","M","R","T","M","?","$","R","M","R","B",null],"character_chosen":"IRONCLAD","items_purchased":[],"campfire_rested":2,"item_purchase_floors":[],"current_hp_per_floor":[76,71,71,77,70,70,70,71,71,77,70,75,75,81,81,85,85,77,83,83,77,77,77,83,83,83,83,85,81,81,89,89,79,91,93,95,95,85,45,35,18,48,48,57,59,59,90,101,101,38],"gold":0,"neow_bonus":"THREE_CARDS","is_prod":false,"is_daily":false,"chose_seed":false,"campfire_upgraded":5,"win_rate":0,"timestamp":1541456501,"path_taken":["M","?","?","M","?","?","R","?","T","?","M","?","$","M","R","BOSS","M","M","?","M","$","R","E","R","T","?","M","E","?","M","R","BOSS","M","M","?","?","M","M","M","R","T","M","?","?","R","M","R","BOSS"],"build_version":"2018-11-02","purchased_purges":3,"victory":true,"max_hp_per_floor":[80,80,80,80,80,80,80,80,80,80,80,85,85,85,85,85,85,85,85,85,85,85,85,85,85,85,85,85,87,87,89,89,91,91,93,95,95,97,99,101,103,103,103,103,105,105,105,107,107,107],"card_choices":[{"not_picked":["Hemokinesis","Ghostly Armor"],"picked":"Shrug It Off","floor":0},{"not_picked":["Sword Boomerang","Perfected Strike","Burning Pact"],"picked":"SKIP","floor":1},{"not_picked":["Burning Pact","Perfected Strike"],"picked":"Whirlwind","floor":2},{"not_picked":["Reaper","Pommel Strike","Reckless Charge"],"picked":"SKIP","floor":4},{"not_picked":["Headbutt","Perfected Strike","Feel No Pain"],"picked":"SKIP","floor":8},{"not_picked":["Spot Weakness","Bloodletting"],"picked":"Battle Trance","floor":10},{"not_picked":["Clash","Dark Embrace","Shockwave"],"picked":"SKIP","floor":11},{"not_picked":["Anger","Twin Strike","Sever Soul"],"picked":"SKIP","floor":14},{"not_picked":["Anger","Battle Trance","Spot Weakness+1"],"picked":"SKIP","floor":18},{"not_picked":["Infernal Blade+1","Wild Strike+1"],"picked":"Thunderclap","floor":19},{"not_picked":["Flame Barrier+1","Body Slam","Wild Strike"],"picked":"SKIP","floor":21},{"not_picked":["Second Wind","Bloodletting","Cleave"],"picked":"SKIP","floor":24},{"not_picked":["Battle Trance","Clash","Barricade"],"picked":"SKIP","floor":28},{"not_picked":["Perfected Strike","Metallicize","Armaments+1"],"picked":"Singing Bowl","floor":29},{"not_picked":["Bloodletting+1","Body Slam","Seeing Red"],"picked":"Singing Bowl","floor":31},{"not_picked":["Demon Form","Juggernaut","Exhume"],"picked":"Singing Bowl","floor":33},{"not_picked":["Wild Strike","Pommel Strike+1","Shrug It Off"],"picked":"Singing Bowl","floor":35},{"not_picked":["Second Wind+1","Spot Weakness","Cleave+1"],"picked":"Singing Bowl","floor":36},{"not_picked":["Perfected Strike+1","Intimidate+1","Iron Wave"],"picked":"Singing Bowl","floor":38},{"not_picked":["Second Wind","Cleave+1","Metallicize"],"picked":"Singing Bowl","floor":39},{"not_picked":["Headbutt+1","Body Slam+1","Dual Wield+1"],"picked":"Singing Bowl","floor":40},{"not_picked":["Shrug It Off","Wild Strike","Disarm"],"picked":"Singing Bowl","floor":41},{"not_picked":["Thunderclap+1","Body Slam"],"picked":"Whirlwind+1","floor":44},{"not_picked":["Panache","Mayhem","Dark Shackles"],"picked":"Singing Bowl","floor":45},{"not_picked":["Havoc","Wild Strike","Hemokinesis"],"picked":"Singing Bowl","floor":48}],"player_experience":746462,"relics_obtained":[{"floor":9,"key":"Bag of Marbles"},{"floor":24,"key":"Happy Flower"},{"floor":29,"key":"Singing Bowl"},{"floor":38,"key":"Magic Flower"},{"floor":43,"key":"Bag of Preparation"}],"event_choices":[{"cards_removed":["Strike_R"],"damage_healed":0,"gold_gain":0,"player_choice":"Card Removal","damage_taken":7,"max_hp_gain":0,"max_hp_loss":0,"event_name":"Golden Wing","floor":5,"gold_loss":0},{"damage_healed":0,"gold_gain":0,"player_choice":"Gave Potion","damage_taken":0,"relics_obtained":["Mercury Hourglass"],"max_hp_gain":0,"max_hp_loss":0,"event_name":"WeMeetAgain","floor":6,"gold_loss":0},{"damage_healed":0,"gold_gain":0,"player_choice":"Got Potions","damage_taken":0,"max_hp_gain":0,"max_hp_loss":0,"event_name":"Lab","floor":12,"gold_loss":0},{"damage_healed":0,"gold_gain":0,"player_choice":"Inject Mutagens","damage_taken":0,"relics_obtained":["MutagenicStrength"],"max_hp_gain":0,"max_hp_loss":0,"event_name":"Drug Dealer","floor":20,"gold_loss":0},{"damage_healed":0,"gold_gain":0,"player_choice":"Ignored","damage_taken":0,"max_hp_gain":0,"max_hp_loss":0,"event_name":"Vampires","floor":27,"gold_loss":0},{"damage_healed":0,"gold_gain":0,"player_choice":"Ignored","damage_taken":0,"max_hp_gain":0,"max_hp_loss":0,"event_name":"Ghosts","floor":30,"gold_loss":0},{"damage_healed":0,"gold_gain":0,"player_choice":"Paid","damage_taken":0,"relics_obtained":["Red Mask"],"max_hp_gain":0,"max_hp_loss":0,"event_name":"Tomb of Lord Red Mask","floor":37,"gold_loss":13},{"damage_healed":0,"gold_gain":0,"player_choice":"Fight","damage_taken":0,"max_hp_gain":0,"max_hp_loss":0,"event_name":"Mysterious Sphere","floor":38,"gold_loss":0},{"damage_healed":0,"gold_gain":0,"player_choice":"Memory 1","damage_taken":0,"max_hp_gain":0,"max_hp_loss":0,"event_name":"SensoryStone","floor":45,"gold_loss":0}],"is_beta":true,"boss_relics":[{"not_picked":["Mark of Pain","Cursed Key"],"picked":"Ectoplasm"},{"not_picked":["Black Star","Calling Bell"],"picked":"Runic Dome"}],"items_purged_floors":[3,13,22],"is_endless":false,"potions_floor_spawned":[2,8,10,11,18,24,29,31,35,36,44],"ascension_level":0}