{"gold_per_floor":[111,36,36,56,67,67,95,105,105,105,122,136,136,156,156,233,233,245,245,3,18,18,18,18],"floor_reached":24,"playtime":775,"items_purged":["Strike_B+1"],"score":376,"play_id":"6dc46885-4343-427b-89c0-a63824cc9bae","local_time":"20181222201512","is_ascension_mode":true,"campfire_choices":[{"data":"Sunder","floor":6,"key":"SMITH"},{"floor":10,"key":"REST"},{"data":"Zap","floor":13,"key":"SMITH"},{"floor":15,"key":"REST"},{"data":"Go for the Eyes","floor":23,"key":"SMITH"}],"neow_cost":"NONE","seed_source_timestamp":233144733982262,"circlet_count":0,"master_deck":["AscendersBane","Strike_B+1","Defend_B+1","Defend_B+1","Defend_B+1","Defend_B+1","Zap+1","Dualcast","Sunder+1","Sweeping Beam","Sweeping Beam","BootSequence","Leap","Rip and Tear","Leap","Self Repair","Seek","Sweeping Beam","Go for the Eyes+1","Shame"],"relics":["Cracked Core","Whetstone","Letter Opener","The Courier","Black Star","ClockworkSouvenir","Singing Bowl"],"potions_floor_usage":[7,16,16,18],"damage_taken":[{"damage":3,"enemies":"Small Slimes","floor":1,"turns":3},{"damage":8,"enemies":"2 Louse","floor":4,"turns":2},{"damage":6,"enemies":"Cultist","floor":5,"turns":3},{"damage":32,"enemies":"Gremlin Nob","floor":7,"turns":4},{"damage":0,"enemies":"2 Fungi Beasts","floor":8,"turns":1},{"damage":0,"enemies":"Large Slime","floor":11,"turns":4},{"damage":4,"enemies":"Blue Slaver","floor":12,"turns":3},{"damage":0,"enemies":"3 Louse","floor":14,"turns":2},{"damage":32,"enemies":"Slime Boss","floor":16,"turns":8},{"damage":0,"enemies":"3 Byrds","floor":18,"turns":2},{"damage":18,"enemies":"Chosen","floor":21,"turns":5},{"damage":61,"enemies":"Slavers","floor":24,"turns":4}],"seed_played":"2485546291328692932","potions_obtained":[{"floor":5,"key":"SteroidPotion"},{"floor":8,"key":"SpeedPotion"},{"floor":11,"key":"Block Potion"},{"floor":12,"key":"Regen Potion"},{"floor":16,"key":"LiquidBronze"}],"is_trial":false,"path_per_floor":["M","?","?","M","M","R","E","M","T","R","M","M","R","M","R","B",null,"M","?","$","M","?","R","E"],"character_chosen":"DEFECT","items_purchased":["ClockworkSouvenir"],"campfire_rested":2,"item_purchase_floors":[20],"current_hp_per_floor":[61,61,61,53,47,47,15,15,15,36,36,32,32,32,53,43,64,64,64,64,53,53,53,0],"gold":18,"neow_bonus":"RANDOM_COMMON_RELIC","is_prod":false,"is_daily":false,"chose_seed":false,"campfire_upgraded":3,"win_rate":0,"timestamp":1545527712,"path_taken":["M","?","?","M","M","R","E","M","T","R","?","M","R","M","R","BOSS","M","?","$","M","?","R","E"],"build_version":"2018-12-20","purchased_purges":1,"victory":false,"max_hp_per_floor":[71,71,71,71,71,71,71,71,71,71,71,71,71,71,71,71,71,71,71,71,71,71,71,71],"card_choices":[{"not_picked":["Turbo","Beam Cell"],"picked":"Sunder","floor":1},{"not_picked":["Redo","Darkness"],"picked":"Sweeping Beam","floor":4},{"not_picked":["Streamline","Turbo"],"picked":"Sweeping Beam","floor":5},{"not_picked":["Go for the Eyes","Conserve Battery"],"picked":"BootSequence","floor":7},{"not_picked":["Hologram","Gash"],"picked":"Leap","floor":8},{"not_picked":["Rebound","Cold Snap"],"picked":"Rip and Tear","floor":11},{"not_picked":["Force Field","Coolheaded"],"picked":"Leap","floor":12},{"not_picked":["Chaos","Stack"],"picked":"Self Repair","floor":14},{"not_picked":["Fission","Multi-Cast"],"picked":"Seek","floor":16},{"not_picked":["Genetic Algorithm","Leap"],"picked":"Sweeping Beam","floor":18},{"not_picked":["Turbo","Auto Shields"],"picked":"Go for the Eyes","floor":21}],"player_experience":1935275,"relics_obtained":[{"floor":7,"key":"Letter Opener"},{"floor":9,"key":"The Courier"}],"event_choices":[{"cards_removed":["Strike_B"],"damage_healed":0,"gold_gain":0,"player_choice":"Card Removal","damage_taken":0,"max_hp_gain":0,"max_hp_loss":0,"event_name":"The Cleric","floor":2,"gold_loss":75},{"cards_removed":["Strike_B"],"damage_healed":0,"gold_gain":0,"player_choice":"Purged","damage_taken":0,"max_hp_gain":0,"max_hp_loss":0,"event_name":"Purifier","floor":3,"gold_loss":0},{"damage_healed":0,"gold_gain":0,"player_choice":"Simplicity","damage_taken":0,"max_hp_gain":0,"max_hp_loss":0,"event_name":"Back to Basics","floor":19,"gold_loss":0,"cards_upgraded":["Defend_B","Defend_B","Defend_B","Defend_B"]},{"damage_healed":0,"gold_gain":0,"player_choice":"Stole Relic","damage_taken":0,"relics_obtained":["Singing Bowl"],"max_hp_gain":0,"max_hp_loss":0,"event_name":"Addict","floor":22,"gold_loss":0,"cards_obtained":["Shame"]}],"is_beta":false,"boss_relics":[{"not_picked":["Ectoplasm","Lizard Tail"],"picked":"Black Star"}],"items_purged_floors":[20],"is_endless":false,"potions_floor_spawned":[5,8,11,12,16],"killed_by":"Slavers","ascension_level":18}