{"gold_per_floor":[215,215,225,4,22,54,54,3,3,36,36,36,54,154,154,256,256,270,185,185,200,217,217,246,246,271,271,271],"floor_reached":28,"playtime":1042,"items_purged":[],"score":470,"play_id":"cfc893bc-c95c-4aa1-934d-8706a7354276","local_time":"20181215230054","is_ascension_mode":true,"campfire_choices":[{"floor":7,"key":"REST"},{"data":"Apotheosis","floor":12,"key":"SMITH"},{"data":"Juggernaut","floor":15,"key":"SMITH"},{"floor":23,"key":"REST"},{"floor":25,"key":"REST"}],"neow_cost":"NONE","seed_source_timestamp":38076311102520,"circlet_count":0,"master_deck":["AscendersBane","Strike_R","Strike_R","Strike_R","Strike_R","Defend_R","Defend_R","Defend_R","Defend_R","Bash","Body Slam","Twin Strike","Apotheosis+1","Ghostly Armor","Armaments","Headbutt","Juggernaut+1","Cleave","Demon Form","Shrug It Off","Metallicize","Searing Blow+1"],"relics":["Black Blood","Orichalcum","Blue Candle","FossilizedHelix","Strawberry","Centennial Puzzle","Meat on the Bone","Pen Nib"],"potions_floor_usage":[6,10,16,22,22],"damage_taken":[{"damage":7,"enemies":"2 Louse","floor":1,"turns":3},{"damage":15,"enemies":"Cultist","floor":3,"turns":5},{"damage":10,"enemies":"Jaw Worm","floor":5,"turns":4},{"damage":23,"enemies":"Lagavulin","floor":6,"turns":6},{"damage":10,"enemies":"Gremlin Nob","floor":10,"turns":3},{"damage":0,"enemies":"Looter","floor":13,"turns":3},{"damage":0,"enemies":"Slime Boss","floor":16,"turns":8},{"damage":36,"enemies":"3 Byrds","floor":18,"turns":6},{"damage":2,"enemies":"Chosen","floor":21,"turns":6},{"damage":20,"enemies":"3 Cultists","floor":22,"turns":5},{"damage":70,"enemies":"Book of Stabbing","floor":24,"turns":7},{"damage":47,"enemies":"Gremlin Leader","floor":28,"turns":8}],"seed_played":"270212285502402679","potions_obtained":[{"floor":5,"key":"FearPotion"},{"floor":6,"key":"Strength Potion"},{"floor":10,"key":"FearPotion"},{"floor":13,"key":"Explosive Potion"},{"floor":16,"key":"Energy Potion"},{"floor":18,"key":"EssenceOfSteel"}],"is_trial":false,"path_per_floor":["M","?","M","$","M","E","R","$","T","E","?","R","M","?","R","B",null,"M","?","?","M","M","R","E","R","T","?","E"],"character_chosen":"IRONCLAD","items_purchased":["Apotheosis","Ghostly Armor","Headbutt"],"campfire_rested":3,"item_purchase_floors":[4,4,8],"current_hp_per_floor":[71,64,55,55,51,34,58,58,58,54,49,49,55,55,55,61,81,55,55,55,63,53,79,19,45,45,45,0],"gold":271,"neow_bonus":"HUNDRED_GOLD","is_prod":false,"is_daily":false,"chose_seed":false,"campfire_upgraded":2,"win_rate":0,"timestamp":1544932854,"path_taken":["M","?","M","$","M","E","R","$","T","E","?","R","M","?","R","BOSS","M","?","?","M","?","R","E","R","T","?","E"],"build_version":"2018-12-13","purchased_purges":0,"victory":false,"max_hp_per_floor":[80,80,80,80,80,80,80,80,80,80,87,87,87,87,87,87,87,87,87,87,87,87,87,87,87,87,87,87],"card_choices":[{"not_picked":["Havoc","Clash"],"picked":"Body Slam","floor":1},{"not_picked":["Blood for Blood","Corruption"],"picked":"Twin Strike","floor":3},{"not_picked":["Anger","Clash","Rupture"],"picked":"SKIP","floor":5},{"not_picked":["Sever Soul","Perfected Strike"],"picked":"Armaments","floor":6},{"not_picked":["Second Wind","Shockwave"],"picked":"Juggernaut","floor":10},{"not_picked":["Armaments","Hemokinesis"],"picked":"Cleave","floor":13},{"not_picked":["Bludgeon","Reaper"],"picked":"Demon Form","floor":16},{"not_picked":["Body Slam","Dropkick"],"picked":"Shrug It Off","floor":18},{"not_picked":["Pommel Strike","Whirlwind"],"picked":"Metallicize","floor":21},{"not_picked":["Dual Wield","Headbutt"],"picked":"Searing Blow","floor":22},{"not_picked":["Rupture","Bloodletting","Burning Pact"],"picked":"SKIP","floor":24}],"player_experience":1908076,"relics_obtained":[{"floor":6,"key":"Orichalcum"},{"floor":9,"key":"Blue Candle"},{"floor":10,"key":"FossilizedHelix"},{"floor":24,"key":"Meat on the Bone"},{"floor":26,"key":"Pen Nib"}],"event_choices":[{"cards_removed":["Strike_R"],"damage_healed":0,"gold_gain":0,"player_choice":"Card Removal","damage_taken":7,"max_hp_gain":0,"max_hp_loss":0,"event_name":"Golden Wing","floor":2,"gold_loss":0},{"damage_healed":0,"gold_gain":0,"player_choice":"Success","damage_taken":12,"relics_obtained":["Strawberry"],"max_hp_gain":0,"max_hp_loss":0,"event_name":"Scrap Ooze","floor":11,"gold_loss":0},{"damage_healed":0,"gold_gain":100,"player_choice":"Pray","damage_taken":0,"max_hp_gain":0,"max_hp_loss":0,"event_name":"Golden Shrine","floor":14,"gold_loss":0},{"damage_healed":0,"gold_gain":0,"player_choice":"Obtained Relic","damage_taken":0,"relics_obtained":["Centennial Puzzle"],"max_hp_gain":0,"max_hp_loss":0,"event_name":"Addict","floor":19,"gold_loss":85},{"damage_healed":0,"gold_gain":0,"player_choice":"Ignored","damage_taken":0,"max_hp_gain":0,"max_hp_loss":0,"event_name":"Ghosts","floor":20,"gold_loss":0},{"damage_healed":0,"gold_gain":0,"player_choice":"Upgraded","damage_taken":0,"max_hp_gain":0,"max_hp_loss":0,"event_name":"Upgrade Shrine","floor":27,"gold_loss":0,"cards_upgraded":["Searing Blow"]}],"is_beta":false,"boss_relics":[{"not_picked":["Eternal Feather","Velvet Choker"],"picked":"Black Blood"}],"items_purged_floors":[],"is_endless":false,"potions_floor_spawned":[5,6,10,13,16,18],"killed_by":"Gremlin Leader","ascension_level":12}