{"gold_per_floor":[114,40,52,52,71,71,82,108,134,84,84,109,109,144,144,240,240,257,269,283,293,303,303,337,337,337,337,350,375,393,303,303,406,406,424,436,448,468,6,36,36,90,114,114,148,148],"floor_reached":46,"playtime":2716,"items_purged":["Hyperbeam"],"score":644,"play_id":"6df5b5c3-1a68-4216-95e2-7c01809fceff","local_time":"20190212170322","is_ascension_mode":true,"campfire_choices":[{"data":"Dualcast","floor":6,"key":"SMITH"},{"floor":13,"key":"REST"},{"data":"Zap","floor":15,"key":"SMITH"},{"data":"Creative AI","floor":23,"key":"SMITH"},{"data":"Hologram","floor":25,"key":"SMITH"},{"data":"Biased Cognition","floor":27,"key":"SMITH"},{"data":"Leap","floor":32,"key":"SMITH"},{"data":"Creative AI","floor":41,"key":"SMITH"},{"data":"Leap","floor":44,"key":"SMITH"}],"neow_cost":"NONE","seed_source_timestamp":107445687029528,"circlet_count":0,"master_deck":["Zap+1","Dualcast+1","Compile Driver+1","Ball Lightning","Leap+1","Go for the Eyes+1","Biased Cognition+1","Ball Lightning","Leap+1","Creative AI+1","Coolheaded+1","Conserve Battery+1","Auto Shields","Cold Snap+1","Electrodynamics","Hologram+1","Leap","Doom and Gloom","Auto Shields","Seek","Fusion","Auto Shields","Aggregate","Auto Shields","Undo","Coolheaded+1","Core Surge","Go for the Eyes+1","Glacier","Creative AI+1","Capacitor+1","Echo Form"],"relics":["Cracked Core","Orichalcum","Blood Vial","PreservedInsect","Pear","Coffee Dripper","Bottled Flame","Darkstone Periapt","Pandora\u0027s Box","Art of War","DataDisk","Ginger","Boot","Bottled Tornado"],"potions_floor_usage":[8,8,16,22,24,37,42,42],"damage_taken":[{"damage":1,"enemies":"Cultist","floor":1,"turns":3},{"damage":3,"enemies":"Jaw Worm","floor":3,"turns":2},{"damage":0,"enemies":"2 Louse","floor":5,"turns":2},{"damage":15,"enemies":"Gremlin Gang","floor":7,"turns":3},{"damage":20,"enemies":"Gremlin Nob","floor":8,"turns":4},{"damage":12,"enemies":"Lagavulin","floor":12,"turns":4},{"damage":12,"enemies":"3 Sentries","floor":14,"turns":4},{"damage":26,"enemies":"The Guardian","floor":16,"turns":8},{"damage":17,"enemies":"2 Thieves","floor":18,"turns":3},{"damage":3,"enemies":"Chosen","floor":19,"turns":4},{"damage":4,"enemies":"Centurion and Healer","floor":20,"turns":6},{"damage":11,"enemies":"Shelled Parasite and Fungi","floor":21,"turns":5},{"damage":0,"enemies":"Sentry and Sphere","floor":22,"turns":4},{"damage":8,"enemies":"Book of Stabbing","floor":24,"turns":3},{"damage":5,"enemies":"Cultist and Chosen","floor":28,"turns":5},{"damage":8,"enemies":"Gremlin Leader","floor":29,"turns":4},{"damage":9,"enemies":"Snecko","floor":30,"turns":6},{"damage":31,"enemies":"Champ","floor":33,"turns":14},{"damage":0,"enemies":"3 Shapes","floor":35,"turns":3},{"damage":6,"enemies":"Orb Walker","floor":36,"turns":4},{"damage":9,"enemies":"Sphere and 2 Shapes","floor":37,"turns":4},{"damage":23,"enemies":"Maw","floor":38,"turns":10},{"damage":16,"enemies":"Nemesis","floor":40,"turns":9},{"damage":26,"enemies":"2 Orb Walkers","floor":42,"turns":5},{"damage":12,"enemies":"Reptomancer","floor":45,"turns":6},{"damage":15,"enemies":"Writhing Mass","floor":46,"turns":1}],"seed_played":"-5035127851318073356","potions_obtained":[{"floor":3,"key":"EssenceOfSteel"},{"floor":5,"key":"Poison Potion"},{"floor":14,"key":"Poison Potion"},{"floor":16,"key":"SteroidPotion"},{"floor":18,"key":"SpeedPotion"},{"floor":20,"key":"SkillPotion"},{"floor":29,"key":"Ancient Potion"},{"floor":33,"key":"Weak Potion"},{"floor":35,"key":"AttackPotion"},{"floor":40,"key":"SkillPotion"},{"floor":45,"key":"Ancient Potion"}],"is_trial":false,"path_per_floor":["M","$","M","$","M","R","M","E","T","?","?","E","R","E","R","B",null,"M","M","M","M","M","R","E","R","T","R","M","E","M","?","R","B",null,"M","M","M","M","$","E","R","?","T","R","E","M"],"character_chosen":"DEFECT","items_purchased":["Ball Lightning","Leap","Art of War","Glacier","Creative AI"],"campfire_rested":1,"item_purchase_floors":[2,2,39,39,39],"current_hp_per_floor":[81,81,78,78,78,78,63,43,43,43,27,17,41,41,41,17,92,75,74,72,63,65,65,59,59,59,59,56,50,43,43,43,14,92,92,86,79,58,58,44,44,20,20,20,10,0],"gold":148,"neow_bonus":"TEN_PERCENT_HP_BONUS","is_prod":false,"is_daily":false,"chose_seed":false,"campfire_upgraded":8,"win_rate":0,"timestamp":1550019802,"path_taken":["M","?","M","$","M","R","M","E","T","?","?","E","R","E","R","BOSS","M","M","M","M","M","R","E","R","T","R","M","E","M","?","R","BOSS","M","M","?","M","$","E","R","?","T","R","E","M"],"build_version":"2019-01-23","purchased_purges":1,"victory":false,"max_hp_per_floor":[82,82,82,82,82,82,82,82,82,82,82,82,82,92,92,92,92,92,92,92,92,92,92,92,92,92,92,92,92,92,92,92,92,92,92,92,92,92,92,92,92,92,92,92,92,92],"card_choices":[{"not_picked":["Streamline","Sweeping Beam"],"picked":"Compile Driver","floor":1},{"not_picked":["Rebound","Barrage","Compile Driver"],"picked":"SKIP","floor":3},{"not_picked":["Rebound","Barrage","Compile Driver"],"picked":"SKIP","floor":3},{"not_picked":["Streamline","Rebound","Force Field"],"picked":"SKIP","floor":5},{"not_picked":["Tempest","Stack"],"picked":"Go for the Eyes","floor":7},{"not_picked":["Cold Snap","Steam Power"],"picked":"Biased Cognition","floor":8},{"not_picked":["BootSequence","Blizzard"],"picked":"Ball Lightning","floor":12},{"not_picked":["Go for the Eyes","Stack"],"picked":"Leap","floor":14},{"not_picked":["Machine Learning","Echo Form"],"picked":"Creative AI","floor":16},{"not_picked":["Sunder+1","Compile Driver"],"picked":"Coolheaded+1","floor":18},{"not_picked":["Barrage","Fusion+1"],"picked":"Conserve Battery+1","floor":19},{"not_picked":["Storm","Streamline"],"picked":"Auto Shields","floor":20},{"not_picked":["Storm","Beam Cell"],"picked":"Cold Snap+1","floor":21},{"not_picked":["Sweeping Beam","Rebound+1"],"picked":"Electrodynamics","floor":22},{"not_picked":["Rip and Tear","Fission"],"picked":"Hologram","floor":24},{"not_picked":["Sweeping Beam","Gash"],"picked":"Leap","floor":28},{"not_picked":["Stack","Gash"],"picked":"Doom and Gloom","floor":29},{"not_picked":["Steam+1","Hologram"],"picked":"Auto Shields","floor":30},{"not_picked":["Meteor Strike","Rainbow"],"picked":"Seek","floor":33},{"not_picked":["Turbo","Conserve Battery+1","Ball Lightning+1"],"picked":"SKIP","floor":35},{"not_picked":["Streamline+1","Barrage+1"],"picked":"Coolheaded+1","floor":36},{"not_picked":["Coolheaded+1","Hologram+1"],"picked":"Core Surge","floor":37},{"not_picked":["Ball Lightning","Gash+1"],"picked":"Go for the Eyes+1","floor":38},{"not_picked":["Hologram+1","Ball Lightning+1"],"picked":"Capacitor+1","floor":40},{"not_picked":["Rebound+1","Chaos"],"picked":"Echo Form","floor":42},{"not_picked":["Sweeping Beam+1","Ball Lightning","Recycle"],"picked":"SKIP","floor":45}],"player_experience":338959,"relics_obtained":[{"floor":8,"key":"Orichalcum"},{"floor":9,"key":"Blood Vial"},{"floor":12,"key":"PreservedInsect"},{"floor":14,"key":"Pear"},{"floor":24,"key":"Bottled Flame"},{"floor":29,"key":"Darkstone Periapt"},{"floor":40,"key":"DataDisk"},{"floor":42,"key":"Ginger"},{"floor":43,"key":"Boot"},{"floor":45,"key":"Bottled Tornado"}],"event_choices":[{"cards_removed":["Strike_B"],"damage_healed":0,"gold_gain":0,"player_choice":"Card Removal","damage_taken":0,"max_hp_gain":0,"max_hp_loss":0,"event_name":"The Cleric","floor":10,"gold_loss":50},{"damage_healed":0,"gold_gain":0,"player_choice":"Entered Light","damage_taken":16,"max_hp_gain":0,"max_hp_loss":0,"event_name":"Shining Light","floor":11,"gold_loss":0,"cards_upgraded":["Compile Driver","Go for the Eyes"]},{"cards_removed":["Strike_B"],"damage_healed":0,"gold_gain":0,"player_choice":"Upgrade and Remove","damage_taken":0,"max_hp_gain":0,"max_hp_loss":0,"event_name":"Designer","floor":31,"gold_loss":90,"cards_upgraded":["Defend_B"]},{"damage_healed":0,"gold_gain":0,"player_choice":"Fight","damage_taken":0,"max_hp_gain":0,"max_hp_loss":0,"event_name":"Mysterious Sphere","floor":42,"gold_loss":0}],"is_beta":false,"boss_relics":[{"not_picked":["Snecko Eye","Velvet Choker"],"picked":"Coffee Dripper"},{"not_picked":["Orrery","Busted Crown"],"picked":"Pandora\u0027s Box"}],"items_purged_floors":[39],"is_endless":false,"potions_floor_spawned":[3,5,14,16,18,20,29,33,35,40,45],"killed_by":"Writhing Mass","ascension_level":2}