{"path_per_floor":["M","M","$","T","?","R","?","M","T","R","M","M","?","M","R","B",null,"M","$","?","$","M","R","M","R","T","R","M","R","?","M","R"],"character_chosen":"DEFECT","items_purchased":["Gash","Vajra"],"gold_per_floor":[117,129,8,8,8,8,8,21,21,21,41,59,59,73,73,177,177,195,49,49,49,61,61,72,72,72,72,82,82,82,102,102,102],"floor_reached":33,"campfire_rested":4,"playtime":1220,"item_purchase_floors":[3,19],"current_hp_per_floor":[69,69,69,69,74,74,74,74,74,74,74,69,69,59,80,80,80,28,28,28,28,28,60,45,77,77,80,61,69,53,2,34,0],"items_purged":["Strike_B"],"gold":102,"score":330,"play_id":"c7fcc80d-8f6b-4a93-9709-d35bdfaf6080","local_time":"20180614211259","is_prod":false,"is_daily":false,"chose_seed":false,"is_ascension_mode":true,"campfire_upgraded":4,"win_rate":0,"timestamp":1529025179,"campfire_choices":[{"data":"Gash","floor":6,"key":"SMITH"},{"data":"FTL","floor":10,"key":"SMITH"},{"floor":15,"key":"REST"},{"floor":23,"key":"REST"},{"floor":25,"key":"REST"},{"data":"Dualcast","floor":27,"key":"SMITH"},{"data":"Go for the Eyes","floor":29,"key":"SMITH"},{"floor":32,"key":"REST"}],"path_taken":["M","M","?","?","?","R","?","M","T","R","M","M","?","?","R","BOSS","M","$","?","$","M","R","M","R","T","R","M","R","?","M","R","BOSS"],"build_version":"2018-06-07v3","seed_source_timestamp":63312586974949,"purchased_purges":1,"victory":false,"master_deck":["Strike_B","Strike_B","Defend_B","Defend_B","Defend_B","Defend_B","Zap+1","Dualcast+1","Amplify","Go for the Eyes+1","FTL+1","Gash+1","Thunder Strike","Ball Lightning","Sweeping Beam","Coolheaded","All For One","Melter","Decay","Steam","Doom and Gloom","Steam+1"],"max_hp_per_floor":[75,75,75,75,80,80,80,80,80,80,80,80,80,80,80,80,80,80,80,80,80,80,80,80,80,80,80,80,80,80,80,80,80],"relics":["Cracked Core","Shuriken","Bottled Flame","Eternal Feather","Vajra","Matryoshka","Nilry\u0027s Codex"],"card_choices":[{"not_picked":["Lockon","Sunder"],"picked":"Go for the Eyes","floor":1},{"not_picked":["Steam","Heatsinks"],"picked":"FTL","floor":2},{"not_picked":["Defragment","Conserve Battery","Blizzard"],"picked":"SKIP","floor":8},{"not_picked":["Skim","BootSequence"],"picked":"Ball Lightning","floor":11},{"not_picked":["Stack","Barrage"],"picked":"Sweeping Beam","floor":12},{"not_picked":["Glacier","Force Field"],"picked":"Coolheaded","floor":14},{"not_picked":["Amplify","Thunder Strike"],"picked":"All For One","floor":16},{"not_picked":["Turbo","Barrage+1"],"picked":"Melter","floor":18},{"not_picked":["Rebound+1","Reinforced Body+1"],"picked":"Steam","floor":22},{"not_picked":["Ball Lightning","Barrage"],"picked":"Doom and Gloom","floor":24},{"not_picked":["Aggregate","Ball Lightning"],"picked":"Steam+1","floor":28},{"not_picked":["Fission","Auto Shields","Scrape"],"picked":"SKIP","floor":31}],"player_experience":548537,"potions_floor_usage":[2,16,16,22],"damage_taken":[{"damage":6,"enemies":"Cultist","floor":1,"turns":3},{"damage":0,"enemies":"Jaw Worm","floor":2,"turns":1},{"damage":0,"enemies":"Small Slimes","floor":8,"turns":3},{"damage":0,"enemies":"2 Fungi Beasts","floor":11,"turns":3},{"damage":5,"enemies":"Red Slaver","floor":12,"turns":2},{"damage":10,"enemies":"3 Louse","floor":14,"turns":3},{"damage":0,"enemies":"Slime Boss","floor":16,"turns":8},{"damage":52,"enemies":"3 Byrds","floor":18,"turns":5},{"damage":0,"enemies":"Chosen","floor":22,"turns":3},{"damage":15,"enemies":"Snake Plant","floor":24,"turns":4},{"damage":19,"enemies":"3 Cultists","floor":28,"turns":4},{"damage":51,"enemies":"Cultist and Chosen","floor":31,"turns":7},{"damage":36,"enemies":"Collector","floor":33,"turns":3}],"relics_obtained":[{"floor":4,"key":"Shuriken"},{"floor":9,"key":"Bottled Flame"},{"floor":26,"key":"Matryoshka"},{"floor":30,"key":"Nilry\u0027s Codex"}],"event_choices":[{"event_name":"Big Fish","player_choice":"Donut","floor":5,"damage_taken":0},{"event_name":"Transmorgrifier","player_choice":"Transform","floor":7,"damage_taken":0},{"event_name":"Upgrade Shrine","player_choice":"Upgraded","floor":13,"damage_taken":0},{"event_name":"Forgotten Altar","player_choice":"Smashed Altar","floor":20,"damage_taken":0},{"event_name":"Cursed Tome","player_choice":"Obtained Book","floor":30,"damage_taken":0}],"boss_relics":[{"not_picked":["Orrery","Pandora\u0027s Box"],"picked":"Eternal Feather"}],"items_purged_floors":[3],"potions_floor_spawned":[1,8,12,18],"seed_played":"-8511810861322271550","killed_by":"Collector","ascension_level":3,"potions_obtained":[{"floor":1,"key":"AttackPotion"},{"floor":8,"key":"SkillPotion"},{"floor":12,"key":"PowerPotion"},{"floor":18,"key":"AttackPotion"}],"is_trial":false}