{"gold_per_floor":[117,117,195,214,139,139,89,108,108,108,108,136,136,151,151,248,248,263,363,377,377,389,416,416,49,130,130,182,182,210,224,224,323,323,343,362,373,392,392,418,428,456,456,476,64,84,84,84,84,84],"floor_reached":51,"playtime":1929,"items_purged":["Strike_G","Defend_G","Pain"],"score":845,"play_id":"824f8e9a-07bf-465f-84e4-2fc9b2d3bf58","local_time":"20190205153601","is_ascension_mode":false,"campfire_choices":[{"data":"Neutralize","floor":6,"key":"SMITH"},{"data":"Deflect","floor":11,"key":"SMITH"},{"data":"Deflect","floor":13,"key":"SMITH"},{"data":"Doppelganger","floor":15,"key":"SMITH"},{"data":"Bouncing Flask","floor":24,"key":"SMITH"},{"data":"Backflip","floor":32,"key":"SMITH"},{"floor":47,"key":"REST"},{"floor":49,"key":"REST"}],"neow_cost":"NONE","seed_source_timestamp":1661563732158,"circlet_count":0,"master_deck":["Defend_G","Defend_G+1","Defend_G","Strike_G","Strike_G","Strike_G","Survivor","Neutralize+1","Deflect+1","Backflip+1","Cloak And Dagger+1","Deflect+1","Doppelganger+1","Finisher+1","Bouncing Flask+1","Blade Dance+1","Backflip","Quick Slash+1","Footwork+1","Backflip","Riddle With Holes+1","After Image+1","Riddle With Holes+1","Flying Knee+1","Flying Knee+1","Escape Plan","Flying Knee+1","Eviscerate+1","Noxious Fumes+1","Flash of Steel+1","Riddle With Holes+1"],"relics":["Philosopher\u0027s Stone","Letter Opener","Molten Egg 2","Smiling Mask","Sozu","Nunchaku","Matryoshka","Gremlin Horn","Frozen Egg 2","Happy Flower","Ninja Scroll","MutagenicStrength","Pantograph","Oddly Smooth Stone","WarpedTongs","Unceasing Top","Busted Crown","Art of War","Blood Vial","Ornamental Fan","Medical Kit","Dodecahedron"],"potions_floor_usage":[19,19],"damage_taken":[{"damage":0,"enemies":"Small Slimes","floor":1,"turns":4},{"damage":0,"enemies":"Jaw Worm","floor":4,"turns":4},{"damage":0,"enemies":"Cultist","floor":8,"turns":4},{"damage":8,"enemies":"3 Sentries","floor":12,"turns":8},{"damage":4,"enemies":"Large Slime","floor":14,"turns":6},{"damage":8,"enemies":"The Guardian","floor":16,"turns":17},{"damage":0,"enemies":"Chosen","floor":18,"turns":6},{"damage":11,"enemies":"Colosseum Slavers","floor":19,"turns":4},{"damage":31,"enemies":"Colosseum Nobs","floor":19,"turns":9},{"damage":4,"enemies":"3 Byrds","floor":20,"turns":4},{"damage":0,"enemies":"3 Cultists","floor":22,"turns":4},{"damage":8,"enemies":"Slavers","floor":23,"turns":4},{"damage":6,"enemies":"Gremlin Leader","floor":30,"turns":3},{"damage":1,"enemies":"Sentry and Sphere","floor":31,"turns":3},{"damage":12,"enemies":"Automaton","floor":33,"turns":8},{"damage":0,"enemies":"Orb Walker","floor":35,"turns":3},{"damage":1,"enemies":"3 Darklings","floor":36,"turns":2},{"damage":33,"enemies":"Spire Growth","floor":37,"turns":3},{"damage":5,"enemies":"Jaw Worm Horde","floor":38,"turns":2},{"damage":6,"enemies":"Giant Head","floor":40,"turns":5},{"damage":9,"enemies":"4 Shapes","floor":41,"turns":1},{"damage":3,"enemies":"Reptomancer","floor":42,"turns":5},{"damage":5,"enemies":"Transient","floor":44,"turns":5},{"damage":0,"enemies":"3 Darklings","floor":46,"turns":3},{"damage":5,"enemies":"Awakened One","floor":50,"turns":10}],"seed_played":"-1623621307568735802","potions_obtained":[{"floor":14,"key":"SpeedPotion"},{"floor":16,"key":"EssenceOfSteel"}],"is_trial":false,"path_per_floor":["M","?","T","M","$","R","?","M","T","?","R","E","R","M","R","B",null,"M","?","M","?","M","E","R","$","T","?","T","?","E","M","R","B",null,"M","M","M","M","?","E","M","E","T","M","$","M","R","T","R","B",null],"character_chosen":"THE_SILENT","items_purchased":["Frozen Egg 2","Footwork+1","Noxious Fumes+1","Medical Kit","Flash of Steel+1"],"campfire_rested":2,"item_purchase_floors":[25,25,45,45,45],"current_hp_per_floor":[70,56,56,56,56,56,56,56,56,56,56,48,48,44,44,36,70,70,28,24,80,80,72,72,72,72,72,72,72,66,65,65,68,80,80,79,46,41,41,35,26,23,23,20,20,22,46,46,70,75],"gold":84,"neow_bonus":"BOSS_RELIC","is_prod":false,"is_daily":false,"chose_seed":false,"campfire_upgraded":6,"win_rate":0,"timestamp":1549402561,"path_taken":["M","?","?","?","$","R","?","M","T","?","R","E","R","M","R","BOSS","M","?","M","?","?","E","R","$","T","?","?","?","E","M","R","BOSS","M","M","?","M","?","E","M","E","T","M","$","M","R","?","R","BOSS"],"build_version":"2019-01-23","purchased_purges":3,"victory":true,"max_hp_per_floor":[70,70,70,70,70,70,70,70,70,70,70,70,70,70,70,70,70,70,70,70,80,80,80,80,80,80,80,80,80,80,80,80,80,80,80,80,80,80,80,80,80,80,80,80,80,80,80,80,80,80],"card_choices":[{"not_picked":["Underhanded Strike","Masterful Stab"],"picked":"Deflect","floor":1},{"not_picked":["Sucker Punch","Escape Plan"],"picked":"Backflip","floor":4},{"not_picked":["Dodge and Roll","PiercingWail"],"picked":"Cloak And Dagger","floor":8},{"not_picked":["Bane+1","Acrobatics"],"picked":"Deflect","floor":12},{"not_picked":["Bane+1","Quick Slash+1"],"picked":"Doppelganger","floor":14},{"not_picked":["Venomology","Wraith Form v2"],"picked":"Doppelganger","floor":16},{"not_picked":["Dagger Throw+1","Sucker Punch+1"],"picked":"Finisher+1","floor":18},{"not_picked":["Backflip","Heel Hook+1"],"picked":"Bouncing Flask","floor":19},{"not_picked":["Blur","Slice+1"],"picked":"Blade Dance+1","floor":20},{"not_picked":["PiercingWail+1","Blur"],"picked":"Backflip","floor":22},{"not_picked":["Caltrops","Poisoned Stab+1"],"picked":"Quick Slash+1","floor":23},{"not_picked":["Crippling Poison","Acrobatics"],"picked":"Backflip","floor":30},{"not_picked":["PiercingWail+1","Well Laid Plans+1"],"picked":"Riddle With Holes+1","floor":31},{"not_picked":["A Thousand Cuts+1","Night Terror"],"picked":"After Image+1","floor":33},{"not_picked":[],"picked":"Riddle With Holes+1","floor":35},{"not_picked":[],"picked":"Flying Knee+1","floor":36},{"not_picked":["All Out Attack+1"],"picked":"SKIP","floor":37},{"not_picked":[],"picked":"Flying Knee+1","floor":38},{"not_picked":[],"picked":"Escape Plan","floor":40},{"not_picked":[],"picked":"Flying Knee+1","floor":41},{"not_picked":[],"picked":"Eviscerate+1","floor":42},{"not_picked":["Underhanded Strike+1"],"picked":"SKIP","floor":44},{"not_picked":[],"picked":"Riddle With Holes+1","floor":46}],"player_experience":755749,"relics_obtained":[{"floor":3,"key":"Letter Opener"},{"floor":9,"key":"Molten Egg 2"},{"floor":12,"key":"Smiling Mask"},{"floor":19,"key":"Nunchaku"},{"floor":19,"key":"Matryoshka"},{"floor":23,"key":"Gremlin Horn"},{"floor":26,"key":"Happy Flower"},{"floor":26,"key":"Ninja Scroll"},{"floor":28,"key":"Pantograph"},{"floor":28,"key":"Oddly Smooth Stone"},{"floor":30,"key":"Unceasing Top"},{"floor":40,"key":"Art of War"},{"floor":42,"key":"Blood Vial"},{"floor":43,"key":"Ornamental Fan"},{"floor":48,"key":"Dodecahedron"}],"event_choices":[{"damage_healed":0,"gold_gain":0,"player_choice":"Entered Light","damage_taken":14,"max_hp_gain":0,"max_hp_loss":0,"event_name":"Shining Light","floor":2,"gold_loss":0,"cards_upgraded":["Strike_G","Defend_G"]},{"cards_removed":["Defend_G"],"damage_healed":0,"gold_gain":0,"player_choice":"Card Removal","damage_taken":0,"max_hp_gain":0,"max_hp_loss":0,"event_name":"The Cleric","floor":7,"gold_loss":50},{"damage_healed":0,"gold_gain":0,"player_choice":"Grow","damage_taken":0,"max_hp_gain":0,"max_hp_loss":0,"event_name":"Living Wall","floor":10,"gold_loss":0,"cards_upgraded":["Cloak And Dagger"]},{"damage_healed":0,"gold_gain":0,"player_choice":"Fight","damage_taken":0,"max_hp_gain":0,"max_hp_loss":0,"event_name":"Colosseum","floor":19,"gold_loss":0},{"damage_healed":0,"gold_gain":0,"player_choice":"Fought Nobs","damage_taken":0,"max_hp_gain":0,"max_hp_loss":0,"event_name":"Colosseum","floor":19,"gold_loss":0},{"cards_removed":["Doppelganger"],"damage_healed":46,"gold_gain":0,"player_choice":"Offered Rare","damage_taken":0,"max_hp_gain":10,"max_hp_loss":0,"event_name":"Bonfire Elementals","floor":21,"gold_loss":0},{"damage_healed":0,"gold_gain":0,"player_choice":"Inject Mutagens","damage_taken":0,"relics_obtained":["MutagenicStrength"],"max_hp_gain":0,"max_hp_loss":0,"event_name":"Drug Dealer","floor":27,"gold_loss":0},{"damage_healed":0,"gold_gain":0,"player_choice":"Rummage","damage_taken":0,"relics_obtained":["WarpedTongs"],"max_hp_gain":0,"max_hp_loss":0,"event_name":"Accursed Blacksmith","floor":29,"gold_loss":0,"cards_obtained":["Pain"]},{"cards_removed":["Strike_G"],"damage_healed":0,"gold_gain":0,"player_choice":"Removed Attack","damage_taken":0,"max_hp_gain":0,"max_hp_loss":0,"event_name":"Falling","floor":39,"gold_loss":0}],"is_beta":false,"boss_relics":[{"not_picked":["Runic Pyramid","Snecko Eye"],"picked":"Sozu"},{"not_picked":["Black Star","Runic Dome"],"picked":"Busted Crown"}],"items_purged_floors":[5,25,45],"is_endless":false,"potions_floor_spawned":[14,16,20,30,31,33,38,40,42,44],"ascension_level":0}