{"gold_per_floor":[118,193,139,153,167,167,199,218,244,244,277,277,277,452,452,452],"floor_reached":16,"playtime":812,"items_purged":[],"score":119,"play_id":"a4315ddd-98f2-454a-8073-22ffa0caa148","local_time":"20190206222816","is_ascension_mode":true,"campfire_choices":[{"data":"Neutralize","floor":6,"key":"SMITH"},{"floor":10,"key":"REST"},{"floor":12,"key":"REST"},{"floor":15,"key":"REST"}],"neow_cost":"NONE","seed_source_timestamp":2194394405315058,"circlet_count":0,"master_deck":["Defend_G","Defend_G","Defend_G","Defend_G","Defend_G","Strike_G+1","Strike_G","Strike_G","Strike_G","Strike_G","Survivor","Neutralize+1","Blur","Backflip","Infinite Blades","Dagger Spray","Backstab","Acrobatics+1","Backflip","Doubt"],"relics":["Ring of the Snake","Lantern","Blood Vial","Orichalcum"],"potions_floor_usage":[11,16],"damage_taken":[{"damage":1,"enemies":"Small Slimes","floor":1,"turns":3},{"damage":0,"enemies":"2 Louse","floor":4,"turns":4},{"damage":0,"enemies":"Cultist","floor":5,"turns":5},{"damage":19,"enemies":"3 Sentries","floor":7,"turns":10},{"damage":18,"enemies":"Exordium Thugs","floor":8,"turns":6},{"damage":20,"enemies":"Lagavulin","floor":11,"turns":8},{"damage":67,"enemies":"Hexaghost","floor":16,"turns":14}],"seed_played":"6109457612952564087","potions_obtained":[{"floor":4,"key":"PowerPotion"},{"floor":5,"key":"Strength Potion"}],"is_trial":false,"path_per_floor":["M","?","$","M","M","R","E","M","T","R","E","R","?","?","R","B"],"character_chosen":"THE_SILENT","items_purchased":["Backflip"],"campfire_rested":3,"item_purchase_floors":[3],"current_hp_per_floor":[76,65,65,65,65,65,46,28,28,51,33,56,41,41,64,0],"gold":452,"neow_bonus":"TEN_PERCENT_HP_BONUS","is_prod":false,"is_daily":false,"chose_seed":false,"campfire_upgraded":1,"win_rate":0,"timestamp":1549463296,"path_taken":["M","?","$","M","M","R","E","M","T","R","E","R","?","?","R","BOSS"],"build_version":"2019-01-23","purchased_purges":0,"victory":false,"max_hp_per_floor":[77,77,77,77,77,77,77,77,77,77,77,77,77,77,77,77],"card_choices":[{"not_picked":["Backflip","Leg Sweep"],"picked":"Blur","floor":1},{"not_picked":["Backflip","Prepared"],"picked":"Infinite Blades","floor":4},{"not_picked":["Concentrate","All Out Attack"],"picked":"Dagger Spray","floor":5},{"not_picked":["Skewer","Flying Knee"],"picked":"Backstab","floor":7},{"not_picked":["Dodge and Roll","Prepared"],"picked":"Acrobatics","floor":8},{"not_picked":["Deadly Poison","Poisoned Stab"],"picked":"Backflip","floor":11}],"player_experience":51987,"relics_obtained":[{"floor":7,"key":"Lantern"},{"floor":9,"key":"Blood Vial"},{"floor":11,"key":"Orichalcum"}],"event_choices":[{"damage_healed":0,"gold_gain":75,"player_choice":"Gather Gold","damage_taken":11,"max_hp_gain":0,"max_hp_loss":0,"event_name":"World of Goop","floor":2,"gold_loss":0},{"damage_healed":0,"gold_gain":0,"player_choice":"Entered Light","damage_taken":15,"max_hp_gain":0,"max_hp_loss":0,"event_name":"Shining Light","floor":13,"gold_loss":0,"cards_upgraded":["Acrobatics","Strike_G"]},{"damage_healed":0,"gold_gain":175,"player_choice":"AGREE","damage_taken":0,"max_hp_gain":0,"max_hp_loss":0,"event_name":"Liars Game","floor":14,"gold_loss":0,"cards_obtained":["Doubt"]}],"is_beta":false,"boss_relics":[],"items_purged_floors":[],"is_endless":false,"potions_floor_spawned":[4,5],"killed_by":"Hexaghost","ascension_level":2}