{"gold_per_floor":[109,127,127,151,24,24,54,84,84,84,102,115,115,140,140,217,217,228,228,153,75,95,95,95],"floor_reached":24,"playtime":843,"items_purged":["Strike_B"],"score":384,"play_id":"9a9d41f5-8842-445f-9d35-a5caa66586e0","local_time":"20181224155307","is_ascension_mode":true,"campfire_choices":[{"floor":6,"key":"REST"},{"floor":10,"key":"REST"},{"floor":15,"key":"REST"},{"floor":23,"key":"REST"}],"neow_cost":"NONE","seed_source_timestamp":390123686792415,"circlet_count":0,"master_deck":["AscendersBane","Defend_B","Defend_B","Defend_B","Defend_B","Zap","Gash","Go for the Eyes","Ball Lightning","Buffer","Compile Driver","Static Discharge","Gash","Buffer","Rebound+1","Genetic Algorithm"],"relics":["Sozu","Kunai","Orichalcum","Blue Candle","Ice Cream","Pocketwatch","Empty Cage"],"potions_floor_usage":[],"damage_taken":[{"damage":7,"enemies":"Small Slimes","floor":1,"turns":3},{"damage":2,"enemies":"Jaw Worm","floor":2,"turns":4},{"damage":32,"enemies":"Lagavulin","floor":7,"turns":6},{"damage":1,"enemies":"2 Louse","floor":11,"turns":2},{"damage":0,"enemies":"Large Slime","floor":12,"turns":5},{"damage":30,"enemies":"3 Sentries","floor":14,"turns":8},{"damage":13,"enemies":"Hexaghost","floor":16,"turns":9},{"damage":18,"enemies":"3 Byrds","floor":18,"turns":4},{"damage":11,"enemies":"Spheric Guardian","floor":22,"turns":5},{"damage":60,"enemies":"Gremlin Leader","floor":24,"turns":3}],"seed_played":"8450345194857701264","potions_obtained":[],"is_trial":false,"path_per_floor":["M","M","?","T","$","R","E","?","T","R","M","M","?","E","R","B",null,"M","?","?","$","M","R","E"],"character_chosen":"DEFECT","items_purchased":["Ball Lightning","Genetic Algorithm"],"campfire_rested":4,"item_purchase_floors":[5,21],"current_hp_per_floor":[57,55,50,50,50,71,39,39,39,60,59,59,59,29,50,37,63,45,45,45,45,34,55,0],"gold":95,"neow_bonus":"BOSS_RELIC","is_prod":false,"is_daily":false,"chose_seed":false,"campfire_upgraded":0,"win_rate":0,"timestamp":1545684787,"path_taken":["M","M","?","?","$","R","E","?","T","R","M","M","?","E","R","BOSS","M","?","?","?","?","R","E"],"build_version":"2018-12-20","purchased_purges":1,"victory":false,"max_hp_per_floor":[71,71,71,71,71,71,71,71,71,71,71,71,71,71,71,71,71,71,71,71,71,71,71,71],"card_choices":[{"not_picked":["Stack","Sweeping Beam"],"picked":"Gash","floor":1},{"not_picked":["Redo","Stack"],"picked":"Go for the Eyes","floor":2},{"not_picked":["Capacitor","Force Field"],"picked":"Buffer","floor":7},{"not_picked":["Rebound","Conserve Battery"],"picked":"Compile Driver","floor":11},{"not_picked":["Leap","Turbo"],"picked":"Static Discharge","floor":12},{"not_picked":["Beam Cell","Skim"],"picked":"Gash","floor":14},{"not_picked":["Hyperbeam","Core Surge"],"picked":"Buffer","floor":16},{"not_picked":["Redo","Blizzard"],"picked":"Rebound+1","floor":18},{"not_picked":["Streamline","Doom and Gloom+1","Ball Lightning"],"picked":"SKIP","floor":22}],"player_experience":1954058,"relics_obtained":[{"floor":4,"key":"Orichalcum"},{"floor":7,"key":"Blue Candle"},{"floor":9,"key":"Ice Cream"},{"floor":14,"key":"Pocketwatch"}],"event_choices":[{"damage_healed":0,"gold_gain":0,"player_choice":"Success","damage_taken":5,"relics_obtained":["Kunai"],"max_hp_gain":0,"max_hp_loss":0,"event_name":"Scrap Ooze","floor":3,"gold_loss":0},{"damage_healed":0,"gold_gain":30,"player_choice":"Searched \u00271\u0027 times","damage_taken":0,"max_hp_gain":0,"max_hp_loss":0,"event_name":"Dead Adventurer","floor":8,"gold_loss":0},{"cards_removed":["Strike_B"],"damage_healed":0,"gold_gain":0,"player_choice":"Purged","damage_taken":0,"max_hp_gain":0,"max_hp_loss":0,"event_name":"Purifier","floor":13,"gold_loss":0},{"damage_healed":0,"gold_gain":0,"player_choice":"Ignored","damage_taken":0,"max_hp_gain":0,"max_hp_loss":0,"event_name":"Ghosts","floor":19,"gold_loss":0},{"cards_removed":["Dualcast"],"damage_healed":0,"gold_gain":0,"player_choice":"Gave Gold","damage_taken":0,"max_hp_gain":0,"max_hp_loss":0,"event_name":"Beggar","floor":20,"gold_loss":75}],"is_beta":false,"boss_relics":[{"not_picked":["Astrolabe","Inserter"],"picked":"Empty Cage"}],"items_purged_floors":[5],"is_endless":false,"potions_floor_spawned":[2,11,12,18],"killed_by":"Gremlin Leader","ascension_level":18}