{"path_per_floor":["M","?","$","?","?","R","E","M","T","E","M","M","$","M","R","B",null,"M","?","M","?","M"],"character_chosen":"IRONCLAD","items_purchased":[],"gold_per_floor":[115,115,40,40,40,40,66,83,161,196,215,225,225,239,239,340,340,353,383,399,399,412,412],"floor_reached":23,"campfire_rested":0,"playtime":1787,"item_purchase_floors":[],"current_hp_per_floor":[87,87,87,87,87,87,76,76,76,58,58,55,55,59,59,51,87,64,31,8,8,29,0],"items_purged":["Strike_R"],"gold":412,"score":201,"play_id":"da0d98cb-1cd6-4225-8534-5d1f6e89c1a9","local_time":"20180530172115","is_prod":false,"is_daily":false,"chose_seed":false,"is_ascension_mode":false,"campfire_upgraded":2,"win_rate":0,"timestamp":1527715275,"campfire_choices":[{"data":"Blood for Blood","floor":6,"key":"SMITH"},{"data":"Clothesline","floor":15,"key":"SMITH"}],"path_taken":["M","?","$","?","?","R","E","M","T","E","M","M","$","?","R","BOSS","M","?","M","?","M","E"],"build_version":"2018-05-24","seed_source_timestamp":261956296097659,"purchased_purges":1,"victory":false,"master_deck":["Strike_R","Strike_R","Strike_R","Defend_R","Defend_R","Defend_R","Bash","Blood for Blood+1","Clothesline+1","Ghostly Armor+1","Reckless Charge","Armaments+1","Whirlwind","Shrug It Off+1","Limit Break+1","Flex+1","Thunderclap","Metallicize","Feel No Pain"],"max_hp_per_floor":[87,87,87,87,87,87,87,87,87,87,87,87,87,87,87,87,87,87,87,87,87,87,87],"relics":["Burning Blood","Toxic Egg 2","Question Card","Pantograph","Lizard Tail","Red Mask","Nloth\u0027s Gift"],"card_choices":[{"not_picked":["Perfected Strike","Disarm"],"picked":"Blood for Blood","floor":1},{"not_picked":["Havoc","Uppercut"],"picked":"Clothesline","floor":7},{"not_picked":["Burning Pact+1","True Grit+1"],"picked":"Ghostly Armor+1","floor":8},{"not_picked":["Dark Embrace","Havoc+1","Intimidate+1"],"picked":"Reckless Charge","floor":10},{"not_picked":["Bloodletting+1","Wild Strike","Sever Soul"],"picked":"Armaments+1","floor":11},{"not_picked":["Headbutt","Dropkick","Heavy Blade"],"picked":"Whirlwind","floor":12},{"not_picked":["Pommel Strike","Whirlwind","Anger"],"picked":"Shrug It Off+1","floor":14},{"not_picked":["Juggernaut","Feed","Exhume+1"],"picked":"Limit Break+1","floor":16},{"not_picked":["Carnage","Clash","Wild Strike+1"],"picked":"Flex+1","floor":18},{"not_picked":["Body Slam","Anger","Wild Strike"],"picked":"Thunderclap","floor":19},{"not_picked":["Twin Strike","Carnage+1","Entrench+1"],"picked":"Metallicize","floor":20},{"not_picked":["Sword Boomerang+1","True Grit+1","Heavy Blade"],"picked":"Feel No Pain","floor":22}],"player_experience":211809,"potions_floor_usage":[16,16,16,22,22],"damage_taken":[{"damage":1,"enemies":"Jaw Worm","floor":1,"turns":3},{"damage":17,"enemies":"3 Sentries","floor":7,"turns":7},{"damage":6,"enemies":"Cultist","floor":8,"turns":3},{"damage":24,"enemies":"Gremlin Nob","floor":10,"turns":4},{"damage":6,"enemies":"2 Louse","floor":11,"turns":3},{"damage":9,"enemies":"Blue Slaver","floor":12,"turns":2},{"damage":2,"enemies":"Large Slime","floor":14,"turns":5},{"damage":52,"enemies":"Hexaghost","floor":16,"turns":11},{"damage":29,"enemies":"Shell Parasite","floor":18,"turns":6},{"damage":39,"enemies":"Masked Bandits","floor":19,"turns":6},{"damage":29,"enemies":"Spheric Guardian","floor":20,"turns":6},{"damage":32,"enemies":"Chosen and Byrds","floor":22,"turns":6},{"damage":31,"enemies":"Slavers","floor":23,"turns":3}],"relics_obtained":[{"floor":7,"key":"Toxic Egg 2"},{"floor":9,"key":"Question Card"},{"floor":10,"key":"Pantograph"},{"floor":19,"key":"Red Mask"}],"event_choices":[{"event_name":"Wheel of Change","player_choice":"Card Removal","floor":2,"damage_taken":0},{"event_name":"The Cleric","player_choice":"Leave","floor":4,"damage_taken":0},{"event_name":"Bonfire Elementals","player_choice":"BASIC","floor":5,"damage_taken":0},{"event_name":"Masked Bandits","player_choice":"Fought over 353 gold","floor":19,"damage_taken":0},{"event_name":"N\u0027loth","player_choice":"Traded a Strawberry","floor":21,"damage_taken":0}],"boss_relics":[{"not_picked":["Orrery","Runic Dome"],"picked":"Lizard Tail"}],"items_purged_floors":[3],"potions_floor_spawned":[1,8,10,14,19,20],"seed_played":"-659191958002382934","killed_by":"Slavers","ascension_level":0,"potions_obtained":[{"floor":1,"key":"Ancient Potion"},{"floor":10,"key":"Regen Potion"},{"floor":14,"key":"Fire Potion"},{"floor":19,"key":"LiquidBronze"},{"floor":20,"key":"Energy Potion"}],"is_trial":false}