{"gold_per_floor":[110,120,195,195,207,207,223,223,247,247,26,37,48,48,48,144,144,159,159,178,178,196,295,295,97,149,167,167],"floor_reached":28,"playtime":689,"items_purged":["Setup"],"score":210,"play_id":"32583df5-de6b-4035-8e03-02a6d8cc20ee","local_time":"20180725002650","is_ascension_mode":false,"campfire_choices":[{"data":"Envenom","floor":6,"key":"SMITH"},{"data":"Backstab","floor":8,"key":"SMITH"},{"data":"Dagger Spray","floor":10,"key":"SMITH"},{"floor":15,"key":"REST"},{"floor":24,"key":"REST"}],"neow_cost":"NONE","seed_source_timestamp":81090756310127,"circlet_count":0,"master_deck":["Defend_G","Defend_G","Defend_G","Defend_G","Defend_G","Strike_G","Strike_G","Strike_G","Strike_G","Survivor","Neutralize","Outmaneuver","Envenom+1","Dagger Spray+1","Backstab+1","Endless Agony","Leg Sweep","Regret","Corpse Explosion","Glass Knife","Catalyst","Dagger Spray","Catalyst","Outmaneuver","Dagger Throw","Corpse Explosion","Bane+1"],"relics":["Eternal Feather","Regal Pillow","Dream Catcher","Juzu Bracelet","Sozu","DollysMirror","Bronze Scales"],"potions_floor_usage":[13,16],"damage_taken":[{"damage":3,"enemies":"Jaw Worm","floor":1,"turns":5},{"damage":10,"enemies":"2 Louse","floor":2,"turns":4},{"damage":7,"enemies":"Small Slimes","floor":5,"turns":6},{"damage":17,"enemies":"Red Slaver","floor":7,"turns":5},{"damage":2,"enemies":"Large Slime","floor":12,"turns":6},{"damage":15,"enemies":"Exordium Thugs","floor":13,"turns":4},{"damage":46,"enemies":"Hexaghost","floor":16,"turns":10},{"damage":13,"enemies":"Shell Parasite","floor":18,"turns":6},{"damage":15,"enemies":"2 Thieves","floor":20,"turns":3},{"damage":11,"enemies":"Snake Plant","floor":22,"turns":4},{"damage":10,"enemies":"Cultist and Chosen","floor":27,"turns":4},{"damage":64,"enemies":"Slavers","floor":28,"turns":4}],"seed_played":"-1460215540807399109","potions_obtained":[{"floor":7,"key":"Dexterity Potion"},{"floor":12,"key":"SkillPotion"}],"is_trial":false,"path_per_floor":["M","M","?","?","M","R","M","R","T","R","$","M","M","?","R","B",null,"M","?","M","?","M","?","R","$","T","M"],"character_chosen":"THE_SILENT","items_purchased":["Dream Catcher","DollysMirror"],"campfire_rested":2,"item_purchase_floors":[11,25],"current_hp_per_floor":[67,57,46,46,39,48,31,40,40,49,49,47,32,32,70,24,70,57,57,42,42,31,31,70,70,70,60,0],"gold":167,"neow_bonus":"BOSS_RELIC","is_prod":false,"is_daily":false,"chose_seed":false,"campfire_upgraded":3,"win_rate":0,"timestamp":1532444210,"path_taken":["M","M","?","?","M","R","M","R","T","R","$","?","M","?","R","BOSS","M","?","M","?","M","?","R","$","T","M","E"],"build_version":"2018-07-19v2","purchased_purges":1,"victory":false,"max_hp_per_floor":[70,70,70,70,70,70,70,70,70,70,70,70,70,70,70,70,70,70,70,70,70,70,70,70,70,70,70,70],"card_choices":[{"not_picked":["Dodge and Roll","Reflex"],"picked":"Outmaneuver","floor":1},{"not_picked":["Deadly Poison","Dagger Spray"],"picked":"Envenom","floor":2},{"not_picked":["Masterful Stab","Calculated Gamble"],"picked":"Dagger Spray","floor":5},{"not_picked":["Deflect","Dagger Spray"],"picked":"Backstab","floor":7},{"not_picked":["Sucker Punch","Poisoned Stab"],"picked":"Endless Agony","floor":12},{"not_picked":["Acrobatics","Poisoned Stab"],"picked":"Leg Sweep","floor":13},{"not_picked":["Quick Slash","Poisoned Stab"],"picked":"Corpse Explosion","floor":15},{"not_picked":["Tools of the Trade","Night Terror"],"picked":"Glass Knife","floor":16},{"not_picked":["Quick Slash","Footwork"],"picked":"Catalyst","floor":18},{"not_picked":["Cloak And Dagger+1","Quick Slash"],"picked":"Dagger Spray","floor":20},{"not_picked":["Infinite Blades","Sucker Punch+1"],"picked":"Outmaneuver","floor":22},{"not_picked":["Eviscerate+1","Infinite Blades"],"picked":"Dagger Throw","floor":24},{"not_picked":["Deadly Poison","Predator+1"],"picked":"Bane+1","floor":27}],"player_experience":253252,"relics_obtained":[{"floor":9,"key":"Regal Pillow"},{"floor":26,"key":"Bronze Scales"}],"event_choices":[{"event_name":"World of Goop","player_choice":"Gather Gold","floor":3,"damage_taken":0},{"event_name":"Transmorgrifier","player_choice":"Transform","floor":4,"damage_taken":0},{"event_name":"Big Fish","player_choice":"Box","floor":14,"damage_taken":0},{"event_name":"Cursed Tome","player_choice":"Ignored","floor":19,"damage_taken":0},{"event_name":"The Library","player_choice":"Read","floor":21,"damage_taken":0},{"event_name":"Nest","player_choice":"Stole From Cult","floor":23,"damage_taken":0}],"is_beta":false,"boss_relics":[{"not_picked":["Tiny House","Empty Cage"],"picked":"Sozu"}],"items_purged_floors":[11],"is_endless":false,"potions_floor_spawned":[7,12,20,22],"killed_by":"Slavers","ascension_level":0}