{"gold_per_floor":[117,134,1,1,1,1,30,30,53,65,85,85,85,100,100,179,179,192,205,205,4,4,39,39,39,92,104,147,176,204,216,228,314,326,353,365,427,449,461,473,485,497,509,169,181,181,196,206,206,206],"floor_reached":50,"playtime":2134,"items_purged":["Strike_G"],"score":862,"play_id":"77ab1b35-9715-4d4c-aa4d-96a2eb7402e1","local_time":"20180908190221","is_ascension_mode":true,"campfire_choices":[{"floor":6.0,"key":"REST"},{"data":"Skewer","floor":8.0,"key":"SMITH"},{"data":"Concentrate","floor":13.0,"key":"SMITH"},{"data":"Footwork","floor":15.0,"key":"SMITH"},{"floor":24.0,"key":"REST"},{"data":"Neutralize","floor":27.0,"key":"SMITH"},{"floor":32.0,"key":"REST"},{"floor":40.0,"key":"REST"},{"floor":41.0,"key":"REST"},{"floor":46.0,"key":"REST"},{"floor":49.0,"key":"REST"}],"neow_cost":"","seed_source_timestamp":0,"circlet_count":0,"master_deck":["Defend_G","Defend_G","Defend_G","Defend_G+1","Defend_G","Strike_G+1","Strike_G","Strike_G","Strike_G","Survivor","Neutralize+1","AscendersBane","Skewer+1","Footwork+1","Well Laid Plans","Flying Knee","Crippling Poison","Cloak And Dagger","Concentrate+1","Footwork","After Image","Deflect","Outmaneuver","Quick Slash","Leg Sweep","Dash","Escape Plan","After Image","Backflip","Terror+1","Blur","Backstab","Blade Dance","Dodge and Roll+1","Blade Dance+1","Malaise"],"special_seed":0,"relics":["Ring of the Snake","Vajra","Strawberry","Shuriken","Cursed Key","PreservedInsect","Bottled Flame","MawBank","Bronze Scales","Girya","Sozu","WingedGreaves","Turnip","Oddly Smooth Stone"],"potions_floor_usage":[],"damage_taken":[{"damage":1.0,"enemies":"2 Louse","floor":1.0,"turns":4.0},{"damage":5.0,"enemies":"Small Slimes","floor":2.0,"turns":5.0},{"damage":8.0,"enemies":"Lagavulin","floor":7.0,"turns":10.0},{"damage":0.0,"enemies":"Cultist","floor":10.0,"turns":2.0},{"damage":0.0,"enemies":"2 Fungi Beasts","floor":11.0,"turns":4.0},{"damage":4.0,"enemies":"Red Slaver","floor":14.0,"turns":2.0},{"damage":16.0,"enemies":"The Guardian","floor":16.0,"turns":10.0},{"damage":6.0,"enemies":"3 Byrds","floor":18.0,"turns":6.0},{"damage":11.0,"enemies":"Spheric Guardian","floor":19.0,"turns":3.0},{"damage":18.0,"enemies":"Slavers","floor":23.0,"turns":6.0},{"damage":23.0,"enemies":"Gremlin Leader","floor":28.0,"turns":7.0},{"damage":1.0,"enemies":"Shelled Parasite and Fungi","floor":29.0,"turns":4.0},{"damage":2.0,"enemies":"Chosen and Byrds","floor":30.0,"turns":7.0},{"damage":38.0,"enemies":"Automaton","floor":33.0,"turns":15.0},{"damage":3.0,"enemies":"3 Darklings","floor":35.0,"turns":7.0},{"damage":43.0,"enemies":"Mysterious Sphere","floor":37.0,"turns":7.0},{"damage":0.0,"enemies":"3 Shapes","floor":38.0,"turns":7.0},{"damage":0.0,"enemies":"Mind Bloom Boss Battle","floor":39.0,"turns":7.0},{"damage":20.0,"enemies":"Transient","floor":45.0,"turns":5.0},{"damage":9.0,"enemies":"4 Shapes","floor":47.0,"turns":10.0},{"damage":3.0,"enemies":"Spire Growth","floor":48.0,"turns":5.0},{"damage":69,"enemies":"Awakened One","floor":50,"turns":4}],"seed_played":"6973671210678725513","potions_obtained":[{"floor":2.0,"key":"FearPotion"},{"floor":14.0,"key":"SteroidPotion"},{"floor":18.0,"key":"Weak Potion"},{"floor":23.0,"key":"AttackPotion"},{"floor":28.0,"key":"Dexterity Potion"},{"floor":29.0,"key":"GamblersBrew"}],"is_trial":false,"path_per_floor":["M","M","$","?","?","R","E","R","T","M","M","?","R","M","R","B",null,"M","M","?","$","?","E","R","?","T","R","E","M","M","T","R","B",null,"M","?","?","M","?","R","R","?","T","$","M","R","M","M","R"],"character_chosen":"THE_SILENT","items_purchased":["Well Laid Plans","Flying Knee","PreservedInsect","Quick Slash","Backstab","Oddly Smooth Stone","Blade Dance"],"campfire_rested":7,"item_purchase_floors":[3,3,21,21,44,44,44],"current_hp_per_floor":[58,53,53,53,33,52,44,44,51,51,51,46,46,42,42,26,61,55,44,44,44,44,26,47,47,47,47,24,23,21,21,42,4,56,53,53,10,10,10,31,52,52,52,52,32,53,44,41,62,0],"gold":206,"neow_bonus":"","is_prod":false,"is_daily":false,"chose_seed":false,"campfire_upgraded":4,"win_rate":0,"timestamp":1536426141,"path_taken":["M","M","$","?","?","R","E","R","T","M","M","?","R","M","R","BOSS","M","M","?","$","?","E","R","?","T","R","E","M","M","?","R","BOSS","M","?","?","M","?","R","R","?","T","$","?","R","?","M","R","BOSS"],"build_version":"2018-09-06","purchased_purges":1,"victory":false,"max_hp_per_floor":[66,66,66,66,66,66,66,66,73,73,73,73,73,73,73,73,73,73,73,73,73,73,73,73,73,73,73,73,73,73,73,73,73,73,73,73,73,73,73,73,73,73,73,73,73,73,73,73,73,73],"card_choices":[{"not_picked":["Flying Knee","Setup"],"picked":"Skewer","floor":1.0},{"not_picked":["Outmaneuver","PiercingWail"],"picked":"Footwork","floor":2.0},{"not_picked":["PiercingWail","Deflect"],"picked":"Crippling Poison","floor":7.0},{"not_picked":["Outmaneuver","Flying Knee"],"picked":"Cloak And Dagger","floor":10.0},{"not_picked":["Predator","Acrobatics"],"picked":"Concentrate","floor":11.0},{"not_picked":["Predator","Tools of the Trade"],"picked":"Footwork","floor":14.0},{"not_picked":["Glass Knife","Die Die Die"],"picked":"After Image","floor":16.0},{"not_picked":["Heel Hook","Skewer"],"picked":"Deflect","floor":18.0},{"not_picked":["Poisoned Stab","Sucker Punch","Outmaneuver"],"picked":"SKIP","floor":19.0},{"not_picked":["Poisoned Stab","Sucker Punch"],"picked":"Outmaneuver","floor":19.0},{"not_picked":["Deflect","Prepared"],"picked":"Leg Sweep","floor":23.0},{"not_picked":["Flechettes","Tactician"],"picked":"Dash","floor":28.0},{"not_picked":["Riddle With Holes","Deadly Poison"],"picked":"Escape Plan","floor":29.0},{"not_picked":["PiercingWail","Underhanded Strike","Bane"],"picked":"SKIP","floor":30.0},{"not_picked":["Doppelganger","Night Terror"],"picked":"After Image","floor":33.0},{"not_picked":["Leg Sweep","Footwork"],"picked":"Backflip","floor":35.0},{"not_picked":["Slice+1","Acrobatics+1"],"picked":"Terror+1","floor":37.0},{"not_picked":["Dagger Throw","Prepared"],"picked":"Slice+1","floor":38.0},{"not_picked":["Flying Knee+1","Outmaneuver"],"picked":"Blur","floor":39.0},{"not_picked":["PiercingWail","Deflect"],"picked":"Dodge and Roll+1","floor":45.0},{"not_picked":["Calculated Gamble","Choke+1"],"picked":"Blade Dance+1","floor":47.0},{"not_picked":["Deadly Poison+1","Dagger Throw"],"picked":"Malaise","floor":48.0}],"player_experience":1415027,"relics_obtained":[{"floor":7.0,"key":"Vajra"},{"floor":9.0,"key":"Strawberry"},{"floor":23.0,"key":"Bottled Flame"},{"floor":26.0,"key":"MawBank"},{"floor":28.0,"key":"Bronze Scales"},{"floor":31.0,"key":"Girya"},{"floor":37.0,"key":"WingedGreaves"},{"floor":39.0,"key":"Turnip"}],"event_choices":[{"event_name":"Liars Game","player_choice":"disagreed","floor":4.0,"damage_taken":0.0},{"event_name":"Shining Light","player_choice":"Entered Light","floor":5.0,"damage_taken":0.0},{"event_name":"Scrap Ooze","player_choice":"success","floor":12.0,"damage_taken":5.0},{"event_name":"Beggar","player_choice":"Ignored","floor":20.0,"damage_taken":0.0},{"event_name":"Vampires","player_choice":"Ignored","floor":22.0,"damage_taken":0.0},{"event_name":"Ghosts","player_choice":"Ignored","floor":25.0,"damage_taken":0.0},{"event_name":"Fountain of Cleansing","player_choice":"Removed Curse","floor":36.0,"damage_taken":0.0},{"event_name":"Mysterious Sphere","player_choice":"Fight","floor":37.0,"damage_taken":0.0},{"event_name":"MindBloom","player_choice":"Fight","floor":39.0,"damage_taken":0.0},{"event_name":"Falling","player_choice":"Removed Attack","floor":42.0,"damage_taken":0.0}],"is_beta":false,"boss_relics":[{"not_picked":["Orrery","White Beast Statue"],"picked":"Cursed Key"},{"not_picked":["Snecko Eye","Fusion Hammer"],"picked":"Sozu"}],"items_purged_floors":[44],"is_endless":false,"potions_floor_spawned":[2,14,18,23,28,29,37,45],"killed_by":"Awakened One","ascension_level":15}