{"gold_per_floor":[119,119,130,280,205,236,236,254,254,273,302,21,49,65,65,139,139,153,85,101,101,101,101,101,117,117,117],"floor_reached":27,"playtime":1012,"items_purged":[],"score":492,"play_id":"9b972e10-c83f-4634-9ce8-249fef075f86","local_time":"20180720145323","is_ascension_mode":true,"campfire_choices":[{"data":"Cloak And Dagger","floor":7,"key":"SMITH"},{"data":"Finisher","floor":15,"key":"SMITH"},{"floor":23,"key":"REST"}],"neow_cost":"NONE","seed_source_timestamp":831638532007901,"circlet_count":0,"master_deck":["Defend_G","Defend_G","Defend_G","Defend_G","Defend_G","Strike_G","Strike_G","Strike_G","Strike_G","Strike_G","Survivor","Neutralize+1","AscendersBane","Finisher+1","Injury","Cloak And Dagger+1","Poisoned Stab","Dash","Deadly Poison","Cloak And Dagger","Well Laid Plans","Deflect","Blade Dance","Malaise","Cloak And Dagger","Footwork","Poisoned Stab","Backflip"],"relics":["Ring of the Serpent","NeowsBlessing","Ninja Scroll","Snake Skull","Ice Cream","Gremlin Horn","Lantern","Molten Egg 2"],"potions_floor_usage":[16,27,27],"damage_taken":[{"damage":0,"enemies":"Cultist","floor":1,"turns":1},{"damage":0,"enemies":"Jaw Worm","floor":3,"turns":1},{"damage":0,"enemies":"Gremlin Nob","floor":6,"turns":1},{"damage":0,"enemies":"2 Louse","floor":8,"turns":1},{"damage":0,"enemies":"Large Slime","floor":10,"turns":5},{"damage":0,"enemies":"3 Sentries","floor":11,"turns":9},{"damage":16,"enemies":"Gremlin Nob","floor":13,"turns":3},{"damage":0,"enemies":"Exordium Wildlife","floor":14,"turns":5},{"damage":33,"enemies":"Slime Boss","floor":16,"turns":7},{"damage":16,"enemies":"Chosen","floor":18,"turns":5},{"damage":0,"enemies":"3 Byrds","floor":20,"turns":6},{"damage":16,"enemies":"3 Cultists","floor":25,"turns":5},{"damage":32,"enemies":"Gremlin Leader","floor":27,"turns":11}],"seed_played":"-6950656043455987792","potions_obtained":[{"floor":6,"key":"PowerPotion"},{"floor":8,"key":"PowerPotion"},{"floor":16,"key":"Weak Potion"}],"is_trial":false,"path_per_floor":["M","?","M","?","?","E","R","M","T","M","E","$","E","M","R","B",null,"M","$","M","?","?","R","?","M","T"],"character_chosen":"THE_SILENT","items_purchased":["Well Laid Plans","Gremlin Horn","Footwork"],"campfire_rested":1,"item_purchase_floors":[12,12,19],"current_hp_per_floor":[59,59,59,59,59,59,59,59,59,59,59,59,43,43,43,10,52,36,36,36,36,18,39,39,23,23,0],"gold":117,"neow_bonus":"THREE_ENEMY_KILL","is_prod":false,"is_daily":false,"chose_seed":false,"campfire_upgraded":2,"win_rate":0,"timestamp":1532091203,"path_taken":["M","?","M","?","?","E","R","M","T","?","E","$","E","M","R","BOSS","M","$","M","?","?","R","?","?","T","E"],"build_version":"2018-07-19v2","purchased_purges":0,"victory":false,"max_hp_per_floor":[66,66,66,66,66,66,66,66,66,66,66,66,66,66,66,66,66,66,66,66,66,71,71,71,71,71,71],"card_choices":[{"not_picked":["Dagger Spray","Underhanded Strike"],"picked":"Finisher","floor":1},{"not_picked":["Finisher","Deflect"],"picked":"Cloak And Dagger","floor":3},{"not_picked":["Dagger Throw","Masterful Stab"],"picked":"Poisoned Stab","floor":6},{"not_picked":["Distraction","Eviscerate"],"picked":"Dash","floor":8},{"not_picked":["Deadly Poison","Acrobatics","Bane"],"picked":"SKIP","floor":10},{"not_picked":["Acrobatics","Bane"],"picked":"Deadly Poison","floor":10},{"not_picked":["Calculated Gamble","Catalyst"],"picked":"Cloak And Dagger","floor":11},{"not_picked":["Choke","Expertise"],"picked":"Deflect","floor":13},{"not_picked":["Calculated Gamble","Skewer"],"picked":"Blade Dance","floor":14},{"not_picked":["Unload","Night Terror"],"picked":"Malaise","floor":16},{"not_picked":["Concentrate","Prepared"],"picked":"Cloak And Dagger","floor":18},{"not_picked":["Backflip","Dodge and Roll"],"picked":"Poisoned Stab","floor":20},{"not_picked":["Heel Hook","Quick Slash"],"picked":"Backflip","floor":25}],"player_experience":1109909,"relics_obtained":[{"floor":6,"key":"Ninja Scroll"},{"floor":9,"key":"Snake Skull"},{"floor":11,"key":"Ice Cream"},{"floor":13,"key":"Lantern"},{"floor":26,"key":"Molten Egg 2"}],"event_choices":[{"event_name":"Accursed Blacksmith","player_choice":"Forge","floor":2,"damage_taken":0},{"event_name":"Liars Game","player_choice":"agreed","floor":4,"damage_taken":0},{"event_name":"The Cleric","player_choice":"Card Removal","floor":5,"damage_taken":0},{"event_name":"Vampires","player_choice":"Ignored","floor":21,"damage_taken":0},{"event_name":"Forgotten Altar","player_choice":"Shed Blood","floor":22,"damage_taken":0},{"event_name":"Drug Dealer","player_choice":"Ignored","floor":24,"damage_taken":0}],"is_beta":false,"boss_relics":[{"not_picked":["Pandora\u0027s Box","HoveringKite"],"picked":"Ring of the Serpent"}],"items_purged_floors":[],"is_endless":false,"potions_floor_spawned":[6,8,16,18],"killed_by":"Gremlin Leader","ascension_level":15}