{"path_per_floor":["M","?","?","?","M","M","R","M","T","R","E","R","M","?","R","B",null,"M","?","?","M","T","R","M","R","T","M","M","$","M","M","R","B",null,"M","$","?","?","M","R","M","R","T","M","R","M","M","$","R"],"character_chosen":"DEFECT","items_purchased":["Apotheosis","Art of War","FTL","Consume","Defragment"],"gold_per_floor":[113,113,113,113,123,136,136,153,178,178,204,204,220,295,295,396,396,409,409,409,429,429,429,448,448,448,468,481,26,43,58,58,157,157,176,7,7,7,17,17,32,32,32,43,43,54,72,33,33,33],"floor_reached":50,"campfire_rested":5,"playtime":15470,"item_purchase_floors":[],"current_hp_per_floor":[75,60,53,46,43,43,43,36,36,58,30,30,32,21,43,3,75,47,39,39,31,31,31,11,33,33,24,2,2,4,4,26,37,75,73,73,73,73,75,75,75,75,75,75,75,70,46,46,68,0],"items_purged":["Strike_B","Defend_B"],"gold":33,"score":471,"play_id":"391c6766-c7b4-449b-85f7-cdc793305bc3","local_time":"20180620090819","is_prod":false,"is_daily":false,"chose_seed":false,"is_ascension_mode":false,"campfire_upgraded":6,"win_rate":0,"timestamp":1529478499,"campfire_choices":[{"data":"Dualcast","floor":7.0,"key":"SMITH"},{"floor":10.0,"key":"REST"},{"data":"Double Energy","floor":12.0,"key":"SMITH"},{"floor":15.0,"key":"REST"},{"data":"Biased Cognition","floor":23.0,"key":"SMITH"},{"floor":25.0,"key":"REST"},{"floor":32.0,"key":"REST"},{"data":"Apotheosis","floor":40.0,"key":"SMITH"},{"data":"Buffer","floor":42.0,"key":"SMITH"},{"data":"Consume","floor":45.0,"key":"SMITH"},{"floor":49,"key":"REST"}],"path_taken":["M","?","?","?","M","?","R","M","T","R","E","R","M","?","R","BOSS","BOSS","M","?","?","?","?","R","M","R","T","?","M","?","M","M","R","BOSS","M","$","?","?","?","R","M","R","T","M","R","M","M","?","R","BOSS"],"build_version":"2018-06-14v2","seed_source_timestamp":285002257615621,"purchased_purges":2,"victory":false,"master_deck":["Strike_B+1","Defend_B","Defend_B","Zap+1","Dualcast+1","Biased Cognition+1","Gash","Sweeping Beam","Rebound","Double Energy+1","Beam Cell","Core Surge","Rip and Tear+1","Conserve Battery","Auto Shields","BootSequence","FTL","Apotheosis+1","FTL","Ball Lightning","Buffer+1","Stack+1","Consume+1","Zap+1","Aggregate","Auto Shields","Ball Lightning+1","Conserve Battery+1","Defragment"],"max_hp_per_floor":[75,75,75,75,75,75,75,75,75,75,75,75,75,75,75,75,75,75,75,75,75,75,75,75,75,75,75,75,75,75,75,75,75,75,75,75,75,75,75,75,75,75,75,75,75,75,75,75,75,75],"special_seed":0,"relics":["Cracked Core","Oddly Smooth Stone","Happy Flower","Blood Vial","Lizard Tail","Gremlin Horn","Mercury Hourglass","Art of War","Inserter","Pantograph"],"card_choices":[{"not_picked":["Conserve Battery","Skim"],"picked":"Gash","floor":1.0},{"not_picked":["Ball Lightning","Coolheaded"],"picked":"Sweeping Beam","floor":5.0},{"not_picked":["Compile Driver","Hello World","Hologram"],"picked":"SKIP","floor":6.0},{"not_picked":["Turbo","Hyperbeam"],"picked":"Rebound","floor":8.0},{"not_picked":["Heatsinks","Recycle"],"picked":"Double Energy","floor":11.0},{"not_picked":["Consume","Rebound"],"picked":"Beam Cell","floor":13.0},{"not_picked":["Reboot","Meteor Strike"],"picked":"Core Surge","floor":16.0},{"not_picked":["Rebound","Turbo"],"picked":"Rip and Tear+1","floor":18.0},{"not_picked":["Aggregate","Static Discharge"],"picked":"Conserve Battery","floor":21.0},{"not_picked":["Thunder Strike","Scrape"],"picked":"Auto Shields","floor":24.0},{"not_picked":["White Noise","Consume"],"picked":"BootSequence","floor":27.0},{"not_picked":["Beam Cell","Skim"],"picked":"FTL","floor":28.0},{"not_picked":["Undo+1","Lockon+1","Sweeping Beam"],"picked":"SKIP","floor":30.0},{"not_picked":["Auto Shields","Stack"],"picked":"Ball Lightning","floor":31.0},{"not_picked":["Core Surge","Machine Learning"],"picked":"Buffer","floor":33.0},{"not_picked":["Hologram","Blizzard+1"],"picked":"Stack+1","floor":35.0},{"not_picked":["Genetic Algorithm","Compile Driver+1"],"picked":"Aggregate","floor":39.0},{"not_picked":["Static Discharge","Blizzard"],"picked":"Auto Shields","floor":41.0},{"not_picked":["White Noise","Reprogram","Turbo"],"picked":"SKIP","floor":44.0},{"not_picked":["Turbo+1","Static Discharge+1"],"picked":"Ball Lightning+1","floor":46.0},{"not_picked":["Cold Snap+1","Rebound"],"picked":"Conserve Battery+1","floor":47}],"player_experience":136189,"potions_floor_usage":[47,50],"damage_taken":[{"damage":0.0,"enemies":"Cultist","floor":1.0,"turns":2.0},{"damage":3.0,"enemies":"Small Slimes","floor":5.0,"turns":2.0},{"damage":0.0,"enemies":"2 Louse","floor":6.0,"turns":1.0},{"damage":7.0,"enemies":"2 Fungi Beasts","floor":8.0,"turns":3.0},{"damage":28.0,"enemies":"Gremlin Nob","floor":11.0,"turns":4.0},{"damage":0.0,"enemies":"Large Slime","floor":13.0,"turns":3.0},{"damage":42.0,"enemies":"Hexaghost","floor":16.0,"turns":11.0},{"damage":28.0,"enemies":"2 Thieves","floor":18.0,"turns":3.0},{"damage":10.0,"enemies":"Chosen","floor":21.0,"turns":3.0},{"damage":22.0,"enemies":"Snake Plant","floor":24.0,"turns":3.0},{"damage":11.0,"enemies":"Sentry and Sphere","floor":27.0,"turns":4.0},{"damage":24.0,"enemies":"3 Cultists","floor":28.0,"turns":4.0},{"damage":0.0,"enemies":"Centurion and Healer","floor":30.0,"turns":5.0},{"damage":2.0,"enemies":"Slaver and Parasite","floor":31.0,"turns":5.0},{"damage":39.0,"enemies":"Automaton","floor":33.0,"turns":10.0},{"damage":2.0,"enemies":"Orb Walker","floor":35.0,"turns":3.0},{"damage":0.0,"enemies":"3 Shapes","floor":39.0,"turns":3.0},{"damage":0.0,"enemies":"Flame Bruiser 2 Orb","floor":41.0,"turns":6.0},{"damage":0.0,"enemies":"Transient","floor":44.0,"turns":5.0},{"damage":5.0,"enemies":"4 Shapes","floor":46.0,"turns":5.0},{"damage":26,"enemies":"3 Darklings","floor":47,"turns":4},{"damage":79,"enemies":"Awakened One","floor":50,"turns":5}],"relics_obtained":[{"floor":9.0,"key":"Happy Flower"},{"floor":11.0,"key":"Blood Vial"},{"floor":22.0,"key":"Gremlin Horn"},{"floor":26.0,"key":"Mercury Hourglass"},{"floor":43.0,"key":"Pantograph"}],"event_choices":[{"event_name":"Shining Light","player_choice":"Entered Light","floor":2.0,"damage_taken":0.0},{"event_name":"Scrap Ooze","player_choice":"success","floor":3.0,"damage_taken":7.0},{"event_name":"Golden Wing","player_choice":"Card Removal","floor":4.0,"damage_taken":0.0},{"event_name":"World of Goop","player_choice":"Gather Gold","floor":14.0,"damage_taken":0.0},{"event_name":"Knowing Skull","player_choice":"","floor":19.0,"damage_taken":0.0},{"event_name":"Purifier","player_choice":"One Purge","floor":20.0,"damage_taken":0.0},{"event_name":"Wheel of Change","player_choice":"Card Removal","floor":37.0,"damage_taken":0.0},{"event_name":"Duplicator","player_choice":"One dupe","floor":38.0,"damage_taken":0.0}],"boss_relics":[{"not_picked":["Philosopher\u0027s Stone","Calling Bell"],"picked":"Lizard Tail"},{"not_picked":["Astrolabe","Velvet Choker"],"picked":"Inserter"}],"items_purged_floors":[],"is_endless":false,"potions_floor_spawned":[5,6,28,30,35,41,44,46],"seed_played":"-7626971902850974104","killed_by":"Awakened One","ascension_level":0,"potions_obtained":[{"floor":5.0,"key":"Explosive Potion"},{"floor":6.0,"key":"Dexterity Potion"},{"floor":28.0,"key":"SpeedPotion"},{"floor":30.0,"key":"Block Potion"},{"floor":35.0,"key":"SmokeBomb"},{"floor":41.0,"key":"SkillPotion"},{"floor":44.0,"key":"Poison Potion"}],"is_trial":false}