{"gold_per_floor":[116,116,126,28,44,76,94,94,146,174,187,187,212,162,162,162],"floor_reached":16,"playtime":896,"items_purged":["Defend_R"],"score":144,"play_id":"6a619896-4dcd-4b04-8be0-872442a6e671","local_time":"20180628150223","is_ascension_mode":true,"campfire_choices":[{"data":"Armaments","floor":8,"key":"SMITH"},{"floor":12,"key":"REST"},{"data":"Strike_R","floor":15,"key":"PURGE"}],"neow_cost":"CURSE","seed_source_timestamp":150232180089078,"circlet_count":0,"master_deck":["Strike_R","Strike_R","Strike_R","Strike_R","Defend_R","Defend_R","Bash+1","Regret","Clothesline","Armaments+1","True Grit","Hemokinesis","Barricade","Feel No Pain"],"relics":["Burning Blood","Incense Burner","Blue Candle","Potion Belt","Juzu Bracelet","Peace Pipe"],"potions_floor_usage":[6,7,11],"damage_taken":[{"damage":7,"enemies":"Small Slimes","floor":1,"turns":4},{"damage":4,"enemies":"Jaw Worm","floor":3,"turns":3},{"damage":3,"enemies":"Cultist","floor":5,"turns":3},{"damage":38,"enemies":"Gremlin Nob","floor":6,"turns":5},{"damage":9,"enemies":"Red Slaver","floor":7,"turns":3},{"damage":15,"enemies":"3 Sentries","floor":10,"turns":9},{"damage":12,"enemies":"Lots of Slimes","floor":11,"turns":4},{"damage":26,"enemies":"Gremlin Nob","floor":13,"turns":4},{"damage":44,"enemies":"Hexaghost","floor":16,"turns":9}],"seed_played":"-703382474922021017","potions_obtained":[{"floor":3,"key":"Energy Potion"},{"floor":5,"key":"BloodPotion"},{"floor":6,"key":"SteroidPotion"}],"is_trial":false,"path_per_floor":["M","?","M","$","M","E","M","R","T","E","M","R","E","?","R"],"character_chosen":"IRONCLAD","items_purchased":["Armaments"],"campfire_rested":1,"item_purchase_floors":[4],"current_hp_per_floor":[79,79,80,80,80,56,53,53,53,44,38,62,42,42,42,0],"gold":162,"neow_bonus":"ONE_RARE_RELIC","is_prod":false,"is_daily":false,"chose_seed":false,"campfire_upgraded":1,"win_rate":0,"timestamp":1530216143,"path_taken":["M","?","M","$","?","E","M","R","T","E","M","R","E","?","R","BOSS"],"build_version":"2018-06-27","purchased_purges":1,"victory":false,"max_hp_per_floor":[80,80,80,80,80,80,80,80,80,80,80,80,80,80,80,80],"card_choices":[{"not_picked":["Body Slam","Fire Breathing","Rupture"],"picked":"SKIP","floor":1},{"not_picked":["Heavy Blade","Blood for Blood"],"picked":"Clothesline","floor":3},{"not_picked":["Wild Strike","Power Through","Thunderclap"],"picked":"SKIP","floor":5},{"not_picked":["Twin Strike","Sword Boomerang"],"picked":"True Grit","floor":6},{"not_picked":["Clash","Heavy Blade"],"picked":"Hemokinesis","floor":7},{"not_picked":["Hemokinesis","Reckless Charge"],"picked":"Barricade","floor":10},{"not_picked":["Heavy Blade","Hemokinesis"],"picked":"Feel No Pain","floor":11},{"not_picked":["Reckless Charge","Twin Strike","Seeing Red"],"picked":"SKIP","floor":13}],"player_experience":159480,"relics_obtained":[{"floor":6,"key":"Blue Candle"},{"floor":9,"key":"Potion Belt"},{"floor":10,"key":"Juzu Bracelet"},{"floor":13,"key":"Peace Pipe"}],"event_choices":[{"event_name":"Living Wall","player_choice":"Grow","floor":2,"damage_taken":0},{"event_name":"The Cleric","player_choice":"Card Removal","floor":14,"damage_taken":0}],"boss_relics":[],"items_purged_floors":[4],"is_endless":false,"potions_floor_spawned":[3,5,6],"killed_by":"Hexaghost","ascension_level":4}