{"gold_per_floor":[115,132,146,157,157,157,182,182,182,182,9,26,40,55,55,160,160,173,173,185,185,34,34,53,64,64,83,83,111,111,130,130,226,226,241,241,255,265,265,299,299,309,332,343,343,361,361,372,372,372],"floor_reached":50,"playtime":2645,"items_purged":["Acrobatics"],"score":734,"play_id":"82056f3d-361d-4947-8bec-e3a682b03111","local_time":"20181008201702","is_ascension_mode":true,"campfire_choices":[{"data":"Neutralize","floor":6,"key":"SMITH"},{"floor":8,"key":"REST"},{"data":"Tools of the Trade","floor":10,"key":"SMITH"},{"data":"Backflip","floor":15,"key":"SMITH"},{"data":"Footwork","floor":23,"key":"SMITH"},{"floor":28,"key":"REST"},{"data":"Dagger Spray","floor":30,"key":"SMITH"},{"floor":32,"key":"REST"},{"floor":41,"key":"REST"},{"floor":45,"key":"REST"},{"floor":49,"key":"REST"}],"neow_cost":"","seed_source_timestamp":718377927805111,"circlet_count":0,"master_deck":["Defend_G","Defend_G","Defend_G","Defend_G","Defend_G","Strike_G","Strike_G","Strike_G+1","Strike_G","Survivor","Neutralize+1","Deadly Poison","All Out Attack","Well Laid Plans","Tools of the Trade+1","Noxious Fumes","Backflip+1","Dagger Throw","Caltrops","Corpse Explosion","Leg Sweep","Deadly Poison","Dagger Spray+1","Poisoned Stab+1","PiercingWail","Footwork+1","Blur","Skewer","Corpse Explosion+1","Dodge and Roll+1","Backflip+1","Crippling Poison+1","Master of Strategy+1"],"relics":["Ring of the Snake","Pear","Mercury Hourglass","Orrery","FaceOfCleric","Ninja Scroll","Toxic Egg 2","Sozu","Smiling Mask","Whetstone"],"potions_floor_usage":[7,12,13,20,29,29,29,33,33,33,33,33],"damage_taken":[{"damage":4,"enemies":"Jaw Worm","floor":1,"turns":5},{"damage":1,"enemies":"2 Louse","floor":2,"turns":4},{"damage":1,"enemies":"Cultist","floor":3,"turns":4},{"damage":1,"enemies":"Looter","floor":4,"turns":4},{"damage":11,"enemies":"Gremlin Nob","floor":7,"turns":4},{"damage":3,"enemies":"Large Slime","floor":12,"turns":6},{"damage":13,"enemies":"Lots of Slimes","floor":13,"turns":2},{"damage":6,"enemies":"Exordium Wildlife","floor":14,"turns":5},{"damage":12,"enemies":"The Guardian","floor":16,"turns":10},{"damage":8,"enemies":"Chosen","floor":18,"turns":6},{"damage":4,"enemies":"Shell Parasite","floor":20,"turns":7},{"damage":0,"enemies":"Snecko","floor":24,"turns":5},{"damage":7,"enemies":"Snake Plant","floor":25,"turns":5},{"damage":2,"enemies":"Chosen and Byrds","floor":27,"turns":8},{"damage":22,"enemies":"Book of Stabbing","floor":29,"turns":7},{"damage":0,"enemies":"Centurion and Healer","floor":31,"turns":5},{"damage":71,"enemies":"Collector","floor":33,"turns":11},{"damage":8,"enemies":"3 Shapes","floor":35,"turns":2},{"damage":10,"enemies":"Orb Walker","floor":37,"turns":5},{"damage":9,"enemies":"Sphere and 2 Shapes","floor":38,"turns":4},{"damage":25,"enemies":"Nemesis","floor":40,"turns":9},{"damage":10,"enemies":"Reptomancer","floor":42,"turns":6},{"damage":33,"enemies":"Spire Growth","floor":44,"turns":7},{"damage":6,"enemies":"Maw","floor":46,"turns":8},{"damage":17,"enemies":"3 Darklings","floor":48,"turns":3},{"damage":47,"enemies":"Time Eater","floor":50,"turns":7}],"seed_played":"-4393694268165278260","potions_obtained":[{"floor":4,"key":"Explosive Potion"},{"floor":12,"key":"Dexterity Potion"},{"floor":13,"key":"GamblersBrew"},{"floor":16,"key":"Explosive Potion"},{"floor":24,"key":"SpeedPotion"},{"floor":27,"key":"Strength Potion"},{"floor":29,"key":"Energy Potion"},{"floor":31,"key":"EntropicBrew"}],"is_trial":false,"path_per_floor":["M","M","M","M","?","R","E","R","T","R","$","M","M","M","R","B",null,"M","?","M","?","$","R","M","M","T","M","R","E","R","M","R","B",null,"M","?","M","M","?","E","R","M","T","M","R","M","?","M","R"],"character_chosen":"THE_SILENT","items_purchased":["Noxious Fumes","Backflip","Explosive Potion","Footwork"],"campfire_rested":6,"item_purchase_floors":[11,11,11,22],"current_hp_per_floor":[59,58,57,56,56,56,55,79,79,79,79,76,63,57,57,45,71,63,63,60,60,60,60,61,55,55,54,79,58,58,59,84,29,73,66,66,57,49,49,25,52,43,43,11,38,33,33,17,45,0],"gold":372,"neow_bonus":"","is_prod":false,"is_daily":false,"chose_seed":false,"campfire_upgraded":5,"win_rate":0,"timestamp":1539047822,"path_taken":["M","M","M","M","?","R","E","R","T","R","$","M","M","?","R","BOSS","M","?","M","?","?","R","?","M","T","M","R","E","R","M","R","BOSS","M","?","M","M","?","E","R","M","T","M","R","M","?","M","R","BOSS"],"build_version":"2018-10-04v2","purchased_purges":1,"victory":false,"max_hp_per_floor":[70,70,70,70,70,70,80,80,80,80,80,80,80,80,80,80,80,80,80,81,81,81,81,82,83,83,84,84,85,85,86,86,87,87,88,88,89,90,90,91,91,92,92,93,93,94,94,95,95,95],"card_choices":[{"not_picked":["Poisoned Stab","Sucker Punch"],"picked":"Deadly Poison","floor":1},{"not_picked":["Malaise","Backflip"],"picked":"All Out Attack","floor":2},{"not_picked":["Endless Agony","Blade Dance"],"picked":"Well Laid Plans","floor":3},{"not_picked":["Blade Dance","Accuracy"],"picked":"Acrobatics","floor":4},{"not_picked":["Expertise","Finisher"],"picked":"Tools of the Trade","floor":7},{"not_picked":["Infinite Blades","Dagger Spray"],"picked":"Dagger Throw","floor":12},{"not_picked":["Heel Hook","Concentrate","Well Laid Plans"],"picked":"SKIP","floor":13},{"not_picked":["Riddle With Holes","Prepared"],"picked":"Caltrops","floor":14},{"not_picked":["Grand Finale","Malaise"],"picked":"Corpse Explosion","floor":16},{"not_picked":["Bane","Riddle With Holes"],"picked":"Leg Sweep","floor":17},{"not_picked":["Terror","Flying Knee"],"picked":"Calculated Gamble","floor":17},{"not_picked":["Flying Knee","Distraction"],"picked":"Deadly Poison","floor":17},{"not_picked":["Storm of Steel","Underhanded Strike"],"picked":"Dagger Spray","floor":17},{"not_picked":["Dagger Throw","Tools of the Trade"],"picked":"Poisoned Stab","floor":18},{"not_picked":["Quick Slash+1","Masterful Stab"],"picked":"PiercingWail","floor":20},{"not_picked":["Deadly Poison","Dagger Spray","Flying Knee"],"picked":"SKIP","floor":24},{"not_picked":["Quick Slash","Prepared","Outmaneuver+1"],"picked":"SKIP","floor":25},{"not_picked":["Dagger Spray","Poisoned Stab"],"picked":"Blur","floor":27},{"not_picked":["Dagger Throw","Blade Dance+1","Well Laid Plans"],"picked":"SKIP","floor":29},{"not_picked":["Finisher","Reflex+1"],"picked":"Skewer","floor":31},{"not_picked":["Die Die Die","Grand Finale"],"picked":"Corpse Explosion+1","floor":33},{"not_picked":["Cloak And Dagger+1","Dagger Throw+1","Setup+1"],"picked":"SKIP","floor":35},{"not_picked":["Slice","Poisoned Stab+1","All Out Attack"],"picked":"SKIP","floor":37},{"not_picked":["Flechettes+1","Deflect+1","PiercingWail+1"],"picked":"SKIP","floor":38},{"not_picked":["Dash+1","Grand Finale"],"picked":"Dodge and Roll+1","floor":40},{"not_picked":["Dagger Throw+1","Deadly Poison+1"],"picked":"Backflip+1","floor":42},{"not_picked":["Deadly Poison+1","Blade Dance+1"],"picked":"Crippling Poison+1","floor":44},{"not_picked":["Dagger Throw","Quick Slash","Corpse Explosion+1"],"picked":"SKIP","floor":46},{"not_picked":["Purity+1","Swift Strike"],"picked":"Master of Strategy+1","floor":47},{"not_picked":["Sucker Punch+1","Acrobatics+1","Crippling Poison+1"],"picked":"SKIP","floor":48}],"player_experience":725397,"relics_obtained":[{"floor":7,"key":"Pear"},{"floor":9,"key":"Mercury Hourglass"},{"floor":26,"key":"Ninja Scroll"},{"floor":29,"key":"Toxic Egg 2"},{"floor":40,"key":"Smiling Mask"},{"floor":43,"key":"Whetstone"}],"event_choices":[{"event_name":"Golden Idol","player_choice":"Ignored","floor":5,"damage_taken":0},{"event_name":"FaceTrader","player_choice":"Trade","floor":19,"damage_taken":0},{"event_name":"Purifier","player_choice":"One Purge","floor":21,"damage_taken":0},{"event_name":"Purifier","player_choice":"One Purge","floor":36,"damage_taken":0},{"event_name":"Mysterious Sphere","player_choice":"Ignore","floor":39,"damage_taken":0},{"event_name":"SensoryStone","player_choice":"Memory 1","floor":47,"damage_taken":0}],"is_beta":false,"boss_relics":[{"not_picked":["White Beast Statue","Ring of the Serpent"],"picked":"Orrery"},{"not_picked":["Runic Dome","Pandora\u0027s Box"],"picked":"Sozu"}],"items_purged_floors":[22],"is_endless":false,"potions_floor_spawned":[4,12,13,16,24,27,29,31,37,40,42,48],"killed_by":"Time Eater","ascension_level":7}