{"gold_per_floor":[111,130,22,22,22,22,47,47,47,78,98,118,134,151,151,151],"floor_reached":16,"playtime":949,"items_purged":[],"score":140,"play_id":"36f025ab-f952-4db7-b5a2-a698541bc8b1","local_time":"20180706080045","is_ascension_mode":true,"campfire_choices":[{"data":"True Grit","floor":6,"key":"SMITH"},{"floor":8,"key":"REST"},{"floor":15,"key":"REST"}],"neow_cost":"NONE","seed_source_timestamp":212106752382755,"circlet_count":0,"master_deck":["Strike_R","Strike_R","Strike_R","Strike_R","Defend_R","Defend_R","Defend_R","Defend_R","Bash","Fiend Fire","Cleave","Sever Soul","True Grit+1","Shrug It Off","Warcry","Exhume","Havoc","Intimidate","Uppercut","Warcry"],"relics":["Burning Blood","Lantern","Meat on the Bone","Frozen Egg 2"],"potions_floor_usage":[10,16,16,16,16,16,16],"damage_taken":[{"damage":12,"enemies":"Jaw Worm","floor":1,"turns":2},{"damage":2,"enemies":"Small Slimes","floor":2,"turns":3},{"damage":28,"enemies":"3 Sentries","floor":7,"turns":5},{"damage":50,"enemies":"Lagavulin","floor":10,"turns":7},{"damage":0,"enemies":"2 Louse","floor":11,"turns":3},{"damage":16,"enemies":"2 Fungi Beasts","floor":12,"turns":3},{"damage":32,"enemies":"Exordium Thugs","floor":13,"turns":6},{"damage":8,"enemies":"Looter","floor":14,"turns":3},{"damage":91,"enemies":"The Guardian","floor":16,"turns":12}],"seed_played":"-814905633417550156","potions_obtained":[{"floor":2,"key":"PowerPotion"},{"floor":10,"key":"Energy Potion"},{"floor":12,"key":"EntropicBrew"},{"floor":13,"key":"Dexterity Potion"}],"is_trial":false,"path_per_floor":["M","M","$","?","?","R","E","R","T","E","M","M","M","M","R"],"character_chosen":"IRONCLAD","items_purchased":["True Grit","Shrug It Off"],"campfire_rested":2,"item_purchase_floors":[3,3],"current_hp_per_floor":[74,78,78,78,78,78,56,80,80,48,54,56,42,52,76,0],"gold":151,"neow_bonus":"ONE_RANDOM_RARE_CARD","is_prod":false,"is_daily":false,"chose_seed":false,"campfire_upgraded":1,"win_rate":0,"timestamp":1530878445,"path_taken":["M","M","$","?","?","R","E","R","T","E","M","M","M","M","R","BOSS"],"build_version":"2018-07-05","purchased_purges":0,"victory":false,"max_hp_per_floor":[80,80,80,80,80,80,80,80,80,80,80,80,80,80,80,80],"card_choices":[{"not_picked":["Twin Strike","Warcry"],"picked":"Cleave","floor":1},{"not_picked":["Twin Strike","Clash"],"picked":"Sever Soul","floor":2},{"not_picked":["Bloodletting","Hemokinesis"],"picked":"Warcry","floor":7},{"not_picked":["Bloodletting","Seeing Red"],"picked":"Exhume","floor":10},{"not_picked":["Blood for Blood","Thunderclap"],"picked":"Havoc","floor":11},{"not_picked":["Sentinel","Headbutt"],"picked":"Intimidate","floor":12},{"not_picked":["Metallicize+1","Rage"],"picked":"Uppercut","floor":13},{"not_picked":["Second Wind","Juggernaut+1"],"picked":"Warcry","floor":14}],"player_experience":956460,"relics_obtained":[{"floor":7,"key":"Lantern"},{"floor":9,"key":"Meat on the Bone"},{"floor":10,"key":"Frozen Egg 2"}],"event_choices":[{"event_name":"Living Wall","player_choice":"Forget","floor":4,"damage_taken":0},{"event_name":"The Cleric","player_choice":"Leave","floor":5,"damage_taken":0}],"boss_relics":[],"items_purged_floors":[],"is_endless":false,"potions_floor_spawned":[2,10,12,13],"killed_by":"The Guardian","ascension_level":5}