{"gold_per_floor":[17,34,34,54,64,64,64,83,83,33,33,52,52,52,52,156,156,169,169,153,167,167],"floor_reached":22,"playtime":1485,"items_purged":[],"score":178,"play_id":"b58f7203-b3bc-4333-b006-21c073fb8b6e","local_time":"20190126151145","is_ascension_mode":false,"campfire_choices":[{"data":"Spot Weakness","floor":6,"key":"SMITH"},{"data":"Rampage","floor":11,"key":"SMITH"},{"data":"Shrug It Off","floor":13,"key":"SMITH"},{"data":"Bash","floor":15,"key":"SMITH"}],"neow_cost":"NO_GOLD","seed_source_timestamp":1288087044442718,"circlet_count":0,"master_deck":["Strike_R","Strike_R","Strike_R","Strike_R","Defend_R","Defend_R","Defend_R","Defend_R","Bash+1","Disarm","Iron Wave","Shrug It Off+1","Spot Weakness+1","Rampage+1","Disarm+1","Demon Form+1","True Grit+1","Headbutt+1","Heavy Blade+1"],"relics":["Burning Blood","WingedGreaves","Toxic Egg 2","Molten Egg 2","Fusion Hammer"],"potions_floor_usage":[5,16,16,16,22],"damage_taken":[{"damage":0,"enemies":"Small Slimes","floor":1,"turns":3},{"damage":10,"enemies":"Cultist","floor":2,"turns":4},{"damage":0,"enemies":"2 Louse","floor":4,"turns":5},{"damage":0,"enemies":"Large Slime","floor":5,"turns":5},{"damage":6,"enemies":"Exordium Wildlife","floor":8,"turns":4},{"damage":4,"enemies":"Red Slaver","floor":12,"turns":3},{"damage":57,"enemies":"Slime Boss","floor":16,"turns":14},{"damage":34,"enemies":"Spheric Guardian","floor":18,"turns":5},{"damage":22,"enemies":"2 Thieves","floor":20,"turns":4},{"damage":23,"enemies":"3 Cultists","floor":21,"turns":5},{"damage":19,"enemies":"Centurion and Healer","floor":22,"turns":5}],"seed_played":"363121619623342006","potions_obtained":[{"floor":3,"key":"Fire Potion"},{"floor":3,"key":"SpeedPotion"},{"floor":3,"key":"Swift Potion"},{"floor":12,"key":"Energy Potion"},{"floor":21,"key":"Poison Potion"}],"is_trial":false,"path_per_floor":["M","M","?","M","M","R","?","M","T","?","R","M","R","$","R","B",null,"M","?","M","M","M"],"character_chosen":"IRONCLAD","items_purchased":[],"campfire_rested":0,"item_purchase_floors":[],"current_hp_per_floor":[80,76,76,80,80,80,77,77,77,77,77,79,79,79,79,28,80,52,52,36,19,0],"gold":167,"neow_bonus":"ONE_RARE_RELIC","is_prod":false,"is_daily":false,"chose_seed":false,"campfire_upgraded":4,"win_rate":0,"timestamp":1548544305,"path_taken":["M","M","?","?","M","R","?","M","T","?","R","M","R","?","R","BOSS","M","?","?","M","M"],"build_version":"2019-01-23","purchased_purges":0,"victory":false,"max_hp_per_floor":[80,80,80,80,80,80,80,80,80,80,80,80,80,80,80,80,80,80,80,80,80,80],"card_choices":[{"not_picked":["Anger","Headbutt"],"picked":"Disarm","floor":1},{"not_picked":["True Grit","Cleave"],"picked":"Iron Wave","floor":2},{"not_picked":["Perfected Strike","Evolve"],"picked":"Shrug It Off","floor":4},{"not_picked":["Clothesline","Clash"],"picked":"Spot Weakness","floor":5},{"not_picked":["Wild Strike","Metallicize"],"picked":"Rampage","floor":8},{"not_picked":["Entrench+1","Feed+1"],"picked":"Disarm+1","floor":12},{"not_picked":["Double Tap+1","Exhume+1"],"picked":"Demon Form","floor":16},{"not_picked":["Entrench+1","Pummel+1"],"picked":"True Grit+1","floor":18},{"not_picked":["Clothesline+1","Rupture"],"picked":"Headbutt+1","floor":20},{"not_picked":["Havoc+1","Blood for Blood+1"],"picked":"Heavy Blade+1","floor":21}],"player_experience":155878,"relics_obtained":[{"floor":9,"key":"Molten Egg 2"}],"event_choices":[{"damage_healed":0,"gold_gain":0,"player_choice":"Got Potions","damage_taken":0,"max_hp_gain":0,"max_hp_loss":0,"event_name":"Lab","floor":3,"gold_loss":0},{"damage_healed":0,"gold_gain":0,"player_choice":"Success","damage_taken":3,"relics_obtained":["Toxic Egg 2"],"max_hp_gain":0,"max_hp_loss":0,"event_name":"Scrap Ooze","floor":7,"gold_loss":0},{"cards_removed":["Strike_R"],"damage_healed":0,"gold_gain":0,"player_choice":"Card Removal","damage_taken":0,"max_hp_gain":0,"max_hp_loss":0,"event_name":"The Cleric","floor":10,"gold_loss":50},{"damage_healed":0,"gold_gain":0,"player_choice":"Upgraded","damage_taken":0,"max_hp_gain":0,"max_hp_loss":0,"event_name":"Upgrade Shrine","floor":19,"gold_loss":0,"cards_upgraded":["Demon Form"]}],"is_beta":false,"boss_relics":[{"not_picked":["Eternal Feather","Runic Pyramid"],"picked":"Fusion Hammer"}],"items_purged_floors":[],"is_endless":false,"potions_floor_spawned":[4,12,21],"killed_by":"Centurion and Healer","ascension_level":0}