{"gold_per_floor":[110,135,135,154,154,185,40,75,98,98,98,98,118,118,118,217,217,235,2,2,2,16,16,35,35,35,35,35,49,82,108,120,229,241,273,297,327,59,0,0,0,0,0,26,26,126,126,126,126,126],"floor_reached":51,"playtime":2299,"items_purged":["Strike_R","Clash","Strike_R"],"score":1133,"play_id":"c5e2dd21-3b9b-48f4-abef-811cdfca1481","local_time":"20190111195402","is_ascension_mode":true,"campfire_choices":[{"data":"Armaments","floor":10.0,"key":"SMITH"},{"data":"Entrench","floor":12.0,"key":"SMITH"},{"data":"Flame Barrier","floor":15.0,"key":"SMITH"},{"data":"Barricade","floor":23.0,"key":"SMITH"},{"data":"Body Slam","floor":25.0,"key":"SMITH"},{"data":"Shrug It Off","floor":32.0,"key":"SMITH"},{"data":"Impervious","floor":40.0,"key":"SMITH"},{"data":"Iron Wave","floor":42.0,"key":"SMITH"},{"data":"Shrug It Off","floor":45.0,"key":"SMITH"},{"data":"Defend_R","floor":47.0,"key":"SMITH"},{"floor":49,"key":"REST"}],"neow_cost":"NONE","seed_source_timestamp":585423840808696,"circlet_count":0,"master_deck":["Strike_R","Strike_R","Defend_R+1","Defend_R","Defend_R","Bash","Armaments+1","Flame Barrier+1","Shrug It Off+1","Entrench+1","Shrug It Off+1","Double Tap","Barricade+1","Body Slam+1","Rampage","Iron Wave+1","Impervious+1","Ghostly Armor+1","Inflame+1"],"special_seed":0,"relics":["Burning Blood","NeowsBlessing","Centennial Puzzle","Pocketwatch","Darkstone Periapt","Bag of Marbles","Vajra","Velvet Choker","Ornamental Fan","MawBank","Cursed Key","Oddly Smooth Stone","Red Mask","Gambling Chip","Turnip"],"potions_floor_usage":[],"damage_taken":[{"damage":0.0,"enemies":"Cultist","floor":1.0,"turns":1.0},{"damage":0.0,"enemies":"Small Slimes","floor":4.0,"turns":1.0},{"damage":0.0,"enemies":"Gremlin Nob","floor":6.0,"turns":1.0},{"damage":6.0,"enemies":"3 Sentries","floor":8.0,"turns":12.0},{"damage":0.0,"enemies":"Jaw Worm","floor":13.0,"turns":4.0},{"damage":8.0,"enemies":"Slime Boss","floor":16.0,"turns":13.0},{"damage":2.0,"enemies":"3 Byrds","floor":18.0,"turns":2.0},{"damage":3.0,"enemies":"Colosseum Slavers","floor":21.0,"turns":4.0},{"damage":0.0,"enemies":"Shell Parasite","floor":22.0,"turns":3.0},{"damage":4.0,"enemies":"Chosen and Byrds","floor":24.0,"turns":7.0},{"damage":0.0,"enemies":"Cultist and Chosen","floor":29.0,"turns":6.0},{"damage":10.0,"enemies":"Slavers","floor":30.0,"turns":7.0},{"damage":0.0,"enemies":"Snecko","floor":31.0,"turns":3.0},{"damage":32.0,"enemies":"Automaton","floor":33.0,"turns":10.0},{"damage":2.0,"enemies":"Orb Walker","floor":35.0,"turns":4.0},{"damage":0.0,"enemies":"3 Darklings","floor":36.0,"turns":6.0},{"damage":0.0,"enemies":"Jaw Worm Horde","floor":37.0,"turns":4.0},{"damage":23.0,"enemies":"Reptomancer","floor":44.0,"turns":6.0},{"damage":0.0,"enemies":"Mind Bloom Boss Battle","floor":46.0,"turns":2.0},{"damage":0,"enemies":"Time Eater","floor":50,"turns":9}],"seed_played":"5263600774334604385","potions_obtained":[{"floor":4.0,"key":"Dexterity Potion"},{"floor":8.0,"key":"SpeedPotion"},{"floor":16.0,"key":"SpeedPotion"},{"floor":18.0,"key":"FearPotion"},{"floor":24.0,"key":"Swift Potion"},{"floor":29.0,"key":"SkillPotion"},{"floor":31.0,"key":"LiquidBronze"},{"floor":36.0,"key":"Fire Potion"}],"is_trial":false,"path_per_floor":["M","T","?","M","?","E","$","E","T","R","?","R","M","?","R","B",null,"M","$","?","?","M","R","M","R","T","$","?","M","E","M","R","B",null,"M","M","M","$","?","R","?","R","T","E","R","?","R","T","R","B",null],"character_chosen":"IRONCLAD","items_purchased":["Entrench","Body Slam","Rampage","Oddly Smooth Stone"],"campfire_rested":1,"item_purchase_floors":[7,19,19,38],"current_hp_per_floor":[78,78,78,80,80,80,80,80,80,80,77,77,80,73,73,71,78,80,80,80,80,80,80,80,80,80,80,80,80,76,80,80,54,74,78,80,80,80,80,80,80,80,80,63,63,69,69,69,80,80],"gold":126,"neow_bonus":"THREE_ENEMY_KILL","is_prod":false,"is_daily":false,"chose_seed":false,"campfire_upgraded":10,"win_rate":0,"timestamp":1547204042,"path_taken":["M","?","?","?","?","E","$","E","T","R","?","R","M","?","R","BOSS","M","$","?","?","M","R","M","R","T","$","?","?","E","M","R","BOSS","M","M","M","$","?","R","?","R","T","E","R","?","R","?","R","BOSS"],"build_version":"2019-01-10","purchased_purges":3,"victory":true,"max_hp_per_floor":[80,80,80,80,80,80,80,80,80,80,80,80,80,80,80,80,80,80,80,80,80,80,80,80,80,80,80,80,80,80,80,80,80,80,80,80,80,80,80,80,80,80,80,80,80,80,80,80,80,80],"card_choices":[{"not_picked":["Searing Blow","Sword Boomerang"],"picked":"Armaments","floor":1.0},{"not_picked":["Clothesline","Fire Breathing"],"picked":"Clash","floor":4.0},{"not_picked":["Sever Soul","Disarm"],"picked":"Shrug It Off","floor":6.0},{"not_picked":["Sever Soul","Thunderclap"],"picked":"Shrug It Off","floor":8.0},{"not_picked":["Flex","Entrench"],"picked":"Double Tap","floor":13.0},{"not_picked":["Limit Break","Exhume"],"picked":"Barricade","floor":16.0},{"not_picked":["Clash","Shrug It Off"],"picked":"Spot Weakness","floor":18.0},{"not_picked":["Rage","Reckless Charge","Armaments"],"picked":"SKIP","floor":22.0},{"not_picked":["True Grit","Pummel+1"],"picked":"Iron Wave","floor":24.0},{"not_picked":["Warcry+1","Flex","Second Wind"],"picked":"SKIP","floor":29.0},{"not_picked":["Corruption","Warcry","Reckless Charge"],"picked":"SKIP","floor":30.0},{"not_picked":["Warcry","Exhume","Corruption"],"picked":"SKIP","floor":31.0},{"not_picked":["Barricade","Feed"],"picked":"Impervious","floor":33.0},{"not_picked":["Warcry","Rampage","Headbutt"],"picked":"SKIP","floor":35.0},{"not_picked":["True Grit+1","Dropkick"],"picked":"Ghostly Armor+1","floor":36.0},{"not_picked":["Shrug It Off+1","Pommel Strike","Double Tap"],"picked":"SKIP","floor":37.0},{"not_picked":["Wild Strike+1","Clothesline","Heavy Blade+1"],"picked":"SKIP","floor":44.0},{"not_picked":["Heavy Blade+1","Warcry"],"picked":"Inflame+1","floor":46.0}],"player_experience":362796,"relics_obtained":[{"floor":2.0,"key":"Centennial Puzzle"},{"floor":6.0,"key":"Pocketwatch"},{"floor":8.0,"key":"Darkstone Periapt"},{"floor":9.0,"key":"Bag of Marbles"},{"floor":26.0,"key":"Ornamental Fan"},{"floor":30.0,"key":"MawBank"},{"floor":44.0,"key":"Gambling Chip"},{"floor":46.0,"key":"Turnip"}],"event_choices":[{"damage_healed":0.0,"max_hp_gain":0.0,"max_hp_loss":0.0,"gold_gain":0.0,"cards_transformed":["Strike_R"],"event_name":"Transmorgrifier","player_choice":"Transformed","floor":3.0,"gold_loss":0.0,"damage_taken":0.0,"cards_obtained":["Flame Barrier"]},{"damage_healed":0.0,"max_hp_gain":0.0,"max_hp_loss":0.0,"gold_gain":0.0,"event_name":"Liars Game","player_choice":"Ignored","floor":5.0,"gold_loss":0.0,"damage_taken":0.0},{"damage_healed":0.0,"max_hp_gain":0.0,"max_hp_loss":0.0,"gold_gain":0.0,"event_name":"Scrap Ooze","player_choice":"Success","floor":11.0,"gold_loss":0.0,"damage_taken":3.0,"relics_obtained":["Vajra"]},{"cards_removed":["Defend_R"],"damage_healed":0.0,"max_hp_gain":0.0,"max_hp_loss":0.0,"gold_gain":0.0,"event_name":"Golden Wing","player_choice":"Card Removal","floor":14.0,"gold_loss":0.0,"damage_taken":7.0},{"damage_healed":0.0,"max_hp_gain":0.0,"max_hp_loss":0.0,"gold_gain":0.0,"event_name":"The Mausoleum","player_choice":"Ignored","floor":20.0,"gold_loss":0.0,"damage_taken":0.0},{"damage_healed":0.0,"max_hp_gain":0.0,"max_hp_loss":0.0,"gold_gain":0.0,"event_name":"Colosseum","player_choice":"Fight","floor":21.0,"gold_loss":0.0,"damage_taken":0.0},{"damage_healed":0.0,"max_hp_gain":0.0,"max_hp_loss":0.0,"gold_gain":0.0,"event_name":"Colosseum","player_choice":"Fled From Nobs","floor":21.0,"gold_loss":0.0,"damage_taken":0.0},{"damage_healed":0.0,"max_hp_gain":0.0,"max_hp_loss":0.0,"gold_gain":0.0,"event_name":"N\u0027loth","player_choice":"Ignored","floor":28.0,"gold_loss":0.0,"damage_taken":0.0},{"damage_healed":0.0,"max_hp_gain":0.0,"max_hp_loss":0.0,"gold_gain":0.0,"event_name":"Tomb of Lord Red Mask","player_choice":"Paid","floor":39.0,"gold_loss":59.0,"damage_taken":0.0,"relics_obtained":["Red Mask"]},{"cards_removed":["Spot Weakness"],"damage_healed":0.0,"max_hp_gain":0.0,"max_hp_loss":0.0,"gold_gain":0.0,"event_name":"Falling","player_choice":"Removed Skill","floor":41.0,"gold_loss":0.0,"damage_taken":0.0},{"damage_healed":0.0,"max_hp_gain":0.0,"max_hp_loss":0.0,"gold_gain":0.0,"event_name":"MindBloom","player_choice":"Fight","floor":46.0,"gold_loss":0.0,"damage_taken":0.0}],"is_beta":false,"boss_relics":[{"not_picked":["Ectoplasm","Philosopher\u0027s Stone"],"picked":"Velvet Choker"},{"not_picked":["White Beast Statue","Mark of Pain"],"picked":"Cursed Key"}],"items_purged_floors":[7,19,38],"is_endless":false,"potions_floor_spawned":[4,8,16,18,24,29,31,36],"ascension_level":9}