{"path_per_floor":["M","?","?","$","M","E","R","M","T","?","M","E","M","$","R","B",null,"M","$","M","?","M","R","M","M","T","M","R","E","M","M","R"],"character_chosen":"IRONCLAD","items_purchased":["Apotheosis","Shrug It Off","Matryoshka"],"gold_per_floor":[111,111,211,22,46,84,84,107,107,107,130,166,182,136,136,266,266,286,47,71,71,92,92,108,129,156,171,171,212,231,250,250,250],"floor_reached":33,"campfire_rested":4,"playtime":2421,"item_purchase_floors":[4,14,19],"current_hp_per_floor":[80,80,80,80,80,80,80,80,80,64,65,47,43,43,67,69,80,67,67,64,64,49,73,54,35,35,20,44,30,30,28,52,0],"items_purged":[],"gold":250,"score":381,"play_id":"e6b2e394-85fc-45fb-997f-f033814303a3","local_time":"20180529220709","is_prod":false,"is_daily":false,"chose_seed":false,"is_ascension_mode":false,"campfire_upgraded":1,"win_rate":0,"timestamp":1527646029,"campfire_choices":[{"data":"Apotheosis","floor":7,"key":"SMITH"},{"floor":15,"key":"REST"},{"floor":23,"key":"REST"},{"floor":28,"key":"REST"},{"floor":32,"key":"REST"}],"path_taken":["M","?","?","?","M","E","R","M","T","?","M","E","?","$","R","BOSS","M","$","M","?","?","R","M","M","T","M","R","E","M","M","R","BOSS"],"build_version":"2018-05-24","seed_source_timestamp":192084443865765,"purchased_purges":0,"victory":false,"master_deck":["Strike_R","Strike_R","Strike_R","Strike_R","Strike_R+1","Defend_R","Defend_R","Defend_R","Defend_R","Bash","Clash","Injury","Apotheosis+1","Blood for Blood","Perfected Strike","Combust+1","Dual Wield","Flex","Anger","Shrug It Off","Impervious","Thunderclap","Thunderclap","Perfected Strike","Impervious","Rampage","Decay","Cleave","Perfected Strike+1","Pommel Strike+1","Perfected Strike"],"max_hp_per_floor":[80,80,80,80,80,80,80,80,80,80,80,80,80,80,80,80,80,80,80,80,80,80,80,80,80,80,80,80,80,80,80,80,80],"relics":["Burning Blood","NeowsBlessing","Golden Idol","Bag of Preparation","Gremlin Horn","Frozen Egg 2","Cursed Key","Matryoshka","Centennial Puzzle","Dream Catcher","Bottled Lightning"],"card_choices":[{"not_picked":["Intimidate","Body Slam"],"picked":"Clash","floor":1},{"not_picked":["Thunderclap","Dropkick"],"picked":"Blood for Blood","floor":5},{"not_picked":["Havoc","Twin Strike"],"picked":"Perfected Strike","floor":6},{"not_picked":["Thunderclap","Offering"],"picked":"Combust","floor":8},{"not_picked":["Feel No Pain","Sever Soul"],"picked":"Dual Wield","floor":11},{"not_picked":["Carnage","True Grit"],"picked":"Flex","floor":12},{"not_picked":["Flex","Iron Wave"],"picked":"Anger","floor":13},{"not_picked":["Fiend Fire","Feed"],"picked":"Impervious","floor":16},{"not_picked":["Twin Strike+1","Clash+1"],"picked":"Thunderclap","floor":18},{"not_picked":["Anger+1","Dropkick"],"picked":"Thunderclap","floor":20},{"not_picked":["Headbutt","Armaments+1"],"picked":"Perfected Strike","floor":22},{"not_picked":["Havoc","Second Wind+1"],"picked":"Impervious","floor":24},{"not_picked":["Flex","Seeing Red"],"picked":"Rampage","floor":25},{"not_picked":["Body Slam","Anger+1"],"picked":"Cleave","floor":27},{"not_picked":["Seeing Red","Metallicize+1"],"picked":"Perfected Strike+1","floor":29},{"not_picked":["Body Slam","Wild Strike+1"],"picked":"Pommel Strike+1","floor":30},{"not_picked":["Clothesline","Second Wind+1","Clash+1"],"picked":"SKIP","floor":31},{"not_picked":["Dual Wield","Sword Boomerang"],"picked":"Perfected Strike","floor":32}],"player_experience":203968,"potions_floor_usage":[16,22,24,29,33,33],"damage_taken":[{"damage":0,"enemies":"Jaw Worm","floor":1,"turns":1},{"damage":0,"enemies":"2 Louse","floor":5,"turns":1},{"damage":0,"enemies":"Gremlin Nob","floor":6,"turns":1},{"damage":0,"enemies":"Cultist","floor":8,"turns":2},{"damage":5,"enemies":"2 Fungi Beasts","floor":11,"turns":2},{"damage":24,"enemies":"Lagavulin","floor":12,"turns":5},{"damage":10,"enemies":"Exordium Thugs","floor":13,"turns":3},{"damage":4,"enemies":"Slime Boss","floor":16,"turns":6},{"damage":19,"enemies":"Shell Parasite","floor":18,"turns":4},{"damage":9,"enemies":"3 Byrds","floor":20,"turns":3},{"damage":21,"enemies":"Centurion and Healer","floor":22,"turns":5},{"damage":25,"enemies":"Snecko","floor":24,"turns":4},{"damage":25,"enemies":"Cultist and Chosen","floor":25,"turns":6},{"damage":21,"enemies":"Snake Plant","floor":27,"turns":4},{"damage":20,"enemies":"Slavers","floor":29,"turns":4},{"damage":6,"enemies":"3 Cultists","floor":30,"turns":3},{"damage":8,"enemies":"Slaver and Parasite","floor":31,"turns":3},{"damage":56,"enemies":"Automaton","floor":33,"turns":6}],"relics_obtained":[{"floor":6,"key":"Bag of Preparation"},{"floor":9,"key":"Gremlin Horn"},{"floor":12,"key":"Frozen Egg 2"},{"floor":26,"key":"Centennial Puzzle"},{"floor":26,"key":"Dream Catcher"},{"floor":29,"key":"Bottled Lightning"}],"event_choices":[{"event_name":"Golden Idol","player_choice":"Take Wound","floor":2,"damage_taken":0},{"event_name":"Golden Shrine","player_choice":"Pray","floor":3,"damage_taken":0},{"event_name":"Shining Light","player_choice":"Entered Light","floor":10,"damage_taken":0},{"event_name":"Ghosts","player_choice":"Ignored","floor":21,"damage_taken":0}],"boss_relics":[{"not_picked":["Calling Bell","Astrolabe"],"picked":"Cursed Key"}],"items_purged_floors":[],"potions_floor_spawned":[6,8,13,18,24,25,27,29],"seed_played":"-2850122319204229395","killed_by":"Automaton","ascension_level":0,"potions_obtained":[{"floor":6,"key":"Block Potion"},{"floor":8,"key":"Dexterity Potion"},{"floor":13,"key":"Energy Potion"},{"floor":18,"key":"GamblersBrew"},{"floor":24,"key":"SteroidPotion"},{"floor":25,"key":"SpeedPotion"},{"floor":27,"key":"SkillPotion"},{"floor":29,"key":"Energy Potion"}],"is_trial":false}