{"gold_per_floor":[99,99,19,19,19,19,19,19,19,19,19,0,0,0,0,0,0,0,0,0,0,0,0,0,0,0,0,0,0,0,0,0,0,0,0,0,0,0],"floor_reached":38,"playtime":1763,"items_purged":[],"score":372,"play_id":"2779b8f0-8ef0-46ba-a2e6-fbd8049cd926","local_time":"20181103214728","is_ascension_mode":false,"campfire_choices":[{"data":"Neutralize","floor":6,"key":"SMITH"},{"data":"Caltrops","floor":8,"key":"SMITH"},{"floor":13,"key":"REST"},{"floor":15,"key":"REST"},{"data":"Noxious Fumes","floor":23,"key":"SMITH"},{"floor":25,"key":"REST"},{"data":"Noxious Fumes","floor":29,"key":"SMITH"},{"floor":32,"key":"REST"}],"neow_cost":"NONE","seed_source_timestamp":2138112799510623,"circlet_count":0,"master_deck":["Defend_G","Defend_G","Defend_G","Defend_G","Defend_G","Strike_G","Strike_G","Strike_G","Strike_G","Strike_G","Survivor","Neutralize+1","Accuracy","Caltrops+1","Underhanded Strike","Footwork","Sucker Punch","Deadly Poison","Riddle With Holes","Adrenaline","Noxious Fumes+1","Deadly Poison","Backflip","Noxious Fumes+1","Blade Dance","Dodge and Roll+1","Necronomicurse","Cloak And Dagger","Catalyst+1","Adrenaline","Poisoned Stab","Panacea","Deadly Poison"],"relics":["Ectoplasm","Anchor","Ginger","Snake Skull","Orrery","Necronomicon","Question Card","Orichalcum","Eternal Feather"],"potions_floor_usage":[10,16,18,18],"damage_taken":[{"damage":1,"enemies":"Small Slimes","floor":1,"turns":3},{"damage":9,"enemies":"Jaw Worm","floor":4,"turns":4},{"damage":12,"enemies":"2 Louse","floor":5,"turns":3},{"damage":34,"enemies":"Gremlin Nob","floor":10,"turns":4},{"damage":0,"enemies":"2 Fungi Beasts","floor":11,"turns":4},{"damage":2,"enemies":"Looter","floor":12,"turns":3},{"damage":8,"enemies":"The Guardian","floor":16,"turns":11},{"damage":15,"enemies":"2 Thieves","floor":18,"turns":5},{"damage":0,"enemies":"3 Byrds","floor":21,"turns":5},{"damage":11,"enemies":"Centurion and Healer","floor":24,"turns":5},{"damage":12,"enemies":"Snake Plant","floor":27,"turns":5},{"damage":47,"enemies":"Automaton","floor":33,"turns":9},{"damage":13,"enemies":"3 Shapes","floor":35,"turns":4},{"damage":28,"enemies":"Orb Walker","floor":37,"turns":4},{"damage":38,"enemies":"3 Darklings","floor":38,"turns":5}],"seed_played":"7569823440978358872","potions_obtained":[{"floor":1,"key":"AttackPotion"},{"floor":10,"key":"Block Potion"},{"floor":11,"key":"Energy Potion"},{"floor":12,"key":"SkillPotion"},{"floor":24,"key":"FearPotion"},{"floor":33,"key":"Energy Potion"},{"floor":37,"key":"Ancient Potion"}],"is_trial":false,"path_per_floor":["M","?","$","M","M","R","$","R","T","E","M","M","R","?","R","B",null,"M","$","?","M","$","R","M","R","T","M","?","R","?","?","R","B",null,"M","?","M","M"],"character_chosen":"THE_SILENT","items_purchased":["Caltrops"],"campfire_rested":4,"item_purchase_floors":[3],"current_hp_per_floor":[69,74,74,65,53,53,53,53,53,19,19,17,39,27,49,41,75,60,60,44,44,44,44,33,55,55,43,43,43,43,43,65,18,75,62,62,34,0],"gold":0,"neow_bonus":"BOSS_RELIC","is_prod":false,"is_daily":false,"chose_seed":false,"campfire_upgraded":4,"win_rate":0,"timestamp":1541296048,"path_taken":["M","?","$","M","M","R","$","R","T","E","M","M","R","?","R","BOSS","M","$","?","M","$","R","M","R","T","M","?","R","?","?","R","BOSS","M","?","M","M"],"build_version":"2018-11-01","purchased_purges":0,"victory":false,"max_hp_per_floor":[70,75,75,75,75,75,75,75,75,75,75,75,75,75,75,75,75,75,75,75,75,75,75,75,75,75,75,75,75,75,75,75,75,75,75,75,75,75],"card_choices":[{"not_picked":["Setup","Flying Knee"],"picked":"Accuracy","floor":1},{"not_picked":["Bane","Concentrate"],"picked":"Underhanded Strike","floor":4},{"not_picked":["Acrobatics","Slice"],"picked":"Footwork","floor":5},{"not_picked":["Underhanded Strike","Eviscerate"],"picked":"Sucker Punch","floor":10},{"not_picked":["Skewer","Distraction"],"picked":"Deadly Poison","floor":11},{"not_picked":["Calculated Gamble","Distraction"],"picked":"Riddle With Holes","floor":12},{"not_picked":["Die Die Die","Venomology"],"picked":"Adrenaline","floor":16},{"not_picked":["Skewer","Deadly Poison"],"picked":"Noxious Fumes","floor":17},{"not_picked":["Sucker Punch","Cloak And Dagger"],"picked":"Deadly Poison","floor":17},{"not_picked":["Expertise","Slice"],"picked":"Backflip","floor":17},{"not_picked":["Leg Sweep","Backflip"],"picked":"Noxious Fumes","floor":17},{"not_picked":["Riddle With Holes","Acrobatics"],"picked":"Blade Dance","floor":17},{"not_picked":["Skewer","Bane+1"],"picked":"Dodge and Roll+1","floor":18},{"not_picked":["Flying Knee","Bane"],"picked":"Cloak And Dagger","floor":21},{"not_picked":["Reflex+1","Eviscerate","Quick Slash"],"picked":"SKIP","floor":24},{"not_picked":["Concentrate","Backflip","Backstab"],"picked":"Catalyst+1","floor":27},{"not_picked":["Malaise","Glass Knife","Venomology"],"picked":"Adrenaline","floor":33},{"not_picked":["Underhanded Strike","Outmaneuver+1","Calculated Gamble"],"picked":"Poisoned Stab","floor":35},{"not_picked":["Purity","Blind","Jack Of All Trades"],"picked":"Panacea","floor":36},{"not_picked":["Slice+1","Heel Hook+1","Finisher"],"picked":"Deadly Poison","floor":37}],"player_experience":1637672,"relics_obtained":[{"floor":9,"key":"Anchor"},{"floor":10,"key":"Ginger"},{"floor":20,"key":"Necronomicon"},{"floor":26,"key":"Question Card"}],"event_choices":[{"damage_healed":0,"gold_gain":0,"player_choice":"Donut","damage_taken":0,"max_hp_gain":5,"max_hp_loss":0,"event_name":"Big Fish","floor":2,"gold_loss":0},{"damage_healed":0,"gold_gain":0,"player_choice":"Success","damage_taken":12,"relics_obtained":["Snake Skull"],"max_hp_gain":0,"max_hp_loss":0,"event_name":"Scrap Ooze","floor":14,"gold_loss":0},{"damage_healed":0,"gold_gain":0,"player_choice":"Obtained Book","damage_taken":16,"max_hp_gain":0,"max_hp_loss":0,"event_name":"Cursed Tome","floor":20,"gold_loss":0},{"damage_healed":0,"gold_gain":0,"player_choice":"Opened","damage_taken":0,"relics_obtained":["Orichalcum"],"max_hp_gain":0,"max_hp_loss":0,"event_name":"The Mausoleum","floor":28,"gold_loss":0},{"damage_healed":0,"gold_gain":0,"player_choice":"Ignored","damage_taken":0,"max_hp_gain":0,"max_hp_loss":0,"event_name":"Ghosts","floor":30,"gold_loss":0},{"damage_healed":0,"gold_gain":0,"player_choice":"Memory 1","damage_taken":0,"max_hp_gain":0,"max_hp_loss":0,"event_name":"SensoryStone","floor":36,"gold_loss":0}],"is_beta":false,"boss_relics":[{"not_picked":["Pandora\u0027s Box","WristBlade"],"picked":"Orrery"},{"not_picked":["Runic Pyramid","Calling Bell"],"picked":"Eternal Feather"}],"items_purged_floors":[],"is_endless":false,"potions_floor_spawned":[1,10,11,12,24,33,37],"killed_by":"3 Darklings","ascension_level":0}