{"gold_per_floor":[14,14,14,30,50,50,76,151,151,151,166,57,70,80,80,80],"floor_reached":16,"playtime":2724,"items_purged":["Strike_B"],"score":102,"play_id":"4c458ec7-8c30-4fc2-8d62-e38d0d7d732c","local_time":"20190122202947","is_ascension_mode":false,"campfire_choices":[{"data":"Coolheaded","floor":6,"key":"SMITH"},{"floor":10,"key":"REST"},{"data":"Storm","floor":15,"key":"SMITH"}],"neow_cost":"NO_GOLD","seed_source_timestamp":250922564005661,"circlet_count":0,"master_deck":["Strike_B","Strike_B","Strike_B","Defend_B+1","Defend_B","Defend_B","Defend_B","Zap+1","Dualcast","White Noise+1","Coolheaded+1","Storm+1","Self Repair","Coolheaded"],"relics":["Cracked Core","Peace Pipe","Matryoshka","Bag of Preparation","Pen Nib"],"potions_floor_usage":[14,16,16],"damage_taken":[{"damage":1,"enemies":"Cultist","floor":1,"turns":3},{"damage":0,"enemies":"Small Slimes","floor":4,"turns":2},{"damage":6,"enemies":"2 Louse","floor":5,"turns":2},{"damage":27,"enemies":"3 Sentries","floor":7,"turns":7},{"damage":0,"enemies":"Large Slime","floor":11,"turns":4},{"damage":10,"enemies":"Exordium Thugs","floor":13,"turns":6},{"damage":0,"enemies":"3 Louse","floor":14,"turns":3},{"damage":41,"enemies":"Slime Boss","floor":16,"turns":10}],"seed_played":"601460507557303098","potions_obtained":[{"floor":7,"key":"Strength Potion"},{"floor":11,"key":"SteroidPotion"},{"floor":13,"key":"Fire Potion"}],"is_trial":false,"path_per_floor":["M","?","?","M","M","R","E","?","T","R","M","$","M","M","R","B"],"character_chosen":"DEFECT","items_purchased":["Self Repair"],"campfire_rested":1,"item_purchase_floors":[12],"current_hp_per_floor":[74,74,59,59,53,53,26,15,15,37,37,37,34,41,41,0],"gold":80,"neow_bonus":"ONE_RARE_RELIC","is_prod":false,"is_daily":false,"chose_seed":false,"campfire_upgraded":2,"win_rate":0,"timestamp":1548151187,"path_taken":["M","?","?","M","M","R","E","?","T","R","M","$","M","M","R","BOSS"],"build_version":"2019-01-17v2","purchased_purges":1,"victory":false,"max_hp_per_floor":[75,75,75,75,75,75,75,75,75,75,75,75,75,75,75,75],"card_choices":[{"not_picked":["Go for the Eyes","Hologram"],"picked":"White Noise","floor":1},{"not_picked":["Sweeping Beam","Steam","Ball Lightning"],"picked":"SKIP","floor":4},{"not_picked":["Cold Snap","Reinforced Body"],"picked":"Coolheaded","floor":5},{"not_picked":["Reboot","Barrage","Sunder"],"picked":"SKIP","floor":7},{"not_picked":["Force Field","Steam Power"],"picked":"Storm","floor":11},{"not_picked":["Hologram","Barrage","Streamline"],"picked":"SKIP","floor":13},{"not_picked":["Auto Shields","Go for the Eyes"],"picked":"Coolheaded","floor":14}],"player_experience":486929,"relics_obtained":[{"floor":7,"key":"Matryoshka"},{"floor":9,"key":"Bag of Preparation"},{"floor":9,"key":"Pen Nib"}],"event_choices":[{"damage_healed":0,"gold_gain":0,"player_choice":"Grow","damage_taken":0,"max_hp_gain":0,"max_hp_loss":0,"event_name":"Living Wall","floor":2,"gold_loss":0,"cards_upgraded":["White Noise"]},{"damage_healed":0,"gold_gain":0,"player_choice":"Entered Light","damage_taken":15,"max_hp_gain":0,"max_hp_loss":0,"event_name":"Shining Light","floor":3,"gold_loss":0,"cards_upgraded":["Defend_B","Zap"]},{"damage_healed":0,"gold_gain":75,"player_choice":"Gather Gold","damage_taken":11,"max_hp_gain":0,"max_hp_loss":0,"event_name":"World of Goop","floor":8,"gold_loss":0}],"is_beta":false,"boss_relics":[],"items_purged_floors":[12],"is_endless":false,"potions_floor_spawned":[7,11,13],"killed_by":"Slime Boss","ascension_level":0}