{"gold_per_floor":[111,129,1,1,19,19,36,36,36,52,85,85,45,62,62,157,157,176,29,29,29,29,29,47,47,47,64,0,0,0,10,10,10],"floor_reached":33,"playtime":1527,"items_purged":["Strike_B"],"score":245,"play_id":"e409e671-6d2c-4eff-8643-d3cbc2dba32a","local_time":"20180713101948","is_ascension_mode":false,"campfire_choices":[{"data":"Zap","floor":6,"key":"SMITH"},{"data":"Dualcast","floor":8,"key":"SMITH"},{"floor":15,"key":"REST"},{"data":"Redo","floor":23,"key":"SMITH"},{"floor":25,"key":"DIG"},{"floor":29,"key":"REST"},{"floor":32,"key":"REST"}],"neow_cost":"","seed_source_timestamp":0,"circlet_count":0,"master_deck":["Strike_B","Strike_B","Defend_B","Defend_B","Defend_B","Defend_B","Zap+1","Dualcast+1","Go for the Eyes","Steam","Steam","Reboot","Redo+1","Gash","Seek","Hologram","Hyperbeam","Hologram"],"relics":["Unceasing Top","Bird Faced Urn","Shovel","Philosopher\u0027s Stone","Bag of Marbles","Darkstone Periapt"],"potions_floor_usage":[16,16,31],"damage_taken":[{"damage":6,"enemies":"Cultist","floor":1,"turns":3},{"damage":1,"enemies":"2 Louse","floor":2,"turns":3},{"damage":7,"enemies":"Small Slimes","floor":5,"turns":4},{"damage":0,"enemies":"2 Fungi Beasts","floor":7,"turns":4},{"damage":0,"enemies":"Looter","floor":10,"turns":3},{"damage":43,"enemies":"Gremlin Nob","floor":11,"turns":5},{"damage":1,"enemies":"Large Slime","floor":14,"turns":4},{"damage":35,"enemies":"Slime Boss","floor":16,"turns":10},{"damage":8,"enemies":"Shell Parasite","floor":18,"turns":5},{"damage":0,"enemies":"Chosen","floor":24,"turns":3},{"damage":39,"enemies":"Snecko","floor":27,"turns":7},{"damage":0,"enemies":"Snake Plant","floor":31,"turns":1},{"damage":68,"enemies":"Champ","floor":33,"turns":10}],"seed_played":"-8173720663082128533","potions_obtained":[{"floor":7,"key":"LiquidBronze"},{"floor":11,"key":"Strength Potion"},{"floor":27,"key":"AttackPotion"},{"floor":31,"key":"SteroidPotion"}],"is_trial":true,"path_per_floor":["M","M","$","?","M","R","M","R","T","M","E","?","?","M","R","B",null,"M","$","?","$","?","R","M","R","T","M","?","R","$","M","R"],"character_chosen":"DEFECT","items_purchased":["Steam","Hyperbeam"],"campfire_rested":3,"item_purchase_floors":[3,19],"current_hp_per_floor":[69,68,68,68,61,61,61,61,61,61,18,18,18,17,39,4,75,67,67,67,67,53,53,53,53,53,14,14,38,38,38,62,0],"gold":10,"neow_bonus":"","is_prod":false,"is_daily":false,"chose_seed":false,"campfire_upgraded":3,"win_rate":0,"timestamp":1531491588,"path_taken":["M","M","$","?","M","R","M","R","T","M","E","?","?","M","R","BOSS","M","$","?","?","?","R","M","R","T","M","?","R","?","?","R","BOSS"],"build_version":"2018-07-12","purchased_purges":1,"victory":false,"max_hp_per_floor":[75,75,75,75,75,75,75,75,75,75,75,75,75,75,75,75,75,75,75,75,75,80,80,80,80,80,80,80,80,80,80,80,80],"card_choices":[{"not_picked":["Ball Lightning","Cold Snap"],"picked":"Go for the Eyes","floor":1},{"not_picked":["Ball Lightning","Coolheaded","Rebound"],"picked":"SKIP","floor":2},{"not_picked":["Barrage","Redo"],"picked":"Steam","floor":5},{"not_picked":["Turbo","Hologram"],"picked":"Reboot","floor":7},{"not_picked":["Compile Driver","Leap"],"picked":"Redo","floor":10},{"not_picked":["White Noise","Barrage","Stack"],"picked":"SKIP","floor":11},{"not_picked":["Steam","Reinforced Body"],"picked":"Gash","floor":14},{"not_picked":["Hyperbeam","Electrodynamics"],"picked":"Seek","floor":16},{"not_picked":["Sweeping Beam","BootSequence+1"],"picked":"Hologram","floor":18},{"not_picked":["Darkness","Leap+1"],"picked":"Hologram","floor":24},{"not_picked":["Ball Lightning","Cold Snap","Barrage"],"picked":"SKIP","floor":27},{"not_picked":["Turbo","Rip and Tear","Streamline"],"picked":"SKIP","floor":31}],"player_experience":1064885,"relics_obtained":[{"floor":9,"key":"Bird Faced Urn"},{"floor":11,"key":"Shovel"},{"floor":25,"key":"Bag of Marbles"},{"floor":26,"key":"Darkstone Periapt"}],"event_choices":[{"event_name":"Purifier","player_choice":"One Purge","floor":4,"damage_taken":0},{"event_name":"Shining Light","player_choice":"Ignored","floor":12,"damage_taken":0},{"event_name":"World of Goop","player_choice":"Left","floor":13,"damage_taken":0},{"event_name":"Vampires","player_choice":"Ignored","floor":20,"damage_taken":0},{"event_name":"Forgotten Altar","player_choice":"Shed Blood","floor":22,"damage_taken":0},{"event_name":"Masked Bandits","player_choice":"Paid Bandits 64 gold","floor":28,"damage_taken":0}],"boss_relics":[{"not_picked":["Inserter","Ectoplasm"],"picked":"Philosopher\u0027s Stone"}],"items_purged_floors":[3],"is_endless":false,"potions_floor_spawned":[7,11,27,31],"killed_by":"Champ","ascension_level":0}