{"gold_per_floor":[113,126,126,146,159,159,191,191,191,37,37,47,75,91,91,162,162,174,193,193,203,203],"floor_reached":22,"playtime":1172,"items_purged":["Pain"],"score":337,"play_id":"e43f2bfa-8a4b-44a6-a46e-6e07157725a4","local_time":"20181116125846","is_ascension_mode":true,"campfire_choices":[{"floor":6,"key":"RECALL"},{"floor":8,"key":"REST"},{"floor":15,"key":"REST"}],"neow_cost":"NONE","seed_source_timestamp":33704231410007,"circlet_count":0,"master_deck":["AscendersBane","Defend_G","Defend_G","Defend_G","Defend_G","Defend_G","Strike_G","Strike_G","Strike_G","Strike_G","Strike_G","Survivor","Neutralize","Blade Dance","Dash","Backflip","Dodge and Roll","Sucker Punch","Footwork","Blade Dance","Envenom","Deadly Poison","Doppelganger","Blur","Finisher","Blade Dance"],"relics":["Ring of the Snake","NeowsBlessing","WarpedTongs","Blood Vial","Du-Vu Doll","Velvet Choker"],"potions_floor_usage":[13,13,18,20,20,22],"damage_taken":[{"damage":0,"enemies":"Cultist","floor":1,"turns":1},{"damage":0,"enemies":"Small Slimes","floor":2,"turns":1},{"damage":0,"enemies":"Jaw Worm","floor":4,"turns":1},{"damage":7,"enemies":"Looter","floor":5,"turns":4},{"damage":31,"enemies":"3 Sentries","floor":7,"turns":18},{"damage":0,"enemies":"2 Fungi Beasts","floor":12,"turns":4},{"damage":23,"enemies":"Lagavulin","floor":13,"turns":7},{"damage":11,"enemies":"3 Louse","floor":14,"turns":5},{"damage":4,"enemies":"Hexaghost","floor":16,"turns":11},{"damage":14,"enemies":"3 Byrds","floor":18,"turns":4},{"damage":9,"enemies":"Chosen","floor":19,"turns":6},{"damage":6,"enemies":"Colosseum Slavers","floor":20,"turns":6},{"damage":31,"enemies":"Snake Plant","floor":21,"turns":5},{"damage":8,"enemies":"Shelled Parasite and Fungi","floor":22,"turns":2}],"seed_played":"-6399715731772644393","potions_obtained":[{"floor":1,"key":"LiquidBronze"},{"floor":7,"key":"FearPotion"},{"floor":14,"key":"GamblersBrew"},{"floor":16,"key":"Explosive Potion"},{"floor":19,"key":"EssenceOfSteel"},{"floor":21,"key":"Explosive Potion"}],"is_trial":false,"path_per_floor":["M","M","?","M","M","R","E","R","T","$","?","M","E","M","R","B",null,"M","M","?","M","M"],"character_chosen":"THE_SILENT","items_purchased":["Footwork"],"campfire_rested":2,"item_purchase_floors":[10],"current_hp_per_floor":[59,59,59,59,52,52,21,40,40,40,34,36,15,6,25,23,55,43,36,32,3,0],"gold":203,"neow_bonus":"THREE_ENEMY_KILL","is_prod":false,"is_daily":false,"chose_seed":false,"campfire_upgraded":0,"win_rate":0,"timestamp":1542391126,"path_taken":["M","?","?","?","M","R","E","R","T","?","?","M","E","?","R","BOSS","M","M","?","M","M"],"build_version":"2018-11-15","purchased_purges":1,"victory":false,"max_hp_per_floor":[66,66,66,66,66,66,66,66,66,66,66,66,66,66,66,66,66,66,66,66,66,66],"card_choices":[{"not_picked":["Tactician","Bane"],"picked":"Blade Dance","floor":1},{"not_picked":["Prepared","Poisoned Stab"],"picked":"Dash","floor":2},{"not_picked":["Bane","Quick Slash"],"picked":"Backflip","floor":4},{"not_picked":["Dagger Spray","Choke"],"picked":"Dodge and Roll","floor":5},{"not_picked":["Bane","Tactician"],"picked":"Sucker Punch","floor":7},{"not_picked":["Catalyst","Masterful Stab"],"picked":"Blade Dance","floor":12},{"not_picked":["Deadly Poison","Bane"],"picked":"Envenom","floor":13},{"not_picked":["Dagger Throw","Poisoned Stab"],"picked":"Deadly Poison","floor":14},{"not_picked":["Night Terror","Storm of Steel"],"picked":"Doppelganger","floor":16},{"not_picked":["PiercingWail+1","Catalyst"],"picked":"Blur","floor":18},{"not_picked":["Masterful Stab","Blade Dance+1"],"picked":"Finisher","floor":19},{"not_picked":["Catalyst","Leg Sweep"],"picked":"Blade Dance","floor":21}],"player_experience":1712815,"relics_obtained":[{"floor":7,"key":"Blood Vial"},{"floor":13,"key":"Du-Vu Doll"}],"event_choices":[{"damage_healed":0,"gold_gain":0,"player_choice":"Rummage","damage_taken":0,"relics_obtained":["WarpedTongs"],"max_hp_gain":0,"max_hp_loss":0,"event_name":"Accursed Blacksmith","floor":3,"gold_loss":0,"cards_obtained":["Pain"]},{"damage_healed":0,"gold_gain":0,"player_choice":"Damaged","damage_taken":6,"max_hp_gain":0,"max_hp_loss":0,"event_name":"Wheel of Change","floor":11,"gold_loss":0},{"damage_healed":0,"gold_gain":0,"player_choice":"Fight","damage_taken":0,"max_hp_gain":0,"max_hp_loss":0,"event_name":"Colosseum","floor":20,"gold_loss":0},{"damage_healed":0,"gold_gain":0,"player_choice":"Fled From Nobs","damage_taken":0,"max_hp_gain":0,"max_hp_loss":0,"event_name":"Colosseum","floor":20,"gold_loss":0}],"is_beta":false,"boss_relics":[{"not_picked":["Runic Dome","Busted Crown"],"picked":"Velvet Choker"}],"items_purged_floors":[10],"is_endless":false,"potions_floor_spawned":[1,7,14,16,19,21],"killed_by":"Shelled Parasite and Fungi","ascension_level":14}