{"gold_per_floor":[113,133,144,164,164,195,208,208,208,23,0,0],"floor_reached":12,"playtime":435,"items_purged":[],"score":152,"play_id":"ac7f2071-145a-485a-9a22-0112e73f522a","local_time":"20190119194308","is_ascension_mode":true,"campfire_choices":[{"data":"Zap","floor":8,"key":"SMITH"}],"neow_cost":"NONE","seed_source_timestamp":98583997510894,"circlet_count":0,"master_deck":["AscendersBane","Strike_B","Strike_B","Strike_B","Strike_B","Defend_B","Defend_B","Defend_B","Defend_B","Zap+1","Dualcast","Reinforced Body","Compile Driver","Sunder","Recycle+1","Auto Shields","Sweeping Beam","Mayhem+1"],"relics":["Cracked Core","NeowsBlessing","Frozen Egg 2","Letter Opener"],"potions_floor_usage":[4,6,7],"damage_taken":[{"damage":0,"enemies":"Small Slimes","floor":1,"turns":1},{"damage":0,"enemies":"Cultist","floor":2,"turns":1},{"damage":0,"enemies":"2 Louse","floor":3,"turns":1},{"damage":1,"enemies":"Looter","floor":4,"turns":3},{"damage":30,"enemies":"Lagavulin","floor":6,"turns":6},{"damage":0,"enemies":"2 Fungi Beasts","floor":7,"turns":3},{"damage":73,"enemies":"Gremlin Nob","floor":12,"turns":4}],"seed_played":"1400007719040517548","potions_obtained":[{"floor":2,"key":"SkillPotion"},{"floor":3,"key":"Strength Potion"},{"floor":6,"key":"Regen Potion"}],"is_trial":false,"path_per_floor":["M","M","M","M","?","E","M","R","T","$","?","E"],"character_chosen":"DEFECT","items_purchased":["Mayhem+1"],"campfire_rested":0,"item_purchase_floors":[10],"current_hp_per_floor":[64,64,64,63,63,33,42,42,42,42,42,0],"gold":0,"neow_bonus":"THREE_ENEMY_KILL","is_prod":false,"is_daily":false,"chose_seed":false,"campfire_upgraded":1,"win_rate":0,"timestamp":1547944988,"path_taken":["M","M","M","M","?","E","M","R","T","$","?","E"],"build_version":"2019-01-17v2","purchased_purges":0,"victory":false,"max_hp_per_floor":[71,71,71,71,71,71,71,71,71,71,71,71],"card_choices":[{"not_picked":["Rebound","Redo"],"picked":"Reinforced Body","floor":1},{"not_picked":["Stack","Barrage"],"picked":"Compile Driver","floor":2},{"not_picked":["Stack","BootSequence"],"picked":"Sunder","floor":3},{"not_picked":["Steam Power","Go for the Eyes"],"picked":"Recycle","floor":4},{"not_picked":["Fusion","Sunder"],"picked":"Auto Shields","floor":6},{"not_picked":["Rebound","Sunder"],"picked":"Sweeping Beam","floor":7}],"player_experience":2167712,"relics_obtained":[{"floor":6,"key":"Frozen Egg 2"},{"floor":9,"key":"Letter Opener"}],"event_choices":[{"damage_healed":0,"gold_gain":0,"player_choice":"Grow","damage_taken":0,"max_hp_gain":0,"max_hp_loss":0,"event_name":"Living Wall","floor":5,"gold_loss":0,"cards_upgraded":["Recycle"]},{"damage_healed":0,"gold_gain":0,"player_choice":"Left Gold","damage_taken":0,"max_hp_gain":0,"max_hp_loss":0,"event_name":"World of Goop","floor":11,"gold_loss":23}],"is_beta":false,"boss_relics":[],"items_purged_floors":[],"is_endless":false,"potions_floor_spawned":[2,3,6],"killed_by":"Gremlin Nob","ascension_level":18}