{"path_per_floor":["M","$","M","?","?","E","?","E","T","R","M","R","E","M","R"],"character_chosen":"IRONCLAD","items_purchased":["Juzu Bracelet","True Grit"],"gold_per_floor":[216,48,66,66,66,96,96,122,122,122,140,140,172,183,183,183],"floor_reached":16,"campfire_rested":0,"playtime":1279,"item_purchase_floors":[],"current_hp_per_floor":[78,78,80,80,73,59,59,27,27,27,33,33,31,38,38,0],"items_purged":[],"gold":183,"score":130,"play_id":"929137fb-5288-4ba2-a8f7-9878baeab0ec","local_time":"20180613165858","is_prod":false,"is_daily":false,"chose_seed":false,"is_ascension_mode":true,"campfire_upgraded":3,"win_rate":0,"timestamp":1528901938,"campfire_choices":[{"data":"Seeing Red","floor":10,"key":"SMITH"},{"data":"True Grit","floor":12,"key":"SMITH"},{"data":"Feed","floor":15,"key":"SMITH"}],"path_taken":["M","$","M","?","?","E","?","E","T","R","M","R","E","M","R","BOSS"],"build_version":"2018-06-12","seed_source_timestamp":54498189492285,"purchased_purges":0,"victory":false,"master_deck":["Strike_R","Strike_R","Strike_R","Defend_R","Defend_R","Defend_R","Bash","Flame Barrier","True Grit+1","Seeing Red+1","Feed+1","Flex","Disarm"],"max_hp_per_floor":[80,80,80,80,80,80,80,80,80,80,80,80,83,86,86,86],"special_seed":0,"relics":["Burning Blood","Juzu Bracelet","Matryoshka","Bag of Preparation","Mercury Hourglass","Happy Flower","Orichalcum"],"card_choices":[{"not_picked":["Disarm","Fire Breathing"],"picked":"Flame Barrier","floor":1.0},{"not_picked":["Thunderclap","Armaments","Headbutt"],"picked":"SKIP","floor":3.0},{"not_picked":["Burning Pact","Evolve","Sword Boomerang"],"picked":"SKIP","floor":6.0},{"not_picked":["Blood for Blood","Fire Breathing"],"picked":"Seeing Red","floor":8},{"not_picked":["Hemokinesis","Headbutt"],"picked":"Feed","floor":11},{"not_picked":["Bloodletting","Anger"],"picked":"Flex","floor":13},{"not_picked":["Warcry","Infernal Blade"],"picked":"Disarm","floor":14}],"player_experience":101407,"potions_floor_usage":[8,16],"damage_taken":[{"damage":8.0,"enemies":"Jaw Worm","floor":1.0,"turns":4.0},{"damage":0.0,"enemies":"Small Slimes","floor":3.0,"turns":3.0},{"damage":20.0,"enemies":"3 Sentries","floor":6.0,"turns":13.0},{"damage":38,"enemies":"Lagavulin","floor":8,"turns":11},{"damage":0,"enemies":"2 Louse","floor":11,"turns":2},{"damage":11,"enemies":"3 Sentries","floor":13,"turns":6},{"damage":2,"enemies":"Large Slime","floor":14,"turns":5},{"damage":39,"enemies":"Hexaghost","floor":16,"turns":14}],"relics_obtained":[{"floor":6.0,"key":"Matryoshka"},{"floor":8,"key":"Bag of Preparation"},{"floor":9,"key":"Mercury Hourglass"},{"floor":9,"key":"Happy Flower"},{"floor":13,"key":"Orichalcum"}],"event_choices":[{"event_name":"Living Wall","player_choice":"Forget","floor":4.0,"damage_taken":0.0},{"event_name":"Golden Wing","player_choice":"Card Removal","floor":5.0,"damage_taken":0.0},{"event_name":"Bonfire Elementals","player_choice":"BASIC","floor":7.0,"damage_taken":0.0}],"boss_relics":[],"items_purged_floors":[],"potions_floor_spawned":[1,3,11,13,14],"seed_played":"-5658136270667259578","killed_by":"Hexaghost","ascension_level":2,"potions_obtained":[{"floor":1.0,"key":"Ancient Potion"},{"floor":3.0,"key":"BloodPotion"},{"floor":11,"key":"BloodPotion"},{"floor":13,"key":"Swift Potion"},{"floor":14,"key":"Dexterity Potion"}],"is_trial":false}