{"gold_per_floor":[114,114,135,135,153,153,168,182,206,219,240,263,263,281,281,402,402,425,425,206,219,419,419,437,437],"floor_reached":25,"playtime":1134,"items_purged":["Strike_B"],"score":199,"play_id":"93de2463-2c54-44ad-a706-61bdb27bbcdc","local_time":"20190124133137","is_ascension_mode":false,"campfire_choices":[{"data":"Sweeping Beam","floor":6,"key":"SMITH"},{"data":"Electrodynamics","floor":13,"key":"SMITH"},{"floor":15,"key":"REST"},{"data":"Echo Form","floor":23,"key":"SMITH"}],"neow_cost":"NONE","seed_source_timestamp":1109608376344935,"circlet_count":0,"master_deck":["Strike_B+1","Strike_B","Strike_B+1","Defend_B","Defend_B","Defend_B","Defend_B","Zap+1","Dualcast","Ball Lightning","Sweeping Beam+1","Conserve Battery","Electrodynamics+1","Double Energy","Sweeping Beam","Echo Form+1","Reprogram","Conserve Battery"],"relics":["Cracked Core","Bloody Idol","Whetstone","Inserter","Happy Flower"],"potions_floor_usage":[5,7,16,18],"damage_taken":[{"damage":0,"enemies":"Small Slimes","floor":1,"turns":3},{"damage":5,"enemies":"2 Louse","floor":3,"turns":2},{"damage":0,"enemies":"Cultist","floor":5,"turns":2},{"damage":1,"enemies":"Exordium Thugs","floor":7,"turns":3},{"damage":0,"enemies":"Blue Slaver","floor":8,"turns":2},{"damage":0,"enemies":"Lots of Slimes","floor":10,"turns":1},{"damage":9,"enemies":"Exordium Thugs","floor":11,"turns":3},{"damage":12,"enemies":"3 Louse","floor":12,"turns":2},{"damage":14,"enemies":"Lots of Slimes","floor":14,"turns":3},{"damage":44,"enemies":"The Guardian","floor":16,"turns":13},{"damage":17,"enemies":"Shell Parasite","floor":18,"turns":5},{"damage":27,"enemies":"Spheric Guardian","floor":21,"turns":4},{"damage":40,"enemies":"Shelled Parasite and Fungi","floor":24,"turns":7},{"damage":17,"enemies":"Sentry and Sphere","floor":25,"turns":3}],"seed_played":"7390639949929923312","potions_obtained":[{"floor":1,"key":"Strength Potion"},{"floor":5,"key":"Poison Potion"},{"floor":8,"key":"Weak Potion"},{"floor":11,"key":"Energy Potion"},{"floor":14,"key":"FairyPotion"},{"floor":21,"key":"SneckoOil"}],"is_trial":false,"path_per_floor":["M","?","M","?","M","R","M","M","T","M","M","M","R","M","R","B",null,"M","?","$","M","?","R","M","M"],"character_chosen":"DEFECT","items_purchased":["Happy Flower"],"campfire_rested":1,"item_purchase_floors":[20],"current_hp_per_floor":[82,76,71,71,71,71,70,70,70,70,61,49,49,35,57,13,76,59,59,59,37,42,42,7,0],"gold":437,"neow_bonus":"TEN_PERCENT_HP_BONUS","is_prod":false,"is_daily":false,"chose_seed":false,"campfire_upgraded":3,"win_rate":0,"timestamp":1548365497,"path_taken":["M","?","M","?","M","R","M","M","T","?","M","M","R","M","R","BOSS","M","?","$","M","?","R","?","M"],"build_version":"2019-01-23","purchased_purges":1,"victory":false,"max_hp_per_floor":[82,76,76,76,76,76,76,76,76,76,76,76,76,76,76,76,76,76,76,76,76,76,76,76,76],"card_choices":[{"not_picked":["Skim","Recycle"],"picked":"Ball Lightning","floor":1},{"not_picked":["Turbo","Leap"],"picked":"Sweeping Beam","floor":3},{"not_picked":["Sweeping Beam","Leap"],"picked":"Conserve Battery","floor":5},{"not_picked":["Beam Cell","Defragment"],"picked":"Electrodynamics","floor":7},{"not_picked":["Turbo","Cold Snap","Skim"],"picked":"SKIP","floor":8},{"not_picked":["Tempest","Blizzard"],"picked":"Double Energy","floor":10},{"not_picked":["Compile Driver","Stack","Fusion"],"picked":"SKIP","floor":11},{"not_picked":["Lockon","Undo"],"picked":"Sweeping Beam","floor":12},{"not_picked":["Gash","Glacier","Go for the Eyes"],"picked":"SKIP","floor":14},{"not_picked":["Thunder Strike","Electrodynamics"],"picked":"Echo Form","floor":16},{"not_picked":["Streamline","Glacier"],"picked":"Reprogram","floor":18},{"not_picked":["Beam Cell","Compile Driver","Coolheaded"],"picked":"SKIP","floor":21},{"not_picked":["FTL","Storm"],"picked":"Conserve Battery","floor":24}],"player_experience":148727,"relics_obtained":[{"floor":9,"key":"Whetstone"}],"event_choices":[{"damage_healed":0,"gold_gain":0,"player_choice":"Lose Max HP","damage_taken":0,"relics_obtained":["Golden Idol"],"max_hp_gain":0,"max_hp_loss":6,"event_name":"Golden Idol","floor":2,"gold_loss":0},{"damage_healed":0,"gold_gain":0,"player_choice":"Forge","damage_taken":0,"max_hp_gain":0,"max_hp_loss":0,"event_name":"Accursed Blacksmith","floor":4,"gold_loss":0,"cards_upgraded":["Zap"]},{"damage_healed":0,"gold_gain":0,"player_choice":"Gave Idol","damage_taken":0,"relics_obtained":["Bloody Idol"],"max_hp_gain":0,"max_hp_loss":0,"event_name":"Forgotten Altar","floor":19,"relics_lost":["Golden Idol"],"gold_loss":0},{"damage_healed":0,"gold_gain":250,"player_choice":"Bet on Owner","damage_taken":0,"max_hp_gain":0,"max_hp_loss":0,"event_name":"The Joust","floor":22,"gold_loss":50}],"is_beta":false,"boss_relics":[{"not_picked":["FrozenCore","Eternal Feather"],"picked":"Inserter"}],"items_purged_floors":[20],"is_endless":false,"potions_floor_spawned":[1,5,8,11,14,21],"killed_by":"Sentry and Sphere","ascension_level":0}