{"gold_per_floor":[112,112,126,48,48,77,77,108,108,120,120,136,168,168,168,240,240,250,250,268,268,293,293,318,195,222,222,122,122,122,132,132,204,204,219,14,414,468,495,495,512,527,527,543,557,584,584],"floor_reached":47,"playtime":2889,"items_purged":["Pain","Brutality"],"score":941,"play_id":"c102f73b-aac7-4224-845a-233220d80c90","local_time":"20190116213746","is_ascension_mode":true,"campfire_choices":[{"data":"Metallicize","floor":7,"key":"SMITH"},{"data":"Spot Weakness","floor":11,"key":"SMITH"},{"data":"Bash","floor":15,"key":"SMITH"},{"floor":23,"key":"REST"},{"floor":27,"key":"REST"},{"floor":30,"key":"REST"},{"floor":32,"key":"REST"},{"floor":40,"key":"REST"}],"neow_cost":"NONE","seed_source_timestamp":667763501861310,"circlet_count":0,"master_deck":["AscendersBane","Bash+1","Pommel Strike","Disarm","Metallicize+1","Inflame","Spot Weakness+1","Battle Trance","Fiend Fire","Reaper","Intimidate","Armaments","Clash","Armaments","Carnage","Inflame","Body Slam","True Grit","Rage","Headbutt","Cleave","Thunderclap","Dark Embrace","Shrug It Off","Leg Sweep","Backstab","Ball Lightning","Coolheaded","Parasite","Sword Boomerang+1","Gash","Steam"],"relics":["Burning Blood","NeowsBlessing","WarpedTongs","Self Forming Clay","Blood Vial","Gremlin Horn","Sundial","Pandora\u0027s Box","Red Mask","Girya","Happy Flower","Philosopher\u0027s Stone","PrismaticShard","Old Coin","Shovel","Meat on the Bone","Potion Belt"],"potions_floor_usage":[13,13,13,16,20,33,37,42,44,44],"damage_taken":[{"damage":0,"enemies":"Jaw Worm","floor":1,"turns":1},{"damage":0,"enemies":"2 Louse","floor":3,"turns":1},{"damage":2,"enemies":"3 Sentries","floor":6,"turns":2},{"damage":19,"enemies":"Lagavulin","floor":8,"turns":5},{"damage":6,"enemies":"Cultist","floor":10,"turns":3},{"damage":15,"enemies":"3 Louse","floor":12,"turns":5},{"damage":4,"enemies":"Gremlin Nob","floor":13,"turns":4},{"damage":16,"enemies":"Hexaghost","floor":16,"turns":7},{"damage":3,"enemies":"Spheric Guardian","floor":18,"turns":3},{"damage":39,"enemies":"2 Thieves","floor":20,"turns":5},{"damage":52,"enemies":"Masked Bandits","floor":22,"turns":5},{"damage":73,"enemies":"Gremlin Leader","floor":24,"turns":8},{"damage":27,"enemies":"Colosseum Slavers","floor":29,"turns":5},{"damage":10,"enemies":"Snecko","floor":31,"turns":3},{"damage":74,"enemies":"Champ","floor":33,"turns":11},{"damage":13,"enemies":"Orb Walker","floor":35,"turns":3},{"damage":0,"enemies":"Mind Bloom Boss Battle","floor":37,"turns":5},{"damage":91,"enemies":"2 Orb Walkers","floor":38,"turns":8},{"damage":10,"enemies":"3 Shapes","floor":41,"turns":5},{"damage":25,"enemies":"Jaw Worm Horde","floor":42,"turns":4},{"damage":29,"enemies":"Writhing Mass","floor":44,"turns":7},{"damage":18,"enemies":"3 Darklings","floor":45,"turns":6},{"damage":45,"enemies":"Reptomancer","floor":46,"turns":4},{"damage":47,"enemies":"Maw","floor":47,"turns":6}],"seed_played":"1857116537484943632","potions_obtained":[{"floor":6,"key":"EntropicBrew"},{"floor":8,"key":"Poison Potion"},{"floor":10,"key":"PowerPotion"},{"floor":13,"key":"FearPotion"},{"floor":16,"key":"Weak Potion"},{"floor":18,"key":"LiquidBronze"},{"floor":24,"key":"Fire Potion"},{"floor":31,"key":"Dexterity Potion"},{"floor":37,"key":"Block Potion"},{"floor":38,"key":"Fire Potion"},{"floor":42,"key":"Weak Potion"},{"floor":45,"key":"LiquidBronze"}],"is_trial":false,"path_per_floor":["M","?","M","$","?","E","R","E","T","M","R","M","E","?","R","B",null,"M","?","M","?","?","R","E","$","T","R","$","?","R","M","R","B",null,"M","$","?","?","T","R","M","M","T","M","M","E","M"],"character_chosen":"IRONCLAD","items_purchased":["Metallicize","Thunderclap","PrismaticShard"],"campfire_rested":5,"item_purchase_floors":[4,25,36],"current_hp_per_floor":[74,67,73,73,73,75,75,62,62,64,64,57,61,66,66,58,75,80,80,59,59,36,60,13,13,13,37,37,28,52,54,78,37,69,72,72,80,8,8,32,48,52,52,49,53,36,0],"gold":584,"neow_bonus":"THREE_ENEMY_KILL","is_prod":false,"is_daily":false,"chose_seed":false,"campfire_upgraded":3,"win_rate":0,"timestamp":1547692666,"path_taken":["M","?","M","$","?","E","R","E","T","?","R","M","E","?","R","BOSS","M","?","M","?","?","R","E","$","T","R","$","?","R","M","R","BOSS","M","$","?","?","?","R","?","M","T","M","M","E","M"],"build_version":"2019-01-10","purchased_purges":2,"victory":false,"max_hp_per_floor":[75,75,75,75,75,75,75,75,75,75,75,75,75,80,80,80,80,80,80,80,80,80,80,80,80,80,80,80,80,80,80,80,80,80,80,80,80,80,80,80,80,80,80,80,80,80,80],"card_choices":[{"not_picked":["Iron Wave","Anger"],"picked":"Pommel Strike","floor":1},{"not_picked":["Sword Boomerang","Power Through"],"picked":"Disarm","floor":3},{"not_picked":["Corruption","Armaments"],"picked":"Inflame","floor":6},{"not_picked":["Hemokinesis","Warcry","Wild Strike"],"picked":"SKIP","floor":8},{"not_picked":["Headbutt","Body Slam"],"picked":"Spot Weakness","floor":10},{"not_picked":["Perfected Strike","Burning Pact"],"picked":"Battle Trance","floor":12},{"not_picked":["Shrug It Off","Cleave"],"picked":"Fiend Fire","floor":13},{"not_picked":["Dark Embrace","Feed"],"picked":"Reaper","floor":16},{"not_picked":["Cleave","Heavy Blade"],"picked":"True Grit","floor":18},{"not_picked":["Pommel Strike","Searing Blow"],"picked":"Headbutt","floor":20},{"not_picked":["Heavy Blade","Shockwave+1"],"picked":"Cleave","floor":22},{"not_picked":["Headbutt+1","Dual Wield","Clothesline"],"picked":"SKIP","floor":24},{"not_picked":["Carnage","Iron Wave","Thunderclap"],"picked":"SKIP","floor":31},{"not_picked":["Demon Form","Offering"],"picked":"Dark Embrace","floor":33},{"not_picked":["Twin Strike","Havoc"],"picked":"Shrug It Off","floor":35},{"not_picked":["Poisoned Stab+1","Cleave+1"],"picked":"Leg Sweep","floor":37},{"not_picked":["Ball Lightning","Flechettes+1"],"picked":"Backstab","floor":38},{"not_picked":["Deadly Poison+1","Warcry+1"],"picked":"Ball Lightning","floor":41},{"not_picked":["Underhanded Strike","Leg Sweep"],"picked":"Coolheaded","floor":42},{"not_picked":["Rupture","Iron Wave"],"picked":"Sword Boomerang+1","floor":44},{"not_picked":["Ghostly Armor+1","Infernal Blade"],"picked":"Gash","floor":45},{"not_picked":["Expertise","Corpse Explosion"],"picked":"Steam","floor":46}],"player_experience":2138048,"relics_obtained":[{"floor":6,"key":"Self Forming Clay"},{"floor":8,"key":"Blood Vial"},{"floor":9,"key":"Gremlin Horn"},{"floor":13,"key":"Sundial"},{"floor":22,"key":"Red Mask"},{"floor":24,"key":"Girya"},{"floor":26,"key":"Happy Flower"},{"floor":37,"key":"Old Coin"},{"floor":38,"key":"Shovel"},{"floor":43,"key":"Meat on the Bone"},{"floor":46,"key":"Potion Belt"}],"event_choices":[{"cards_removed":["Strike_R"],"damage_healed":0,"gold_gain":0,"player_choice":"Card Removal","damage_taken":7,"max_hp_gain":0,"max_hp_loss":0,"event_name":"Golden Wing","floor":2,"gold_loss":0},{"damage_healed":0,"gold_gain":0,"player_choice":"Rummage","damage_taken":0,"relics_obtained":["WarpedTongs"],"max_hp_gain":0,"max_hp_loss":0,"event_name":"Accursed Blacksmith","floor":5,"gold_loss":0,"cards_obtained":["Pain"]},{"damage_healed":0,"gold_gain":0,"player_choice":"Donut","damage_taken":0,"max_hp_gain":5,"max_hp_loss":0,"event_name":"Big Fish","floor":14,"gold_loss":0},{"damage_healed":0,"gold_gain":0,"player_choice":"Read","damage_taken":0,"max_hp_gain":0,"max_hp_loss":0,"event_name":"The Library","floor":19,"gold_loss":0,"cards_obtained":["Rage"]},{"damage_healed":0,"gold_gain":0,"player_choice":"Ignored","damage_taken":0,"max_hp_gain":0,"max_hp_loss":0,"event_name":"Cursed Tome","floor":21,"gold_loss":0},{"damage_healed":0,"gold_gain":0,"player_choice":"Fought Bandits","damage_taken":0,"max_hp_gain":0,"max_hp_loss":0,"event_name":"Masked Bandits","floor":22,"gold_loss":0},{"damage_healed":0,"gold_gain":0,"player_choice":"Fight","damage_taken":0,"max_hp_gain":0,"max_hp_loss":0,"event_name":"Colosseum","floor":29,"gold_loss":0},{"damage_healed":0,"gold_gain":0,"player_choice":"Fled From Nobs","damage_taken":0,"max_hp_gain":0,"max_hp_loss":0,"event_name":"Colosseum","floor":29,"gold_loss":0},{"damage_healed":0,"gold_gain":0,"player_choice":"Fight","damage_taken":0,"max_hp_gain":0,"max_hp_loss":0,"event_name":"MindBloom","floor":37,"gold_loss":0},{"damage_healed":0,"gold_gain":0,"player_choice":"Fight","damage_taken":0,"max_hp_gain":0,"max_hp_loss":0,"event_name":"Mysterious Sphere","floor":38,"gold_loss":0}],"is_beta":false,"boss_relics":[{"not_picked":["Calling Bell","Astrolabe"],"picked":"Pandora\u0027s Box"},{"not_picked":["Velvet Choker","Runic Pyramid"],"picked":"Philosopher\u0027s Stone"}],"items_purged_floors":[25,28],"is_endless":false,"potions_floor_spawned":[6,8,10,13,16,18,24,31,37,38,42,45],"killed_by":"Maw","ascension_level":14}