{"gold_per_floor":[114,132,152,152,3,336,336,366,443,618,650,725,725,741,741,844,844,863,962,973,985,460,488,488,488,515,534,534],"floor_reached":28,"playtime":2318,"items_purged":["Defend_G","Doubt"],"score":296,"play_id":"f6ff9ad6-df2f-4a98-a209-a61a13c078e2","local_time":"20190206041722","is_ascension_mode":true,"campfire_choices":[{"data":"Noxious Fumes","floor":7,"key":"SMITH"},{"data":"Burst","floor":13,"key":"SMITH"},{"floor":15,"key":"REST"},{"floor":25,"key":"REST"}],"neow_cost":"NONE","seed_source_timestamp":2431360488200056,"circlet_count":0,"master_deck":["Defend_G","Defend_G","Defend_G","Defend_G","Strike_G","Strike_G+1","Strike_G+1","Strike_G","Strike_G","Survivor","Neutralize+1","Dagger Spray","Blur","Blade Dance","Noxious Fumes+1","Burst+1","Blade Dance","Venomology","Sucker Punch","Corpse Explosion","Tools of the Trade","Sadistic Nature","Infinite Blades+1","Backstab+1"],"relics":["Ring of the Snake","Old Coin","Vajra","Darkstone Periapt","Bag of Preparation","Fusion Hammer","Snake Skull","Ninja Scroll","Whetstone"],"potions_floor_usage":[8,14,14,18,20,20,21,24,24,28,28],"damage_taken":[{"damage":0,"enemies":"2 Louse","floor":1,"turns":4},{"damage":0,"enemies":"Small Slimes","floor":2,"turns":4},{"damage":1,"enemies":"Jaw Worm","floor":3,"turns":6},{"damage":28,"enemies":"Lagavulin","floor":6,"turns":8},{"damage":12,"enemies":"3 Sentries","floor":8,"turns":6},{"damage":11,"enemies":"Lagavulin","floor":11,"turns":9},{"damage":5,"enemies":"Exordium Thugs","floor":14,"turns":6},{"damage":18,"enemies":"The Guardian","floor":16,"turns":15},{"damage":7,"enemies":"2 Thieves","floor":18,"turns":3},{"damage":2,"enemies":"Chosen","floor":20,"turns":5},{"damage":0,"enemies":"Centurion and Healer","floor":21,"turns":4},{"damage":65,"enemies":"Slavers","floor":23,"turns":5},{"damage":0,"enemies":"Snake Plant","floor":24,"turns":1},{"damage":15,"enemies":"Cultist and Chosen","floor":27,"turns":5},{"damage":22,"enemies":"Book of Stabbing","floor":28,"turns":3}],"seed_played":"1777087162784594896","potions_obtained":[{"floor":3,"key":"GhostInAJar"},{"floor":8,"key":"Energy Potion"},{"floor":16,"key":"Strength Potion"},{"floor":18,"key":"Block Potion"},{"floor":23,"key":"AttackPotion"},{"floor":27,"key":"EssenceOfSteel"}],"is_trial":false,"path_per_floor":["M","M","M","?","$","E","R","E","T","?","E","?","R","M","R","B",null,"M","?","M","M","$","E","M","R","T","M","E"],"character_chosen":"THE_SILENT","items_purchased":["Noxious Fumes","Snake Skull","Tools of the Trade","Sadistic Nature"],"campfire_rested":2,"item_purchase_floors":[5,22,22,22],"current_hp_per_floor":[77,77,76,76,76,48,48,36,36,42,31,23,23,18,42,24,83,76,76,74,74,74,9,9,33,33,18,0],"gold":534,"neow_bonus":"TEN_PERCENT_HP_BONUS","is_prod":false,"is_daily":false,"chose_seed":false,"campfire_upgraded":2,"win_rate":0,"timestamp":1549448242,"path_taken":["M","M","M","?","$","E","R","E","T","?","E","?","R","?","R","BOSS","M","?","M","M","$","E","M","R","T","M","E"],"build_version":"2019-01-23","purchased_purges":2,"victory":false,"max_hp_per_floor":[77,77,77,77,77,77,77,77,77,83,83,83,83,83,83,83,83,83,83,83,83,83,83,83,83,83,83,83],"card_choices":[{"not_picked":["Deadly Poison","Dodge and Roll"],"picked":"Dagger Spray","floor":1},{"not_picked":["Finisher","Poisoned Stab"],"picked":"Blur","floor":2},{"not_picked":["Deadly Poison","Deflect"],"picked":"Blade Dance","floor":3},{"not_picked":["Flying Knee","Calculated Gamble"],"picked":"Burst","floor":6},{"not_picked":["Skewer","Flechettes"],"picked":"Blade Dance","floor":8},{"not_picked":["Prepared","Catalyst"],"picked":"Venomology","floor":11},{"not_picked":["Quick Slash","Outmaneuver"],"picked":"Sucker Punch","floor":14},{"not_picked":["Envenom","Wraith Form v2"],"picked":"Corpse Explosion","floor":16},{"not_picked":["Prepared","Quick Slash","Expertise+1"],"picked":"SKIP","floor":18},{"not_picked":["PiercingWail","Poisoned Stab+1","Outmaneuver+1"],"picked":"SKIP","floor":20},{"not_picked":["Poisoned Stab","Flying Knee","Heel Hook"],"picked":"SKIP","floor":21},{"not_picked":["Deflect","Finisher+1"],"picked":"Infinite Blades+1","floor":23},{"not_picked":["Finisher","Riddle With Holes+1"],"picked":"Backstab+1","floor":27}],"player_experience":28189,"relics_obtained":[{"floor":6,"key":"Old Coin"},{"floor":8,"key":"Vajra"},{"floor":9,"key":"Darkstone Periapt"},{"floor":11,"key":"Bag of Preparation"},{"floor":23,"key":"Ninja Scroll"},{"floor":26,"key":"Whetstone"}],"event_choices":[{"damage_healed":0,"gold_gain":0,"player_choice":"Grow","damage_taken":0,"max_hp_gain":0,"max_hp_loss":0,"event_name":"Living Wall","floor":4,"gold_loss":0,"cards_upgraded":["Neutralize"]},{"damage_healed":0,"gold_gain":175,"player_choice":"AGREE","damage_taken":0,"max_hp_gain":0,"max_hp_loss":0,"event_name":"Liars Game","floor":10,"gold_loss":0,"cards_obtained":["Doubt"]},{"damage_healed":0,"gold_gain":75,"player_choice":"Touch","damage_taken":8,"max_hp_gain":0,"max_hp_loss":0,"event_name":"FaceTrader","floor":12,"gold_loss":0},{"damage_healed":0,"gold_gain":99,"player_choice":"Stole From Cult","damage_taken":0,"max_hp_gain":0,"max_hp_loss":0,"event_name":"Nest","floor":19,"gold_loss":0}],"is_beta":true,"boss_relics":[{"not_picked":["Empty Cage","Philosopher\u0027s Stone"],"picked":"Fusion Hammer"}],"items_purged_floors":[5,22],"is_endless":false,"potions_floor_spawned":[3,8,16,18,23,27],"killed_by":"Book of Stabbing","ascension_level":1}