{"path_per_floor":["M","M","M","?","?","R","E","R","T","M","M","E","?","M","R","B",null,"M","?"],"character_chosen":"DEFECT","items_purchased":[],"gold_per_floor":[214,234,254,254,254,254,282,282,282,294,314,345,345,358,358,453,453,463,463,463],"floor_reached":20,"campfire_rested":2,"playtime":1922,"item_purchase_floors":[],"current_hp_per_floor":[73,72,72,57,45,67,57,57,57,57,52,37,33,28,50,35,75,50,50,0],"items_purged":[],"gold":463,"score":214,"play_id":"564735bf-560e-4673-86c7-cec73f673517","local_time":"20180614221729","is_prod":false,"is_daily":false,"chose_seed":false,"is_ascension_mode":true,"campfire_upgraded":1,"win_rate":0,"timestamp":1529029049,"campfire_choices":[{"floor":6.0,"key":"REST"},{"data":"Defragment","floor":8.0,"key":"SMITH"},{"floor":15,"key":"REST"}],"path_taken":["M","M","M","?","?","R","E","R","T","M","M","E","?","?","R","BOSS","M","?","?"],"build_version":"2018-06-07v3","seed_source_timestamp":65942849557182,"purchased_purges":0,"victory":false,"master_deck":["Strike_B","Strike_B","Strike_B","Defend_B","Defend_B","Defend_B+1","Defend_B+1","Zap","Dualcast","Sweeping Beam","Glacier","Defragment+1","Redo","Hologram","Darkness","Chaos","Skim","Coolheaded","Fission","Reinforced Body"],"max_hp_per_floor":[75,75,75,75,75,75,75,75,75,75,75,75,75,75,75,75,75,75,75,75],"relics":["Cracked Core","Dead Branch","Emotion Chip","Ornamental Fan","Anchor","Lizard Tail"],"card_choices":[{"not_picked":["Ball Lightning","Conserve Battery"],"picked":"Sweeping Beam","floor":1.0},{"not_picked":["Storm","Scrape"],"picked":"Glacier","floor":2.0},{"not_picked":["Ball Lightning","Steam Power"],"picked":"Defragment","floor":3.0},{"not_picked":["All For One","Tempest"],"picked":"Redo","floor":7.0},{"not_picked":["Reinforced Body","Sweeping Beam"],"picked":"Hologram","floor":10.0},{"not_picked":["Stack","Rainbow"],"picked":"Darkness","floor":11.0},{"not_picked":["Scrape","Go for the Eyes"],"picked":"Chaos","floor":12.0},{"not_picked":["Machine Learning","Hello World"],"picked":"Coolheaded","floor":14},{"not_picked":["Creative AI","Biased Cognition"],"picked":"Fission","floor":16},{"not_picked":["Hologram","Go for the Eyes"],"picked":"Reinforced Body","floor":18}],"player_experience":551104,"potions_floor_usage":[16,16,20],"damage_taken":[{"damage":2.0,"enemies":"Jaw Worm","floor":1.0,"turns":3.0},{"damage":1.0,"enemies":"Cultist","floor":2.0,"turns":4.0},{"damage":0.0,"enemies":"Small Slimes","floor":3.0,"turns":3.0},{"damage":10.0,"enemies":"3 Sentries","floor":7.0,"turns":7.0},{"damage":0.0,"enemies":"Blue Slaver","floor":10.0,"turns":4.0},{"damage":5.0,"enemies":"Exordium Thugs","floor":11.0,"turns":5.0},{"damage":15.0,"enemies":"Gremlin Nob","floor":12.0,"turns":4.0},{"damage":4.0,"enemies":"Exordium Wildlife","floor":13.0,"turns":5.0},{"damage":5,"enemies":"Exordium Wildlife","floor":14,"turns":4},{"damage":22,"enemies":"Hexaghost","floor":16,"turns":13},{"damage":25,"enemies":"Chosen","floor":18,"turns":10},{"damage":95,"floor":20,"turns":6}],"relics_obtained":[{"floor":7.0,"key":"Emotion Chip"},{"floor":9.0,"key":"Ornamental Fan"},{"floor":12.0,"key":"Anchor"}],"event_choices":[{"event_name":"Shining Light","player_choice":"Entered Light","floor":4.0,"damage_taken":0.0},{"event_name":"Scrap Ooze","player_choice":"success","floor":5.0,"damage_taken":12.0},{"event_name":"Transmorgrifier","player_choice":"Transform","floor":13,"damage_taken":0},{"event_name":"Drug Dealer","player_choice":"Ignored","floor":19,"damage_taken":0},{"event_name":"Masked Bandits","player_choice":"Fought over 463 gold","floor":20,"damage_taken":0}],"boss_relics":[{"not_picked":["Pandora\u0027s Box","Velvet Choker"],"picked":"Lizard Tail"}],"items_purged_floors":[],"potions_floor_spawned":[7,11,12,13,18],"seed_played":"-8933134903887818823","ascension_level":3,"potions_obtained":[{"floor":7.0,"key":"Swift Potion"},{"floor":11.0,"key":"SkillPotion"},{"floor":12.0,"key":"Poison Potion"},{"floor":18,"key":"Poison Potion"}],"is_trial":false}