{"gold_per_floor":[117,133,133,152,168,202,277,277,277,309,309,309,320,330,330,435,435,375,3,3,3,3,3,3,3,3,3,3,3,3,3,3,3],"floor_reached":33,"playtime":3397,"items_purged":["Strike_G"],"score":393,"play_id":"f854c7cb-5541-4d14-b281-c268ee77ab27","local_time":"20180703002745","is_ascension_mode":true,"campfire_choices":[{"floor":8,"key":"REST"},{"floor":12,"key":"REST"},{"data":"Dash","floor":15,"key":"SMITH"},{"floor":23,"key":"REST"},{"floor":28,"key":"REST"},{"data":"Blade Dance","floor":30,"key":"SMITH"},{"floor":32,"key":"REST"}],"neow_cost":"CURSE","seed_source_timestamp":527270200039972,"circlet_count":0,"master_deck":["Defend_G","Defend_G","Defend_G","Defend_G","Defend_G","Strike_G","Strike_G","Strike_G","Strike_G","Survivor","Neutralize+1","Normality","Unload","Dash+1","Infinite Blades","All Out Attack","Backflip","Well Laid Plans","Blur","Malaise","After Image","Cloak And Dagger","Cloak And Dagger","Cloak And Dagger","Blur","Prepared+1","Tools of the Trade","Blade Dance+1","After Image"],"relics":["Ring of the Snake","Strawberry","Ninja Scroll","Peace Pipe","Ectoplasm","Blood Vial","Ornamental Fan","Lantern"],"potions_floor_usage":[6,16,16,16,24,24,24,27,31],"damage_taken":[{"damage":5,"enemies":"Jaw Worm","floor":1,"turns":7},{"damage":0,"enemies":"Small Slimes","floor":2,"turns":3},{"damage":0,"enemies":"2 Louse","floor":4,"turns":2},{"damage":12,"enemies":"2 Fungi Beasts","floor":5,"turns":3},{"damage":29,"enemies":"Lagavulin","floor":6,"turns":7},{"damage":21,"enemies":"Gremlin Nob","floor":10,"turns":5},{"damage":0,"enemies":"Looter","floor":13,"turns":2},{"damage":3,"enemies":"Gremlin Gang","floor":14,"turns":6},{"damage":27,"enemies":"Slime Boss","floor":16,"turns":9},{"damage":18,"enemies":"2 Thieves","floor":18,"turns":5},{"damage":11,"enemies":"3 Byrds","floor":20,"turns":6},{"damage":23,"enemies":"Slaver and Parasite","floor":21,"turns":9},{"damage":40,"enemies":"Gremlin Leader","floor":24,"turns":15},{"damage":1,"enemies":"Centurion and Healer","floor":25,"turns":8},{"damage":22,"enemies":"Cultist and Chosen","floor":27,"turns":12},{"damage":1,"enemies":"Slaver and Parasite","floor":29,"turns":10},{"damage":29,"enemies":"Chosen and Byrds","floor":31,"turns":8},{"damage":36,"enemies":"Automaton","floor":33,"turns":6}],"seed_played":"-7390475615787314401","potions_obtained":[{"floor":2,"key":"Block Potion"},{"floor":4,"key":"Dexterity Potion"},{"floor":10,"key":"PowerPotion"},{"floor":13,"key":"FearPotion"},{"floor":18,"key":"Fire Potion"},{"floor":21,"key":"GhostInAJar"},{"floor":25,"key":"SkillPotion"},{"floor":27,"key":"Block Potion"}],"is_trial":false,"path_per_floor":["M","M","?","M","M","E","?","R","T","E","?","R","M","M","R","B",null,"M","$","M","M","?","R","E","M","T","M","R","M","R","M","R"],"character_chosen":"THE_SILENT","items_purchased":["Blood Vial","Cloak And Dagger","Explosive Potion","Strength Potion"],"campfire_rested":5,"item_purchase_floors":[19,19,19,19],"current_hp_per_floor":[58,58,63,63,51,29,18,42,42,21,21,45,45,42,42,15,65,47,47,38,17,44,68,30,31,31,11,35,36,36,9,33,0],"gold":3,"neow_bonus":"THREE_RARE_CARDS","is_prod":false,"is_daily":false,"chose_seed":false,"campfire_upgraded":2,"win_rate":0,"timestamp":1530595665,"path_taken":["M","M","?","M","M","E","?","R","T","E","?","R","M","M","R","BOSS","M","$","M","M","?","R","E","M","T","M","R","M","R","M","R","BOSS"],"build_version":"2018-06-29","purchased_purges":1,"victory":false,"max_hp_per_floor":[70,70,75,75,75,82,82,82,82,82,82,82,82,82,82,82,82,82,82,82,82,82,82,82,82,82,82,82,82,82,82,82,82],"card_choices":[{"not_picked":["Wraith Form v2","Phantasmal Killer"],"picked":"Unload","floor":0},{"not_picked":["Riddle With Holes","Acrobatics"],"picked":"Dash","floor":1},{"not_picked":["Terror","Prepared"],"picked":"Infinite Blades","floor":2},{"not_picked":["Slice","Backflip"],"picked":"All Out Attack","floor":4},{"not_picked":["Infinite Blades","Poisoned Stab"],"picked":"Backflip","floor":5},{"not_picked":["Poisoned Stab","Flechettes"],"picked":"Well Laid Plans","floor":6},{"not_picked":["Phantasmal Killer","Caltrops"],"picked":"Blur","floor":10},{"not_picked":["Bane","Poisoned Stab"],"picked":"Malaise","floor":13},{"not_picked":["Expertise","Blur","Quick Slash"],"picked":"SKIP","floor":14},{"not_picked":["Venomology","Phantasmal Killer"],"picked":"After Image","floor":16},{"not_picked":["Underhanded Strike","Acrobatics"],"picked":"Cloak And Dagger","floor":18},{"not_picked":["Sucker Punch","Deadly Poison"],"picked":"Cloak And Dagger","floor":20},{"not_picked":["Endless Agony","Dagger Spray"],"picked":"Blur","floor":21},{"not_picked":["Riddle With Holes+1","Caltrops"],"picked":"Prepared+1","floor":24},{"not_picked":["Bane","Masterful Stab"],"picked":"Tools of the Trade","floor":25},{"not_picked":["Prepared+1","Bane+1","Dagger Spray+1"],"picked":"SKIP","floor":27},{"not_picked":["Dagger Spray","Setup"],"picked":"Blade Dance","floor":29},{"not_picked":["Underhanded Strike","Flechettes+1"],"picked":"After Image","floor":31}],"player_experience":246378,"relics_obtained":[{"floor":6,"key":"Strawberry"},{"floor":9,"key":"Ninja Scroll"},{"floor":10,"key":"Peace Pipe"},{"floor":24,"key":"Ornamental Fan"},{"floor":26,"key":"Lantern"}],"event_choices":[{"event_name":"Big Fish","player_choice":"Donut","floor":3,"damage_taken":0},{"event_name":"World of Goop","player_choice":"Gather Gold","floor":7,"damage_taken":0},{"event_name":"Living Wall","player_choice":"Grow","floor":11,"damage_taken":0},{"event_name":"The Library","player_choice":"Heal","floor":22,"damage_taken":0}],"boss_relics":[{"not_picked":["Black Star","Empty Cage"],"picked":"Ectoplasm"}],"items_purged_floors":[19],"is_endless":false,"potions_floor_spawned":[2,4,10,13,18,21,25,27],"killed_by":"Automaton","ascension_level":8}