{"gold_per_floor":[114,114,114,139,64,100,100,114,114,114,127,148,162,190,190,283,283,296,316,316,316,15,15,33,33,59,80,93,18,34,47,47,140,140,163,163,87,87],"floor_reached":38,"playtime":1776,"items_purged":["Strike_B","Strike_B"],"score":737,"play_id":"b34161f1-069c-4579-9521-f23cbe90728c","local_time":"20190131165950","is_ascension_mode":true,"campfire_choices":[{"floor":7.0,"key":"REST"},{"data":"Zap","floor":10.0,"key":"SMITH"},{"data":"Sunder","floor":15.0,"key":"SMITH"},{"floor":23.0,"key":"REST"},{"data":"Buffer","floor":25.0,"key":"SMITH"},{"floor":32.0,"key":"REST"}],"neow_cost":"NONE","seed_source_timestamp":0,"circlet_count":0,"master_deck":["AscendersBane","Strike_B+1","Defend_B","Defend_B","Defend_B","Defend_B","Zap+1","Dualcast","Echo Form+1","Sweeping Beam","Coolheaded","Storm","Self Repair","Sunder+1","Buffer+1","Core Surge","Self Repair","Redo+1","Panache","Beam Cell","Tempest","Hologram","Loop","Heatsinks","Creative AI","Go for the Eyes+1","Loop"],"special_seed":0,"relics":["Cracked Core","Golden Idol","Bottled Lightning","Cables","Odd Mushroom","Sozu","Art of War","Eternal Feather","Nunchaku"],"potions_floor_usage":[],"damage_taken":[{"damage":2.0,"enemies":"Jaw Worm","floor":1.0,"turns":3.0},{"damage":2.0,"enemies":"2 Louse","floor":4.0,"turns":3.0},{"damage":25.0,"enemies":"Lagavulin","floor":6.0,"turns":7.0},{"damage":4.0,"enemies":"Cultist","floor":8.0,"turns":4.0},{"damage":15.0,"enemies":"Looter","floor":11.0,"turns":3.0},{"damage":0.0,"enemies":"Exordium Wildlife","floor":12.0,"turns":2.0},{"damage":1.0,"enemies":"2 Fungi Beasts","floor":13.0,"turns":3.0},{"damage":12.0,"enemies":"The Mushroom Lair","floor":14.0,"turns":4.0},{"damage":34.0,"enemies":"Hexaghost","floor":16.0,"turns":8.0},{"damage":26.0,"enemies":"Shell Parasite","floor":18.0,"turns":4.0},{"damage":0.0,"enemies":"Chosen","floor":19.0,"turns":3.0},{"damage":14.0,"enemies":"3 Cultists","floor":24.0,"turns":4.0},{"damage":40.0,"enemies":"Cultist and Chosen","floor":27.0,"turns":7.0},{"damage":1.0,"enemies":"Snecko","floor":28.0,"turns":5.0},{"damage":0.0,"enemies":"Chosen and Byrds","floor":30.0,"turns":5.0},{"damage":38.0,"enemies":"Snake Plant","floor":31.0,"turns":3.0},{"damage":40.0,"enemies":"Champ","floor":33.0,"turns":9.0},{"damage":24,"enemies":"3 Shapes","floor":35,"turns":5},{"damage":53,"enemies":"3 Darklings","floor":38,"turns":2}],"seed_played":"5175163430141569734","potions_obtained":[{"floor":4.0,"key":"Block Potion"},{"floor":8.0,"key":"Explosive Potion"},{"floor":12.0,"key":"Energy Potion"},{"floor":13.0,"key":"SteroidPotion"},{"floor":16.0,"key":"FearPotion"}],"is_trial":false,"path_per_floor":["M","?","?","M","$","E","R","M","T","R","M","M","M","?","R","B",null,"M","M","?","?","$","R","M","R","T","M","M","?","M","M","R","B",null,"M","?","$","M"],"character_chosen":"DEFECT","items_purchased":["Panache","Loop"],"campfire_rested":3,"item_purchase_floors":[22,37],"current_hp_per_floor":[62,62,43,41,41,16,35,31,31,31,30,30,36,38,38,18,53,27,41,41,35,35,54,54,54,54,35,55,55,62,31,50,24,54,44,44,44,0],"gold":87,"neow_bonus":"ONE_RANDOM_RARE_CARD","is_prod":false,"is_daily":false,"chose_seed":false,"campfire_upgraded":3,"win_rate":0,"timestamp":1548971990,"path_taken":["M","?","?","M","?","E","R","M","T","R","M","M","?","?","R","BOSS","M","M","?","?","$","R","M","R","T","M","?","?","M","M","R","BOSS","M","?","$","M"],"build_version":"2019-01-23","purchased_purges":2,"victory":false,"max_hp_per_floor":[71,64,64,64,64,64,64,64,64,64,64,64,64,64,64,64,64,64,64,64,64,64,64,64,64,64,64,64,64,64,64,64,64,64,64,64,64,64],"card_choices":[{"not_picked":["Streamline","Coolheaded"],"picked":"Sweeping Beam","floor":1.0},{"not_picked":["Streamline","Sweeping Beam"],"picked":"Coolheaded","floor":4.0},{"not_picked":["Chaos","Loop"],"picked":"Storm","floor":6.0},{"not_picked":["Leap","Compile Driver"],"picked":"Self Repair","floor":8.0},{"not_picked":["Reprogram","Blizzard"],"picked":"Sunder","floor":11.0},{"not_picked":["Leap","Steam"],"picked":"Buffer","floor":12.0},{"not_picked":["Sunder","Streamline","Darkness"],"picked":"SKIP","floor":13.0},{"not_picked":["Seek","Fission"],"picked":"Core Surge","floor":16.0},{"not_picked":["Hologram","Cold Snap+1"],"picked":"Self Repair","floor":18.0},{"not_picked":["Streamline","Compile Driver"],"picked":"Redo+1","floor":19.0},{"not_picked":["Leap+1","Streamline"],"picked":"Beam Cell","floor":24.0},{"not_picked":["Hello World","Lockon"],"picked":"Tempest","floor":27.0},{"not_picked":["Turbo","Sweeping Beam+1"],"picked":"Hologram","floor":28.0},{"not_picked":["Compile Driver","Force Field"],"picked":"Loop","floor":30.0},{"not_picked":["Barrage","Melter"],"picked":"Heatsinks","floor":31.0},{"not_picked":["Hyperbeam","Biased Cognition"],"picked":"Creative AI","floor":33.0},{"not_picked":["Cold Snap","Streamline"],"picked":"Go for the Eyes+1","floor":35}],"player_experience":2250769,"relics_obtained":[{"floor":6.0,"key":"Bottled Lightning"},{"floor":9.0,"key":"Cables"},{"floor":14.0,"key":"Odd Mushroom"},{"floor":26.0,"key":"Art of War"}],"event_choices":[{"damage_healed":0.0,"max_hp_gain":0.0,"max_hp_loss":7.0,"gold_gain":0.0,"event_name":"Golden Idol","player_choice":"Lose Max HP","floor":2.0,"gold_loss":0.0,"damage_taken":0.0,"relics_obtained":["Golden Idol"]},{"damage_healed":0.0,"max_hp_gain":0.0,"max_hp_loss":0.0,"gold_gain":0.0,"event_name":"Shining Light","player_choice":"Entered Light","floor":3.0,"gold_loss":0.0,"damage_taken":19.0,"cards_upgraded":["Echo Form","Strike_B"]},{"damage_healed":0.0,"max_hp_gain":0.0,"max_hp_loss":0.0,"gold_gain":0.0,"event_name":"Mushrooms","player_choice":"Fought Mushrooms","floor":14.0,"gold_loss":0.0,"damage_taken":0.0},{"damage_healed":0.0,"max_hp_gain":0.0,"max_hp_loss":0.0,"gold_gain":0.0,"event_name":"Vampires","player_choice":"Ignored","floor":20.0,"gold_loss":0.0,"damage_taken":0.0},{"damage_healed":0.0,"max_hp_gain":0.0,"max_hp_loss":0.0,"gold_gain":0.0,"event_name":"Knowing Skull","player_choice":"","floor":21.0,"potions_obtained":[],"gold_loss":0.0,"damage_taken":6.0,"cards_obtained":[]},{"cards_removed":["Strike_B"],"damage_healed":0.0,"max_hp_gain":0.0,"max_hp_loss":0.0,"gold_gain":0.0,"event_name":"Beggar","player_choice":"Gave Gold","floor":29.0,"gold_loss":75.0,"damage_taken":0.0},{"damage_healed":0,"gold_gain":0,"player_choice":"Gave Potion","damage_taken":0,"relics_obtained":["Nunchaku"],"max_hp_gain":0,"max_hp_loss":0,"event_name":"WeMeetAgain","floor":36,"gold_loss":0}],"is_beta":false,"boss_relics":[{"not_picked":["Pandora\u0027s Box","Philosopher\u0027s Stone"],"picked":"Sozu"},{"not_picked":["White Beast Statue","Astrolabe"],"picked":"Eternal Feather"}],"items_purged_floors":[5,22],"is_endless":false,"potions_floor_spawned":[4,8,12,13,16,18,27,30,31,33],"killed_by":"3 Darklings","ascension_level":19}