{"gold_per_floor":[118,133,133,103,123,123,148,60,84,104,31,31,31,50,50,154,204,220,7,22,22,37,37,37,37,37,37,37,51,70,70,70,70],"floor_reached":33,"playtime":1242,"items_purged":[],"score":247,"play_id":"3d1bf030-7051-4e41-9fd5-601bf70d5410","local_time":"20190111215349","is_ascension_mode":false,"campfire_choices":[{"data":"Ball Lightning","floor":6,"key":"SMITH"},{"floor":12,"key":"REST"},{"floor":15,"key":"REST"},{"floor":23,"key":"REST"},{"data":"Apotheosis","floor":27,"key":"SMITH"},{"floor":32,"key":"REST"}],"neow_cost":"NONE","seed_source_timestamp":16315996824053,"circlet_count":0,"master_deck":["Strike_B","Strike_B","Strike_B+1","Strike_B+1","Defend_B+1","Defend_B","Defend_B","Defend_B","Zap","Dualcast","Rip and Tear","Ball Lightning+1","Capacitor","Conserve Battery","Scrape","Redo","Biased Cognition","Loop","Apotheosis+1","Ball Lightning","Tempest","Ball Lightning"],"relics":["Cracked Core","Dream Catcher","Ancient Tea Set","Art of War","Tiny House","Blood Vial","Oddly Smooth Stone"],"potions_floor_usage":[16,22,29,29,29,29,31,33],"damage_taken":[{"damage":12,"enemies":"2 Louse","floor":1,"turns":3},{"damage":0,"enemies":"Small Slimes","floor":2,"turns":2},{"damage":0,"enemies":"Cultist","floor":5,"turns":2},{"damage":27,"enemies":"3 Sentries","floor":7,"turns":6},{"damage":10,"enemies":"Looter","floor":10,"turns":3},{"damage":9,"enemies":"Large Slime","floor":14,"turns":5},{"damage":37,"enemies":"The Guardian","floor":16,"turns":10},{"damage":21,"enemies":"Shell Parasite","floor":18,"turns":5},{"damage":8,"enemies":"Chosen","floor":20,"turns":4},{"damage":27,"enemies":"3 Cultists","floor":22,"turns":5},{"damage":22,"enemies":"Snecko","floor":29,"turns":4},{"damage":33,"enemies":"Snake Plant","floor":30,"turns":3},{"damage":0,"enemies":"Centurion and Healer","floor":31,"turns":1},{"damage":80,"enemies":"Automaton","floor":33,"turns":6}],"seed_played":"-5205698105963013880","potions_obtained":[{"floor":1,"key":"SteroidPotion"},{"floor":4,"key":"EntropicBrew"},{"floor":4,"key":"SneckoOil"},{"floor":17,"key":"SpeedPotion"},{"floor":30,"key":"FearPotion"}],"is_trial":false,"path_per_floor":["M","M","?","?","M","R","E","$","T","M","$","R","?","M","R","B",null,"M","$","M","?","M","R","$","?","T","R","$","M","M","M","R","B"],"character_chosen":"DEFECT","items_purchased":["Capacitor","Conserve Battery","Scrape","Loop","Apotheosis"],"campfire_rested":4,"item_purchase_floors":[8,8,11,19,19],"current_hp_per_floor":[63,63,48,48,48,48,21,21,21,11,11,33,33,24,46,9,80,59,59,51,51,26,50,50,76,76,76,76,56,25,27,51,0],"gold":70,"neow_bonus":"RANDOM_COMMON_RELIC","is_prod":false,"is_daily":false,"chose_seed":false,"campfire_upgraded":2,"win_rate":0,"timestamp":1547272429,"path_taken":["M","M","?","?","M","R","E","$","T","?","$","R","?","M","R","BOSS","M","$","M","?","M","R","$","?","T","R","?","M","M","M","R","BOSS"],"build_version":"2019-01-10","purchased_purges":0,"victory":false,"max_hp_per_floor":[75,75,75,75,75,75,75,75,75,75,75,75,75,75,75,75,80,80,80,80,80,80,80,80,80,80,80,80,80,80,80,80,80],"card_choices":[{"not_picked":["Auto Shields","FTL"],"picked":"Rip and Tear","floor":1},{"not_picked":["Hello World","Steam","Beam Cell"],"picked":"SKIP","floor":2},{"not_picked":["Stack","Hologram"],"picked":"Ball Lightning","floor":5},{"not_picked":["Steam","Steam Power","Amplify"],"picked":"SKIP","floor":7},{"not_picked":["Beam Cell","Stack","Compile Driver"],"picked":"SKIP","floor":10},{"not_picked":["Rebound","Leap","Beam Cell"],"picked":"SKIP","floor":14},{"not_picked":["Multi-Cast","Leap"],"picked":"Redo","floor":15},{"not_picked":["All For One","Fission"],"picked":"Biased Cognition","floor":16},{"not_picked":["Rebound","Capacitor","Reprogram"],"picked":"SKIP","floor":18},{"not_picked":["Turbo+1","Rebound+1","Self Repair"],"picked":"SKIP","floor":20},{"not_picked":["Turbo","Steam"],"picked":"Ball Lightning","floor":22},{"not_picked":["Sweeping Beam","Steam"],"picked":"Tempest","floor":23},{"not_picked":["Cold Snap+1","Biased Cognition"],"picked":"Ball Lightning","floor":29},{"not_picked":["Rebound","Turbo","Storm"],"picked":"SKIP","floor":30}],"player_experience":111888,"relics_obtained":[{"floor":7,"key":"Ancient Tea Set"},{"floor":9,"key":"Art of War"},{"floor":26,"key":"Oddly Smooth Stone"}],"event_choices":[{"damage_healed":0,"gold_gain":0,"player_choice":"Entered Light","damage_taken":15,"max_hp_gain":0,"max_hp_loss":0,"event_name":"Shining Light","floor":3,"gold_loss":0,"cards_upgraded":["Defend_B","Strike_B"]},{"damage_healed":0,"gold_gain":0,"player_choice":"Bought 2 Potions","damage_taken":0,"max_hp_gain":0,"max_hp_loss":0,"event_name":"The Woman in Blue","floor":4,"gold_loss":0},{"damage_healed":0,"gold_gain":0,"player_choice":"Ignored","damage_taken":0,"max_hp_gain":0,"max_hp_loss":0,"event_name":"Golden Idol","floor":13,"gold_loss":0},{"damage_healed":0,"gold_gain":0,"player_choice":"Opened","damage_taken":0,"relics_obtained":["Blood Vial"],"max_hp_gain":0,"max_hp_loss":0,"event_name":"The Mausoleum","floor":21,"gold_loss":0},{"damage_healed":26,"gold_gain":0,"player_choice":"Heal","damage_taken":0,"max_hp_gain":0,"max_hp_loss":0,"event_name":"The Library","floor":25,"gold_loss":0}],"is_beta":false,"boss_relics":[{"not_picked":["Snecko Eye","Philosopher\u0027s Stone"],"picked":"Tiny House"}],"items_purged_floors":[],"is_endless":false,"potions_floor_spawned":[1,5,20,30],"killed_by":"Automaton","ascension_level":0}