{"gold_per_floor":[219,66,83,94,44,72,72,72,125,163,181,181,141,207,207,326,326,349,367,367,391,25,25,64,64,111,149,168,168,186,86,86,216,216,230,253,120,120,138,172,172,188,211,211,245,245,245,263,263,263],"floor_reached":51,"playtime":3751,"items_purged":["Strike_B","Strike_B"],"score":857,"play_id":"2e03fe05-e1f7-4e5b-a3f6-f3591225e64f","local_time":"20180729173737","is_ascension_mode":true,"campfire_choices":[{"data":"Defragment","floor":7,"key":"SMITH"},{"data":"Zap","floor":12,"key":"SMITH"},{"data":"Go for the Eyes","floor":15,"key":"SMITH"},{"data":"Electrodynamics","floor":23,"key":"SMITH"},{"data":"Defragment","floor":25,"key":"SMITH"},{"data":"Storm","floor":32,"key":"SMITH"},{"data":"Buffer","floor":41,"key":"SMITH"},{"data":"Storm","floor":44,"key":"SMITH"},{"data":"Steam Power","floor":46,"key":"SMITH"},{"data":"Loop","floor":49,"key":"SMITH"}],"neow_cost":"NONE","seed_source_timestamp":225085883068884,"circlet_count":0,"master_deck":["Defend_B","Defend_B","Defend_B+1","Zap+1","Dualcast","Defragment+1","BootSequence","Conserve Battery","Go for the Eyes+1","Compile Driver","Defragment+1","Go for the Eyes+1","Conserve Battery","Electrodynamics+1","Leap+1","Ball Lightning","Core Surge","Conserve Battery+1","Hologram","Cold Snap","Storm+1","Buffer+1","White Noise+1","Chill+1","Loop+1","Cold Snap+1","Reprogram+1","Storm+1","Auto Shields+1","Steam Power+1","Hello World","Discovery"],"relics":["Cracked Core","Oddly Smooth Stone","Golden Idol","Potion Belt","Shuriken","Tiny Chest","Coffee Dripper","Art of War","Question Card","Ancient Tea Set","Red Mask","White Beast Statue","War Paint","Bronze Scales","Whetstone"],"potions_floor_usage":[10,14,14,14,16,18,21,33,33,35,42,45,45,50,50,50,50],"damage_taken":[{"damage":0,"enemies":"Cultist","floor":1,"turns":3},{"damage":0,"enemies":"2 Louse","floor":3,"turns":2},{"damage":0,"enemies":"Small Slimes","floor":4,"turns":2},{"damage":23,"enemies":"3 Sentries","floor":6,"turns":10},{"damage":27,"enemies":"Gremlin Nob","floor":10,"turns":4},{"damage":5,"enemies":"3 Louse","floor":11,"turns":3},{"damage":4,"enemies":"Lagavulin","floor":14,"turns":6},{"damage":4,"enemies":"The Guardian","floor":16,"turns":11},{"damage":1,"enemies":"3 Byrds","floor":18,"turns":2},{"damage":1,"enemies":"Shell Parasite","floor":19,"turns":7},{"damage":15,"enemies":"Snake Plant","floor":21,"turns":5},{"damage":17,"enemies":"Slavers","floor":24,"turns":3},{"damage":0,"floor":27,"turns":3},{"damage":0,"enemies":"Snecko","floor":28,"turns":4},{"damage":0,"enemies":"Cultist and Chosen","floor":30,"turns":4},{"damage":30,"enemies":"Automaton","floor":33,"turns":10},{"damage":0,"enemies":"3 Shapes","floor":35,"turns":3},{"damage":1,"enemies":"Flame Bruiser 1 Orb","floor":36,"turns":5},{"damage":10,"enemies":"Maw","floor":39,"turns":7},{"damage":3,"enemies":"2 Orb Walkers","floor":40,"turns":3},{"damage":0,"enemies":"3 Darklings","floor":42,"turns":3},{"damage":3,"enemies":"Nemesis","floor":45,"turns":5},{"damage":0,"enemies":"4 Shapes","floor":48,"turns":3},{"damage":53,"enemies":"Time Eater","floor":50,"turns":11}],"seed_played":"-7750172045345430558","potions_obtained":[{"floor":4,"key":"PowerPotion"},{"floor":10,"key":"Swift Potion"},{"floor":11,"key":"Weak Potion"},{"floor":13,"key":"Regen Potion"},{"floor":13,"key":"Regen Potion"},{"floor":13,"key":"Swift Potion"},{"floor":14,"key":"Weak Potion"},{"floor":21,"key":"Poison Potion"},{"floor":24,"key":"Dexterity Potion"},{"floor":28,"key":"Energy Potion"},{"floor":30,"key":"Weak Potion"},{"floor":35,"key":"Regen Potion"},{"floor":36,"key":"Explosive Potion"},{"floor":39,"key":"SmokeBomb"},{"floor":40,"key":"EssenceOfSteel"},{"floor":42,"key":"Fire Potion"},{"floor":45,"key":"Explosive Potion"},{"floor":48,"key":"GamblersBrew"}],"is_trial":false,"path_per_floor":["M","$","M","M","?","E","R","?","T","E","M","R","?","E","R","B",null,"M","M","?","M","$","R","E","R","T","?","M","?","M","$","R","B",null,"M","M","$","?","M","E","R","M","T","R","E","R","?","M","R","B"],"character_chosen":"DEFECT","items_purchased":["Defragment","BootSequence","Core Surge","Art of War","Loop","Cold Snap"],"campfire_rested":0,"item_purchase_floors":[2,2,22,22,37,37],"current_hp_per_floor":[75,75,75,75,75,52,52,52,52,25,20,20,20,56,56,52,69,68,67,67,52,52,52,35,35,35,35,35,35,35,35,35,5,69,69,69,69,69,59,56,56,56,56,56,58,58,58,58,58,5],"gold":263,"neow_bonus":"HUNDRED_GOLD","is_prod":false,"is_daily":false,"chose_seed":false,"campfire_upgraded":10,"win_rate":0,"timestamp":1532903857,"path_taken":["M","$","?","M","?","E","R","?","T","E","?","R","?","E","R","BOSS","M","M","?","M","$","R","E","R","T","?","M","?","M","$","R","BOSS","M","?","$","?","M","E","R","M","T","R","E","R","?","?","R","BOSS"],"build_version":"2018-07-26","purchased_purges":2,"victory":true,"max_hp_per_floor":[75,75,75,75,75,75,75,69,69,69,69,69,69,69,69,69,69,69,69,69,69,69,69,69,69,69,69,69,69,69,69,69,69,69,69,69,69,69,69,69,69,69,69,69,69,69,69,69,69,69],"card_choices":[{"not_picked":["Sweeping Beam","Turbo","Barrage"],"picked":"SKIP","floor":1},{"not_picked":["Barrage","Blizzard"],"picked":"Conserve Battery","floor":3},{"not_picked":["FTL","Hello World"],"picked":"Go for the Eyes","floor":4},{"not_picked":["Conserve Battery","Fusion"],"picked":"Compile Driver","floor":6},{"not_picked":["Steam","Static Discharge"],"picked":"Defragment","floor":10},{"not_picked":["Hologram","Scrape"],"picked":"Go for the Eyes","floor":11},{"not_picked":["Rip and Tear","Steam"],"picked":"Conserve Battery","floor":14},{"not_picked":["Core Surge","Amplify"],"picked":"Electrodynamics","floor":16},{"not_picked":["Beam Cell","Streamline"],"picked":"Leap+1","floor":18},{"not_picked":["Gash","Streamline","Steam"],"picked":"SKIP","floor":19},{"not_picked":["Rip and Tear+1","Darkness"],"picked":"Ball Lightning","floor":21},{"not_picked":["Beam Cell","Go for the Eyes"],"picked":"Conserve Battery+1","floor":24},{"not_picked":["Recycle","Reinforced Body","Scrape"],"picked":"Hologram","floor":27},{"not_picked":["Coolheaded","Consume","Auto Shields"],"picked":"Cold Snap","floor":28},{"not_picked":["Compile Driver","Go for the Eyes","Redo","Ball Lightning"],"picked":"SKIP","floor":30},{"not_picked":["Hyperbeam","Seek","Meteor Strike"],"picked":"Buffer","floor":33},{"not_picked":["Scrape+1","Steam+1","Rebound"],"picked":"White Noise+1","floor":35},{"not_picked":["Aggregate+1","Scrape+1","Turbo+1"],"picked":"Chill+1","floor":36},{"not_picked":["Go for the Eyes+1","Rip and Tear+1","Heatsinks+1"],"picked":"Storm","floor":39},{"not_picked":["Coolheaded+1","Streamline","Multi-Cast","Ball Lightning+1"],"picked":"SKIP","floor":40},{"not_picked":["Beam Cell","Loop","Redo+1"],"picked":"Auto Shields+1","floor":42},{"not_picked":["Recycle","Turbo+1","Redo+1"],"picked":"Steam Power","floor":45},{"not_picked":["Skim+1","Hello World","Hologram","Reprogram+1"],"picked":"SKIP","floor":48}],"player_experience":298308,"relics_obtained":[{"floor":6,"key":"Oddly Smooth Stone"},{"floor":9,"key":"Potion Belt"},{"floor":10,"key":"Shuriken"},{"floor":14,"key":"Tiny Chest"},{"floor":24,"key":"Question Card"},{"floor":26,"key":"Ancient Tea Set"},{"floor":27,"key":"Red Mask"},{"floor":40,"key":"War Paint"},{"floor":43,"key":"Bronze Scales"},{"floor":45,"key":"Whetstone"}],"event_choices":[{"event_name":"The Cleric","player_choice":"Card Removal","floor":5,"damage_taken":0},{"event_name":"Golden Idol","player_choice":"Lose Max HP","floor":8,"damage_taken":0},{"event_name":"The Woman in Blue","player_choice":"Bought 3 Potions","floor":13,"damage_taken":0},{"event_name":"Ghosts","player_choice":"Ignored","floor":20,"damage_taken":0},{"event_name":"Masked Bandits","player_choice":"Fought over 111 gold","floor":27,"damage_taken":0},{"event_name":"Transmorgrifier","player_choice":"Transform","floor":29,"damage_taken":0},{"event_name":"Transmorgrifier","player_choice":"Transform","floor":38,"damage_taken":0},{"event_name":"Match and Keep!","player_choice":"2 cards matched","floor":47,"damage_taken":0}],"is_beta":true,"boss_relics":[{"not_picked":["Snecko Eye","Runic Dome"],"picked":"Coffee Dripper"},{"not_picked":["Philosopher\u0027s Stone","Velvet Choker"],"picked":"White Beast Statue"}],"items_purged_floors":[22,31],"is_endless":false,"potions_floor_spawned":[4,10,11,14,21,24,28,30,35,36,39,40,42,45,48],"ascension_level":4}