{"gold_per_floor":[112,125,143,11,22,22,45,55,55,84,100,65,77,90,90,166,166,184,184,10,10,10,10,10,10,10,21,31,31,31,41,41,118,118,137,148,148,148,165,165,165,165,214,3,13,13,13,31,31,31],"floor_reached":50,"playtime":1988,"items_purged":["Strike_B","Writhe","Normality"],"score":844,"play_id":"5f458580-62e8-4a3e-8af7-cc38155236bb","local_time":"20181231224601","is_ascension_mode":true,"campfire_choices":[{"data":"Zap","floor":6.0,"key":"SMITH"},{"floor":15.0,"key":"REST"},{"floor":23.0,"key":"RECALL"},{"data":"Beam Cell","floor":25.0,"key":"SMITH"},{"data":"Static Discharge","floor":32.0,"key":"SMITH"},{"floor":40,"key":"REST"},{"floor":49,"key":"REST"}],"neow_cost":"NONE","seed_source_timestamp":0,"circlet_count":0,"master_deck":["AscendersBane","Strike_B","Strike_B","Strike_B","Defend_B","Defend_B","Defend_B","Zap+1","Dualcast","Cold Snap","Leap","Reinforced Body","Ball Lightning","Compile Driver","Melter","Beam Cell","Streamline","Ball Lightning","Beam Cell+1","Conserve Battery+1","Doom and Gloom","Static Discharge+1","Darkness+1","Cold Snap+1","Seek","Static Discharge","Defragment+1","Static Discharge","Buffer"],"special_seed":0,"relics":["Cracked Core","Orichalcum","Pen Nib","Mango","Juzu Bracelet","Cursed Key","Bag of Preparation","Ornamental Fan","Inserter"],"potions_floor_usage":[39],"damage_taken":[{"damage":0.0,"enemies":"Cultist","floor":1.0,"turns":3.0},{"damage":2.0,"enemies":"Small Slimes","floor":2.0,"turns":3.0},{"damage":3.0,"enemies":"2 Louse","floor":3.0,"turns":3.0},{"damage":7.0,"enemies":"2 Fungi Beasts","floor":5.0,"turns":3.0},{"damage":0.0,"enemies":"Looter","floor":8.0,"turns":2.0},{"damage":30.0,"enemies":"Gremlin Nob","floor":10.0,"turns":5.0},{"damage":7.0,"enemies":"Red Slaver","floor":11.0,"turns":3.0},{"damage":0.0,"enemies":"Large Slime","floor":13.0,"turns":6.0},{"damage":2.0,"enemies":"Blue Slaver","floor":14.0,"turns":2.0},{"damage":19.0,"enemies":"The Guardian","floor":16.0,"turns":8.0},{"damage":18.0,"enemies":"2 Thieves","floor":18.0,"turns":3.0},{"damage":0.0,"enemies":"Chosen","floor":27.0,"turns":2.0},{"damage":9.0,"enemies":"Sentry and Sphere","floor":28.0,"turns":5.0},{"damage":0.0,"enemies":"Centurion and Healer","floor":31.0,"turns":5.0},{"damage":76.0,"enemies":"Automaton","floor":33.0,"turns":11.0},{"damage":62,"enemies":"3 Darklings","floor":35,"turns":6},{"damage":3,"enemies":"Orb Walker","floor":36,"turns":4},{"damage":56,"enemies":"Transient","floor":39,"turns":6},{"damage":17,"enemies":"Maw","floor":45,"turns":6},{"damage":37,"enemies":"3 Darklings","floor":48,"turns":5},{"damage":32,"enemies":"Awakened One","floor":50,"turns":3}],"seed_played":"-768563272653799082","potions_obtained":[{"floor":2.0,"key":"AttackPotion"},{"floor":5.0,"key":"FearPotion"},{"floor":11.0,"key":"LiquidBronze"},{"floor":13.0,"key":"PowerPotion"},{"floor":27.0,"key":"Poison Potion"},{"floor":28.0,"key":"FairyPotion"},{"floor":35,"key":"PowerPotion"}],"is_trial":false,"path_per_floor":["M","M","M","$","M","R","T","M","T","E","M","?","M","M","R","B",null,"M","?","$","?","?","R","$","R","T","M","M","?","$","M","R","B",null,"M","M","?","?","M","R","?","?","T","$","M","$","$","M","R","B"],"character_chosen":"DEFECT","items_purchased":["Ball Lightning","Doom and Gloom","Static Discharge"],"campfire_rested":3,"item_purchase_floors":[4,20,44],"current_hp_per_floor":[64,62,59,59,52,52,52,52,66,36,29,50,50,48,73,54,77,59,59,59,76,95,95,95,95,95,95,86,86,86,86,86,10,74,12,9,78,78,22,45,45,45,45,45,28,28,28,6,29,0],"gold":31,"neow_bonus":"RANDOM_COMMON_RELIC","is_prod":false,"is_daily":false,"chose_seed":false,"campfire_upgraded":3,"win_rate":0,"timestamp":1546314361,"path_taken":["M","M","M","$","M","R","?","M","T","E","M","?","M","M","R","BOSS","M","?","$","?","?","R","$","R","T","M","M","?","?","M","R","BOSS","M","M","?","?","M","R","?","?","T","$","M","?","$","M","R","BOSS"],"build_version":"2018-12-20","purchased_purges":3,"victory":false,"max_hp_per_floor":[71,71,71,71,71,71,71,71,85,85,85,85,85,85,85,85,85,85,85,85,85,95,95,95,95,95,95,95,95,95,95,95,95,95,95,95,78,78,78,78,78,78,78,78,78,78,78,78,78,78],"card_choices":[{"not_picked":["Redo","Turbo"],"picked":"Cold Snap","floor":1.0},{"not_picked":["Compile Driver","Reprogram"],"picked":"Leap","floor":2.0},{"not_picked":["Beam Cell","Conserve Battery"],"picked":"Reinforced Body","floor":3.0},{"not_picked":["Gash","Ball Lightning"],"picked":"Compile Driver","floor":5.0},{"not_picked":["Skim","Redo"],"picked":"Melter","floor":8.0},{"not_picked":["Blizzard","Go for the Eyes"],"picked":"Beam Cell","floor":10.0},{"not_picked":["Rebound","Hologram"],"picked":"Streamline","floor":11.0},{"not_picked":["Stack","Reboot"],"picked":"Ball Lightning","floor":13.0},{"not_picked":["Streamline","Blizzard"],"picked":"Beam Cell","floor":14.0},{"not_picked":["Multi-Cast","Meteor Strike"],"picked":"Fission","floor":16.0},{"not_picked":["Steam","Gash"],"picked":"Conserve Battery+1","floor":18.0},{"not_picked":["Sweeping Beam+1","Chaos"],"picked":"Static Discharge","floor":27.0},{"not_picked":["Hello World","Aggregate"],"picked":"Darkness+1","floor":28.0},{"not_picked":["Auto Shields","Streamline"],"picked":"Cold Snap+1","floor":31.0},{"not_picked":["Rainbow","Hyperbeam"],"picked":"Seek","floor":33.0},{"not_picked":["Lockon","Capacitor+1"],"picked":"Static Discharge","floor":35},{"not_picked":["Compile Driver+1","Turbo+1","Beam Cell"],"picked":"SKIP","floor":36},{"not_picked":["FTL","Gash"],"picked":"Defragment+1","floor":39},{"not_picked":["Rebound","Compile Driver","Ball Lightning+1"],"picked":"SKIP","floor":45},{"not_picked":["Turbo+1","Fusion"],"picked":"Buffer","floor":48}],"player_experience":1973644,"relics_obtained":[{"floor":7.0,"key":"Pen Nib"},{"floor":9.0,"key":"Mango"},{"floor":10.0,"key":"Juzu Bracelet"},{"floor":26.0,"key":"Ornamental Fan"}],"event_choices":[{"damage_healed":21.0,"max_hp_gain":0.0,"max_hp_loss":0.0,"gold_gain":0.0,"event_name":"The Cleric","player_choice":"Healed","floor":12.0,"gold_loss":35.0,"damage_taken":0.0},{"damage_healed":0.0,"max_hp_gain":0.0,"max_hp_loss":0.0,"gold_gain":0.0,"event_name":"The Mausoleum","player_choice":"Opened","floor":19.0,"gold_loss":0.0,"damage_taken":0.0,"relics_obtained":["Bag of Preparation"],"cards_obtained":["Writhe"]},{"damage_healed":17.0,"max_hp_gain":0.0,"max_hp_loss":0.0,"gold_gain":0.0,"event_name":"The Library","player_choice":"Heal","floor":21.0,"gold_loss":0.0,"damage_taken":0.0},{"cards_removed":["Fission"],"damage_healed":9.0,"max_hp_gain":10.0,"max_hp_loss":0.0,"gold_gain":0.0,"event_name":"Bonfire Elementals","player_choice":"Offered Rare","floor":22.0,"gold_loss":0.0,"damage_taken":0.0},{"damage_healed":0.0,"max_hp_gain":0.0,"max_hp_loss":0.0,"gold_gain":0.0,"event_name":"Lab","player_choice":"Got Potions","floor":29.0,"gold_loss":0.0,"damage_taken":0.0},{"damage_healed":78,"gold_gain":0,"player_choice":"Heal","damage_taken":0,"max_hp_gain":0,"max_hp_loss":17,"event_name":"The Moai Head","floor":37,"gold_loss":0},{"cards_removed":["Doubt"],"damage_healed":0,"gold_gain":0,"player_choice":"Removed Curses","damage_taken":0,"max_hp_gain":0,"max_hp_loss":0,"event_name":"Fountain of Cleansing","floor":38,"gold_loss":0},{"damage_healed":0,"gold_gain":0,"player_choice":"Ignored","damage_taken":0,"max_hp_gain":0,"max_hp_loss":0,"event_name":"Tomb of Lord Red Mask","floor":41,"gold_loss":0},{"cards_removed":["Defend_B"],"damage_healed":0,"gold_gain":0,"player_choice":"Removed Skill","damage_taken":0,"max_hp_gain":0,"max_hp_loss":0,"event_name":"Falling","floor":42,"gold_loss":0}],"is_beta":false,"boss_relics":[{"not_picked":["Pandora\u0027s Box","Runic Pyramid"],"picked":"Cursed Key"},{"not_picked":["FrozenCore","Black Star"],"picked":"Inserter"}],"items_purged_floors":[4,20,44],"is_endless":false,"potions_floor_spawned":[2,5,11,13,27,28,31,35,48],"killed_by":"Awakened One","ascension_level":18}