{"gold_per_floor":[110,127,147,163,58,84,130,32,32,32,47,47,47,64,64,159,159,178,198,198,212,223,223],"floor_reached":23,"playtime":1830,"items_purged":[],"score":302,"play_id":"f25b1705-5b8c-4ff1-9429-67cadd762a8f","local_time":"20180710205928","is_ascension_mode":true,"campfire_choices":[{"floor":10,"key":"REST"},{"floor":13,"key":"REST"},{"floor":15,"key":"REST"}],"neow_cost":"NONE","seed_source_timestamp":603497533204621,"circlet_count":0,"master_deck":["Strike_B","Strike_B","Strike_B","Defend_B","Defend_B","Defend_B","Defend_B","Zap+1","Dualcast","AscendersBane","Defragment","Coolheaded","Redo","Coolheaded","Chill","Blizzard","Genetic Algorithm","Capacitor","Cold Snap","Cold Snap","Seek","Leap","Necronomicurse","Chill","Hologram+1"],"relics":["Cracked Core","Bottled Tornado","Vajra","Gambling Chip","Velvet Choker","Necronomicon"],"potions_floor_usage":[6,16,16,21],"damage_taken":[{"damage":1,"enemies":"Cultist","floor":1,"turns":3},{"damage":7,"enemies":"Jaw Worm","floor":2,"turns":3},{"damage":0,"enemies":"Small Slimes","floor":3,"turns":3},{"damage":11,"enemies":"Looter","floor":4,"turns":2},{"damage":46,"enemies":"Gremlin Nob","floor":6,"turns":6},{"damage":12,"enemies":"Lots of Slimes","floor":11,"turns":3},{"damage":25,"enemies":"3 Louse","floor":14,"turns":4},{"damage":14,"enemies":"Slime Boss","floor":16,"turns":11},{"damage":8,"enemies":"Shell Parasite","floor":18,"turns":8},{"damage":0,"enemies":"Spheric Guardian","floor":19,"turns":5},{"damage":7,"enemies":"Snake Plant","floor":21,"turns":7},{"damage":8,"enemies":"Centurion and Healer","floor":22,"turns":12},{"damage":24,"enemies":"Book of Stabbing","floor":23,"turns":7}],"seed_played":"1948870523749025053","potions_obtained":[{"floor":1,"key":"GamblersBrew"},{"floor":2,"key":"GamblersBrew"},{"floor":4,"key":"Block Potion"},{"floor":11,"key":"Swift Potion"},{"floor":16,"key":"Weak Potion"},{"floor":22,"key":"FearPotion"}],"is_trial":false,"path_per_floor":["M","M","M","M","$","E","T","$","T","R","M","?","R","M","R","B",null,"M","M","?","M","M"],"character_chosen":"DEFECT","items_purchased":["Chill","Blizzard","Capacitor","Cold Snap"],"campfire_rested":3,"item_purchase_floors":[5,5,8,8],"current_hp_per_floor":[67,60,60,49,49,3,3,3,3,25,13,13,35,10,32,18,61,53,53,37,30,22,0],"gold":223,"neow_bonus":"UPGRADE_CARD","is_prod":false,"is_daily":false,"chose_seed":false,"campfire_upgraded":0,"win_rate":0,"timestamp":1531270768,"path_taken":["M","M","?","M","$","E","?","?","T","R","?","?","R","M","R","BOSS","M","?","?","?","?","E"],"build_version":"2018-07-05","purchased_purges":0,"victory":false,"max_hp_per_floor":[75,75,75,75,75,75,75,75,75,75,75,75,75,75,75,75,75,75,75,75,75,75,75],"card_choices":[{"not_picked":["Beam Cell","Genetic Algorithm"],"picked":"Defragment","floor":1},{"not_picked":["Compile Driver","Rip and Tear"],"picked":"Coolheaded","floor":2},{"not_picked":["Gash","Rebound"],"picked":"Redo","floor":3},{"not_picked":["Compile Driver","Ball Lightning"],"picked":"Coolheaded","floor":4},{"not_picked":["Streamline","Turbo"],"picked":"Genetic Algorithm","floor":6},{"not_picked":["Barrage","Tempest"],"picked":"Cold Snap","floor":11},{"not_picked":["Creative AI","Recycle","Storm"],"picked":"SKIP","floor":14},{"not_picked":["Fission","Multi-Cast"],"picked":"Seek","floor":16},{"not_picked":["Rebound","Double Energy","Turbo"],"picked":"SKIP","floor":18},{"not_picked":["Barrage","Stack"],"picked":"Leap","floor":19},{"not_picked":["Gash","Barrage+1"],"picked":"Chill","floor":21},{"not_picked":["Redo","Beam Cell"],"picked":"Hologram+1","floor":22}],"player_experience":1034749,"relics_obtained":[{"floor":6,"key":"Bottled Tornado"},{"floor":7,"key":"Vajra"},{"floor":9,"key":"Gambling Chip"},{"floor":20,"key":"Necronomicon"}],"event_choices":[{"event_name":"Living Wall","player_choice":"Forget","floor":12,"damage_taken":0},{"event_name":"Cursed Tome","player_choice":"Obtained Book","floor":20,"damage_taken":0}],"boss_relics":[{"not_picked":["Eternal Feather","Tiny House"],"picked":"Velvet Choker"}],"items_purged_floors":[],"is_endless":false,"potions_floor_spawned":[1,2,4,11,16,22],"killed_by":"Book of Stabbing","ascension_level":11}