{"path_per_floor":["M","M","?","?","M","R","M","R","T","M","M","M","$","E","R","B",null,"M","?","M","?"],"character_chosen":"DEFECT","items_purchased":["DataDisk","Self Repair"],"gold_per_floor":[113,123,123,123,133,133,149,149,231,251,264,280,59,94,94,196,196,212,362,374,409,409],"floor_reached":22,"campfire_rested":1,"playtime":1119,"item_purchase_floors":[13,13],"current_hp_per_floor":[71,58,82,82,82,82,69,69,69,54,54,50,50,45,69,33,82,82,82,67,17,0],"items_purged":[],"gold":409,"score":216,"play_id":"bb6eac28-5b2d-45c2-823f-e06a319fd9a3","local_time":"20180614202245","is_prod":false,"is_daily":false,"chose_seed":false,"is_ascension_mode":true,"campfire_upgraded":2,"win_rate":0,"timestamp":1529022165,"campfire_choices":[{"data":"Sunder","floor":6,"key":"SMITH"},{"data":"Redo","floor":8,"key":"SMITH"},{"floor":15,"key":"REST"}],"path_taken":["M","M","?","?","M","R","M","R","T","M","M","M","$","E","R","BOSS","M","?","?","?","M"],"build_version":"2018-06-07v3","seed_source_timestamp":60404696909969,"purchased_purges":0,"victory":false,"master_deck":["Strike_B","Strike_B","Strike_B","Strike_B","Defend_B","Defend_B","Defend_B","Defend_B","Zap","Dualcast","Leap","Undo","Sunder+1","Redo+1","Doom and Gloom","Leap","Echo Form","Self Repair","Buffer","Coolheaded+1"],"max_hp_per_floor":[82,82,82,82,82,82,82,82,82,82,82,82,82,82,82,82,82,82,82,82,82,82],"relics":["Cracked Core","Pen Nib","Matryoshka","DataDisk","Bird Faced Urn","Sozu","Red Mask"],"card_choices":[{"not_picked":["Steam","Barrage"],"picked":"Leap","floor":1},{"not_picked":["Auto Shields","Beam Cell"],"picked":"Undo","floor":2},{"not_picked":["Rip and Tear","Hello World"],"picked":"Sunder","floor":5},{"not_picked":["Stack","Beam Cell"],"picked":"Redo","floor":7},{"not_picked":["Redo","Cold Snap"],"picked":"Doom and Gloom","floor":10},{"not_picked":["Steam","Gash"],"picked":"Leap","floor":11},{"not_picked":["Go for the Eyes","Chill"],"picked":"Echo Form","floor":12},{"not_picked":["Static Discharge","Compile Driver","Auto Shields"],"picked":"SKIP","floor":14},{"not_picked":["Meteor Strike","Thunder Strike"],"picked":"Buffer","floor":16},{"not_picked":["Beam Cell+1","Tempest","Stack"],"picked":"SKIP","floor":18},{"not_picked":["White Noise","Reprogram"],"picked":"Coolheaded+1","floor":20}],"player_experience":545791,"potions_floor_usage":[7,14,18],"damage_taken":[{"damage":11,"enemies":"Small Slimes","floor":1,"turns":4},{"damage":13,"enemies":"Jaw Worm","floor":2,"turns":4},{"damage":0,"enemies":"Cultist","floor":5,"turns":4},{"damage":13,"enemies":"Blue Slaver","floor":7,"turns":2},{"damage":15,"enemies":"Gremlin Gang","floor":10,"turns":5},{"damage":0,"enemies":"2 Fungi Beasts","floor":11,"turns":1},{"damage":4,"enemies":"Large Slime","floor":12,"turns":4},{"damage":19,"enemies":"Lagavulin","floor":14,"turns":6},{"damage":38,"enemies":"The Guardian","floor":16,"turns":10},{"damage":0,"enemies":"3 Byrds","floor":18,"turns":2},{"damage":30,"enemies":"Shell Parasite","floor":20,"turns":6},{"damage":56,"floor":21,"turns":5},{"damage":34,"enemies":"Cultist and Chosen","floor":22,"turns":5}],"relics_obtained":[{"floor":9,"key":"Matryoshka"},{"floor":14,"key":"Bird Faced Urn"},{"floor":21,"key":"Red Mask"}],"event_choices":[{"event_name":"Big Fish","player_choice":"Banana","floor":3,"damage_taken":0},{"event_name":"Wheel of Change","player_choice":"Relic","floor":4,"damage_taken":0},{"event_name":"Nest","player_choice":"Stole From Cult","floor":19,"damage_taken":0},{"event_name":"Masked Bandits","player_choice":"Fought over 374 gold","floor":21,"damage_taken":0}],"boss_relics":[{"not_picked":["Philosopher\u0027s Stone","Runic Dome"],"picked":"Sozu"}],"items_purged_floors":[],"potions_floor_spawned":[5,12,16],"seed_played":"-4810081687174821507","killed_by":"Cultist and Chosen","ascension_level":3,"potions_obtained":[{"floor":5,"key":"SkillPotion"},{"floor":12,"key":"LiquidBronze"},{"floor":16,"key":"LiquidBronze"}],"is_trial":false}