{"path_per_floor":["M","M","$","M","M","R","?","M","T","M","M","M","R","M","R"],"character_chosen":"THE_SILENT","items_purchased":["Blade Dance","Dagger Spray"],"gold_per_floor":[115,128,40,55,68,68,143,159,159,171,186,197,197,213,213,213],"floor_reached":16,"campfire_rested":3,"playtime":1665,"current_hp_per_floor":[70,67,67,64,44,65,54,35,35,19,18,10,31,20,46,0],"items_purged":[],"gold":213,"score":98,"play_id":"b78bb0f0-5ba4-48e8-8469-ccc77d54f836","local_time":"20180523225713","is_prod":false,"is_daily":false,"chose_seed":false,"is_ascension_mode":false,"campfire_upgraded":0,"timestamp":1527130633,"campfire_choices":[{"floor":6,"key":"REST"},{"floor":13,"key":"REST"},{"floor":15,"key":"REST"}],"path_taken":["M","M","$","M","M","R","?","M","T","M","M","M","R","M","R","BOSS"],"build_version":"2018-05-17","seed_source_timestamp":241862194283765,"purchased_purges":0,"victory":false,"master_deck":["Defend_G","Defend_G","Defend_G","Defend_G","Defend_G","Strike_G","Strike_G","Strike_G","Strike_G","Strike_G","Survivor","Neutralize","Doppelganger","Deadly Poison","Acrobatics","Blade Dance","Dagger Spray","Tools of the Trade","Distraction","Cloak And Dagger","Deflect","Distraction","A Thousand Cuts","Caltrops"],"max_hp_per_floor":[70,70,70,70,70,70,70,70,70,70,70,70,70,70,75,75],"relics":["Ring of the Snake","Vajra"],"card_choices":[{"not_picked":["Underhanded Strike","Distraction"],"picked":"Deadly Poison","floor":1},{"not_picked":["Flechettes","Blur"],"picked":"Acrobatics","floor":2},{"not_picked":["Predator","PiercingWail"],"picked":"Tools of the Trade","floor":4},{"not_picked":["Noxious Fumes","Dagger Throw"],"picked":"Distraction","floor":5},{"not_picked":["Sucker Punch","Dagger Throw"],"picked":"Cloak And Dagger","floor":8},{"not_picked":["Acrobatics","Underhanded Strike"],"picked":"Deflect","floor":10},{"not_picked":["Deflect","Heel Hook"],"picked":"Distraction","floor":11},{"not_picked":["Blur","Bane"],"picked":"A Thousand Cuts","floor":12},{"not_picked":["Sucker Punch","Dagger Spray"],"picked":"Caltrops","floor":14}],"player_experience":99901,"potions_floor_usage":[5,12,15],"damage_taken":[{"damage":0,"enemies":"Cultist","floor":1,"turns":5},{"damage":3,"enemies":"2 Louse","floor":2,"turns":2},{"damage":3,"enemies":"Jaw Worm","floor":4,"turns":3},{"damage":20,"enemies":"Exordium Thugs","floor":5,"turns":4},{"damage":19,"enemies":"2 Fungi Beasts","floor":8,"turns":4},{"damage":16,"enemies":"Looter","floor":10,"turns":4},{"damage":1,"enemies":"Blue Slaver","floor":11,"turns":5},{"damage":8,"enemies":"2 Fungi Beasts","floor":12,"turns":3},{"damage":11,"enemies":"Gremlin Gang","floor":14,"turns":3},{"damage":46,"enemies":"Slime Boss","floor":16,"turns":8}],"relics_obtained":[{"floor":9,"key":"Vajra"}],"event_choices":[{"event_name":"World of Goop","player_choice":"Gather Gold","floor":7,"damage_taken":0}],"boss_relics":[],"potions_floor_spawned":[4,5,10,11,14],"seed_played":"6967654675493481814","killed_by":"Slime Boss","ascension_level":0,"potions_obtained":[{"floor":4,"key":"Poison Potion"},{"floor":5,"key":"SmokeBomb"},{"floor":10,"key":"GamblersBrew"},{"floor":11,"key":"Block Potion"},{"floor":14,"key":"Fruit Juice"}],"is_trial":false}