{"gold_per_floor":[118,134,147,147,159,159,185,204,204,216,241,258,258,65,65,161,161,171,191,106,106],"floor_reached":21,"playtime":819,"items_purged":[],"score":193,"play_id":"3b48de1a-4ad7-468d-8e62-0decaa46c6d5","local_time":"20181120203301","is_ascension_mode":false,"campfire_choices":[{"data":"True Grit","floor":6,"key":"SMITH"},{"floor":13,"key":"REST"},{"floor":15,"key":"REST"}],"neow_cost":"NONE","seed_source_timestamp":248177561958769,"circlet_count":0,"master_deck":["Strike_R","Strike_R","Strike_R","Defend_R","Defend_R","Defend_R","Defend_R","Bash+1","Perfected Strike","Cleave","Spot Weakness","True Grit+1","Heavy Blade","Metallicize","Thunderclap","Juggernaut","Intimidate","Twin Strike","Demon Form","Body Slam+1","Intimidate+1"],"relics":["Burning Blood","NeowsBlessing","Shuriken","Turnip","Darkstone Periapt","Bag of Marbles","Empty Cage","Torii"],"potions_floor_usage":[8,16,16,16],"damage_taken":[{"damage":0,"enemies":"Cultist","floor":1,"turns":1},{"damage":0,"enemies":"Jaw Worm","floor":2,"turns":1},{"damage":0,"enemies":"2 Louse","floor":3,"turns":1},{"damage":10,"enemies":"Looter","floor":5,"turns":2},{"damage":30,"enemies":"3 Sentries","floor":7,"turns":7},{"damage":11,"enemies":"Red Slaver","floor":8,"turns":3},{"damage":10,"enemies":"Exordium Wildlife","floor":10,"turns":3},{"damage":24,"enemies":"Gremlin Nob","floor":11,"turns":4},{"damage":11,"enemies":"Lots of Slimes","floor":12,"turns":3},{"damage":59,"enemies":"Slime Boss","floor":16,"turns":10},{"damage":31,"enemies":"Shell Parasite","floor":18,"turns":6},{"damage":49,"enemies":"3 Byrds","floor":19,"turns":5},{"damage":20,"enemies":"Shelled Parasite and Fungi","floor":21,"turns":3}],"seed_played":"4389195465857686762","potions_obtained":[{"floor":7,"key":"AttackPotion"},{"floor":10,"key":"Ancient Potion"},{"floor":11,"key":"Ancient Potion"},{"floor":12,"key":"LiquidBronze"},{"floor":16,"key":"Strength Potion"}],"is_trial":false,"path_per_floor":["M","M","M","?","M","R","E","M","T","M","E","M","R","$","R","B",null,"M","M","?","M"],"character_chosen":"IRONCLAD","items_purchased":["Bag of Marbles","Twin Strike"],"campfire_rested":2,"item_purchase_floors":[14,14],"current_hp_per_floor":[80,80,80,80,76,76,52,47,47,43,25,20,44,44,68,15,80,55,12,12,0],"gold":106,"neow_bonus":"THREE_ENEMY_KILL","is_prod":false,"is_daily":false,"chose_seed":false,"campfire_upgraded":1,"win_rate":0,"timestamp":1542763981,"path_taken":["M","M","M","?","M","R","E","?","T","M","E","M","R","$","R","BOSS","M","M","?","M"],"build_version":"2018-11-15","purchased_purges":0,"victory":false,"max_hp_per_floor":[80,80,80,80,80,80,80,80,80,80,80,80,80,80,80,80,80,80,80,80,80],"card_choices":[{"not_picked":["Clash","Armaments"],"picked":"Perfected Strike","floor":1},{"not_picked":["Flex","Headbutt"],"picked":"Cleave","floor":2},{"not_picked":["Hemokinesis","True Grit"],"picked":"Spot Weakness","floor":3},{"not_picked":["Iron Wave","Infernal Blade"],"picked":"True Grit","floor":5},{"not_picked":["Flex","Reckless Charge"],"picked":"Heavy Blade","floor":7},{"not_picked":["Thunderclap","Shrug It Off"],"picked":"Metallicize","floor":8},{"not_picked":["Corruption","Twin Strike"],"picked":"Thunderclap","floor":10},{"not_picked":["Cleave","Body Slam"],"picked":"Juggernaut","floor":11},{"not_picked":["Flex","Havoc"],"picked":"Intimidate","floor":12},{"not_picked":["Limit Break","Offering"],"picked":"Demon Form","floor":16},{"not_picked":["Iron Wave","Sword Boomerang"],"picked":"Body Slam+1","floor":18},{"not_picked":["Thunderclap","Sever Soul"],"picked":"Intimidate+1","floor":19}],"player_experience":1736646,"relics_obtained":[{"floor":7,"key":"Shuriken"},{"floor":9,"key":"Turnip"},{"floor":11,"key":"Darkstone Periapt"}],"event_choices":[{"damage_healed":0,"gold_gain":0,"player_choice":"Forge","damage_taken":0,"max_hp_gain":0,"max_hp_loss":0,"event_name":"Accursed Blacksmith","floor":4,"gold_loss":0,"cards_upgraded":["Bash"]},{"damage_healed":0,"gold_gain":0,"player_choice":"Obtained Relic","damage_taken":0,"relics_obtained":["Torii"],"max_hp_gain":0,"max_hp_loss":0,"event_name":"Addict","floor":20,"gold_loss":85}],"is_beta":false,"boss_relics":[{"not_picked":["Calling Bell","Snecko Eye"],"picked":"Empty Cage"}],"items_purged_floors":[],"is_endless":false,"potions_floor_spawned":[7,10,11,12,16],"killed_by":"Shelled Parasite and Fungi","ascension_level":0}