{"gold_per_floor":[10,10,29,44,55,86,104,104,104,116,162,193,269,298,310,419,431,456,487,512,524,555,601,631,643,655,695,707],"floor_reached":28,"playtime":3745,"items_purged":[],"score":324,"play_id":"41bf2b48-dbd3-4da4-aa6f-50bb64d5efdf","local_time":"20180814212751","is_ascension_mode":false,"campfire_choices":[{"data":"Cleave","floor":8,"key":"SMITH"},{"data":"Flex","floor":15,"key":"SMITH"},{"data":"Shrug It Off","floor":25,"key":"SMITH"}],"neow_cost":"NO_GOLD","seed_source_timestamp":37275703315474,"circlet_count":0,"master_deck":["Strike_R","Strike_R","Strike_R","Strike_R","Strike_R","Defend_R","Defend_R","Defend_R","Defend_R","Bash","Shrug It Off+1","Twin Strike","Cleave+1","Iron Wave","Cleave","Pommel Strike","Thunderclap","Flex+1","Clash","Cleave","Shrug It Off","Twin Strike+1","Headbutt+1","Twin Strike","Twin Strike"],"relics":["Burning Blood","Mango","Art of War","MawBank","Vajra","Mummified Hand","Velvet Choker","Potion Belt","Darkstone Periapt","Singing Bowl"],"potions_floor_usage":[6,6,16,16,23,24,27],"damage_taken":[{"damage":5,"enemies":"Jaw Worm","floor":1,"turns":4},{"damage":0,"enemies":"Cultist","floor":3,"turns":4},{"damage":2,"enemies":"Small Slimes","floor":4,"turns":5},{"damage":11,"enemies":"3 Louse","floor":5,"turns":3},{"damage":16,"enemies":"3 Sentries","floor":6,"turns":9},{"damage":0,"enemies":"2 Fungi Beasts","floor":7,"turns":2},{"damage":8,"enemies":"Gremlin Nob","floor":11,"turns":4},{"damage":10,"enemies":"Looter","floor":12,"turns":2},{"damage":10,"enemies":"3 Sentries","floor":13,"turns":4},{"damage":1,"enemies":"Exordium Wildlife","floor":14,"turns":3},{"damage":65,"enemies":"Hexaghost","floor":16,"turns":8},{"damage":25,"enemies":"Spheric Guardian","floor":18,"turns":4},{"damage":15,"enemies":"2 Thieves","floor":19,"turns":3},{"damage":18,"enemies":"Centurion and Healer","floor":20,"turns":4},{"damage":26,"enemies":"Snake Plant","floor":22,"turns":4},{"damage":13,"enemies":"Gremlin Leader","floor":23,"turns":4},{"damage":11,"enemies":"Snecko","floor":24,"turns":4},{"damage":25,"enemies":"Book of Stabbing","floor":27,"turns":4},{"damage":23,"enemies":"Chosen and Byrds","floor":28,"turns":4}],"seed_played":"-706045378387564354","potions_obtained":[{"floor":1,"key":"SkillPotion"},{"floor":4,"key":"Block Potion"},{"floor":5,"key":"EssenceOfSteel"},{"floor":7,"key":"Regen Potion"},{"floor":12,"key":"SteroidPotion"},{"floor":14,"key":"Regen Potion"},{"floor":23,"key":"Block Potion"},{"floor":24,"key":"SkillPotion"},{"floor":27,"key":"LiquidBronze"}],"is_trial":false,"path_per_floor":["M","?","M","M","M","E","M","R","T","$","E","M","?","M","R","B",null,"M","M","M","?","M","E","M","R","T","E"],"character_chosen":"IRONCLAD","items_purchased":[],"campfire_rested":0,"item_purchase_floors":[],"current_hp_per_floor":[94,94,94,94,89,79,85,85,85,85,83,79,75,80,80,36,94,75,66,54,54,34,39,34,34,34,17,0],"gold":707,"neow_bonus":"ONE_RARE_RELIC","is_prod":false,"is_daily":false,"chose_seed":false,"campfire_upgraded":3,"win_rate":0,"timestamp":1534247871,"path_taken":["M","?","?","M","M","E","M","R","T","$","E","M","?","M","R","BOSS","M","M","M","?","M","E","M","R","T","E","M"],"build_version":"2018-08-09","purchased_purges":0,"victory":false,"max_hp_per_floor":[94,94,94,94,94,94,94,94,94,94,94,94,94,94,94,94,94,94,94,94,94,94,94,94,94,94,96,96],"card_choices":[{"not_picked":["Flame Barrier","Dropkick"],"picked":"Shrug It Off","floor":1},{"not_picked":["Burning Pact","Shrug It Off"],"picked":"Twin Strike","floor":3},{"not_picked":["True Grit","Sentinel"],"picked":"Cleave","floor":4},{"not_picked":["Feed","Pummel"],"picked":"Iron Wave","floor":5},{"not_picked":["Hemokinesis","Body Slam"],"picked":"Cleave","floor":6},{"not_picked":["Fire Breathing","Twin Strike"],"picked":"Pommel Strike","floor":7},{"not_picked":["Cleave","Body Slam"],"picked":"Thunderclap","floor":11},{"not_picked":["Heavy Blade","Rampage"],"picked":"Flex","floor":12},{"not_picked":["Entrench","Second Wind"],"picked":"Clash","floor":13},{"not_picked":["Fire Breathing","Battle Trance"],"picked":"Cleave","floor":14},{"not_picked":["Disarm","Ghostly Armor"],"picked":"Shrug It Off","floor":18},{"not_picked":["Infernal Blade+1","Shrug It Off"],"picked":"Twin Strike+1","floor":19},{"not_picked":["Anger+1","Metallicize+1"],"picked":"Headbutt+1","floor":20},{"not_picked":["Barricade","Havoc","Anger"],"picked":"SKIP","floor":22},{"not_picked":["Carnage+1","Spot Weakness"],"picked":"Twin Strike","floor":23},{"not_picked":["Clothesline","Inflame"],"picked":"Twin Strike","floor":24},{"not_picked":["Clothesline","Pommel Strike","Havoc+1"],"picked":"Singing Bowl","floor":27}],"player_experience":344904,"relics_obtained":[{"floor":6,"key":"Art of War"},{"floor":9,"key":"MawBank"},{"floor":11,"key":"Vajra"},{"floor":13,"key":"Mummified Hand"},{"floor":23,"key":"Potion Belt"},{"floor":26,"key":"Darkstone Periapt"},{"floor":27,"key":"Singing Bowl"}],"event_choices":[{"event_name":"The Cleric","player_choice":"Leave","floor":2,"damage_taken":0},{"event_name":"Dead Adventurer","player_choice":"Searched \u00271\u0027 times","floor":13,"damage_taken":0},{"event_name":"Vampires","player_choice":"Ignored","floor":21,"damage_taken":0}],"is_beta":false,"boss_relics":[{"not_picked":["Pandora\u0027s Box","Runic Pyramid"],"picked":"Velvet Choker"}],"items_purged_floors":[],"is_endless":false,"potions_floor_spawned":[1,4,5,7,12,13,14,23,24,27],"killed_by":"Chosen and Byrds","ascension_level":0}