{"gold_per_floor":[113,113,113,130,146,146,158,30,57,72,91,91],"floor_reached":12,"playtime":299,"items_purged":["Strike_B"],"score":115,"play_id":"3dc94c72-7648-4ce6-9533-0c44d4774c87","local_time":"20180713135203","is_ascension_mode":true,"campfire_choices":[{"data":"Zap","floor":6,"key":"SMITH"}],"neow_cost":"NONE","seed_source_timestamp":210423126558108,"circlet_count":0,"master_deck":["Strike_B","Strike_B","Defend_B","Defend_B","Defend_B","Defend_B","Zap+1","Dualcast","AscendersBane","White Noise","Force Field","Sweeping Beam","Streamline","Coolheaded","Storm","Redo"],"relics":["Cracked Core","NeowsBlessing","Art of War"],"potions_floor_usage":[],"damage_taken":[{"damage":0,"enemies":"Jaw Worm","floor":1,"turns":1},{"damage":0,"enemies":"Small Slimes","floor":4,"turns":1},{"damage":0,"enemies":"Cultist","floor":5,"turns":1},{"damage":0,"enemies":"Lots of Slimes","floor":7,"turns":1},{"damage":14,"enemies":"Blue Slaver","floor":10,"turns":4},{"damage":43,"enemies":"Gremlin Gang","floor":11,"turns":5},{"damage":6,"enemies":"3 Louse","floor":12,"turns":1}],"seed_played":"-3408942353598052778","potions_obtained":[{"floor":1,"key":"Weak Potion"},{"floor":5,"key":"Energy Potion"},{"floor":11,"key":"FocusPotion"}],"is_trial":false,"path_per_floor":["M","?","?","M","M","R","M","$","T","M","M"],"character_chosen":"DEFECT","items_purchased":["Coolheaded"],"campfire_rested":0,"item_purchase_floors":[8],"current_hp_per_floor":[68,61,61,61,61,61,61,61,61,47,4,0],"gold":91,"neow_bonus":"THREE_ENEMY_KILL","is_prod":false,"is_daily":false,"chose_seed":false,"campfire_upgraded":1,"win_rate":0,"timestamp":1531504323,"path_taken":["M","?","?","M","M","R","M","$","T","?","M","?"],"build_version":"2018-07-12","purchased_purges":1,"victory":false,"max_hp_per_floor":[75,75,75,75,75,75,75,75,75,75,75,75],"card_choices":[{"not_picked":["Recycle","Chaos"],"picked":"White Noise","floor":1},{"not_picked":["Rip and Tear","Conserve Battery"],"picked":"Force Field","floor":4},{"not_picked":["Redo","Rebound"],"picked":"Sweeping Beam","floor":5},{"not_picked":["Stack","Auto Shields"],"picked":"Streamline","floor":7},{"not_picked":["BootSequence","Heatsinks"],"picked":"Storm","floor":10},{"not_picked":["Ball Lightning","Stack"],"picked":"Redo","floor":11}],"player_experience":1077855,"relics_obtained":[{"floor":9,"key":"Art of War"}],"event_choices":[{"event_name":"Golden Wing","player_choice":"Card Removal","floor":2,"damage_taken":0},{"event_name":"Shining Light","player_choice":"Ignored","floor":3,"damage_taken":0}],"boss_relics":[],"items_purged_floors":[8],"is_endless":false,"potions_floor_spawned":[1,5,11],"killed_by":"3 Louse","ascension_level":12}