{"gold_per_floor":[112,130,141,141,157,157,191,205,205,224,224,224,48,1,1,100,100,87,87,87,87,98,98,118,131,131,35,35,35,35,35,35,132,132,149,4,15,34,50,50,68,18,86,11,11,29,29,44,44,44],"floor_reached":51,"playtime":3499,"items_purged":["Parasite"],"score":739,"play_id":"9d7f4370-35ec-448b-9f1b-c7b6e722e356","local_time":"20181028142351","is_ascension_mode":true,"campfire_choices":[{"floor":6.0,"key":"REST"},{"floor":11.0,"key":"REST"},{"data":"Chaos","floor":15.0,"key":"SMITH"},{"data":"Sunder","floor":23.0,"key":"SMITH"},{"floor":28,"key":"REST"},{"data":"Rainbow","floor":30,"key":"SMITH"},{"data":"Gash","floor":32,"key":"SMITH"},{"floor":40,"key":"REST"},{"floor":45,"key":"REST"},{"data":"Beam Cell","floor":47,"key":"SMITH"},{"floor":49,"key":"REST"}],"neow_cost":"NONE","seed_source_timestamp":0,"circlet_count":0,"master_deck":["Strike_B","Strike_B","Strike_B","Strike_B","Defend_B","Defend_B","Defend_B","Defend_B","Zap","Dualcast","Streamline+1","Rebound+1","Cold Snap","Ball Lightning","Chaos+1","Steam Power","Go for the Eyes","BootSequence","Scrape","Sunder+1","Steam","All For One","Sweeping Beam","Gash+1","Leap+1","Beam Cell+1","Rainbow+1","Gash","BootSequence","Biased Cognition","Redo+1","Gash","Melter+1","Gash+1"],"special_seed":0,"relics":["Cracked Core","Blood Vial","Matryoshka","Dead Branch","Inserter","Sundial","Ornamental Fan","Mummified Hand","Nuclear Battery","Vajra","Shuriken","Letter Opener"],"potions_floor_usage":[39,46,48,48,50,50],"damage_taken":[{"damage":0.0,"enemies":"Cultist","floor":1.0,"turns":3.0},{"damage":0.0,"enemies":"2 Louse","floor":2.0,"turns":2.0},{"damage":2.0,"enemies":"Jaw Worm","floor":3.0,"turns":3.0},{"damage":16.0,"enemies":"3 Louse","floor":5.0,"turns":3.0},{"damage":9.0,"enemies":"Gremlin Nob","floor":7.0,"turns":3.0},{"damage":11.0,"enemies":"Gremlin Gang","floor":8.0,"turns":3.0},{"damage":0.0,"enemies":"Exordium Wildlife","floor":10.0,"turns":3.0},{"damage":18.0,"enemies":"Hexaghost","floor":16.0,"turns":9.0},{"damage":10.0,"enemies":"2 Thieves","floor":18.0,"turns":4.0},{"damage":9.0,"enemies":"Shell Parasite","floor":22.0,"turns":5.0},{"damage":8.0,"enemies":"Centurion and Healer","floor":24.0,"turns":10.0},{"damage":11.0,"enemies":"Cultist and Chosen","floor":25.0,"turns":7.0},{"damage":62,"enemies":"Collector","floor":33,"turns":10},{"damage":1,"enemies":"3 Shapes","floor":35,"turns":5},{"damage":0,"enemies":"3 Darklings","floor":37,"turns":4},{"damage":13,"enemies":"Sphere and 2 Shapes","floor":38,"turns":5},{"damage":20,"enemies":"Maw","floor":39,"turns":8},{"damage":10,"enemies":"Writhing Mass","floor":41,"turns":6},{"damage":0,"enemies":"Transient","floor":46,"turns":5},{"damage":20,"enemies":"Spire Growth","floor":48,"turns":5},{"damage":63,"enemies":"Donu and Deca","floor":50,"turns":8}],"seed_played":"4833640442538020351","potions_obtained":[{"floor":3.0,"key":"Weak Potion"},{"floor":5.0,"key":"EssenceOfSteel"},{"floor":16.0,"key":"Strength Potion"},{"floor":18.0,"key":"Poison Potion"},{"floor":24.0,"key":"Ancient Potion"},{"floor":33,"key":"Poison Potion"},{"floor":38,"key":"Energy Potion"},{"floor":41,"key":"Dexterity Potion"},{"floor":46,"key":"FocusPotion"},{"floor":48,"key":"Energy Potion"}],"is_trial":false,"path_per_floor":["M","M","M","?","M","R","E","M","T","M","R","?","$","$","R","B",null,"M","?","?","?","M","R","M","M","T","$","R","$","R","?","R","B",null,"M","$","M","M","M","R","M","$","T","$","R","M","R","M","R","B"],"character_chosen":"DEFECT","items_purchased":["BootSequence","Scrape","Sunder","Steam","Gash","BootSequence","Vajra","AttackPotion"],"campfire_rested":6,"item_purchase_floors":[13,13,13,14,27,27,36,42],"current_hp_per_floor":[75,75,73,58,42,64,55,46,46,48,70,63,63,63,63,47,75,65,65,65,65,58,58,52,43,43,43,65,65,65,65,65,5,75,74,74,75,62,44,66,58,58,58,58,72,72,72,52,72,9],"gold":44,"neow_bonus":"THREE_CARDS","is_prod":false,"is_daily":false,"chose_seed":false,"campfire_upgraded":5,"win_rate":0,"timestamp":1540754631,"path_taken":["M","M","M","?","M","R","E","M","T","M","R","?","?","$","R","BOSS","M","?","?","?","?","R","M","M","T","?","R","$","R","?","R","BOSS","M","$","M","?","M","R","M","?","T","$","R","M","R","M","R","BOSS"],"build_version":"2018-10-25v2","purchased_purges":1,"victory":true,"max_hp_per_floor":[75,75,75,75,75,75,75,75,75,75,75,75,75,75,75,75,75,75,75,75,75,75,75,75,75,75,75,75,75,75,75,75,75,75,75,75,75,75,75,75,75,75,75,72,72,72,72,72,72,72],"card_choices":[{"not_picked":["Double Energy","Gash"],"picked":"Streamline","floor":0.0},{"not_picked":["Steam","Stack"],"picked":"Rebound","floor":1.0},{"not_picked":["Recycle","Redo"],"picked":"Cold Snap","floor":2.0},{"not_picked":["Streamline","Auto Shields"],"picked":"Ball Lightning","floor":3.0},{"not_picked":["Rebound","Stack"],"picked":"Chaos","floor":5.0},{"not_picked":["Fusion","Amplify"],"picked":"Steam Power","floor":7.0},{"not_picked":["Redo","Rebound"],"picked":"Go for the Eyes","floor":8.0},{"not_picked":["Skim","Go for the Eyes","Aggregate"],"picked":"SKIP","floor":10.0},{"not_picked":["Reboot","Electrodynamics"],"picked":"All For One","floor":16.0},{"not_picked":["Storm","Blizzard"],"picked":"Sweeping Beam","floor":18.0},{"not_picked":["Rip and Tear","Sweeping Beam"],"picked":"Leap+1","floor":22.0},{"not_picked":["FTL","Stack"],"picked":"Beam Cell","floor":24.0},{"not_picked":["Steam Power","Compile Driver"],"picked":"Rainbow","floor":25.0},{"not_picked":["Rainbow","Core Surge"],"picked":"Biased Cognition","floor":33},{"not_picked":["Turbo+1","Beam Cell"],"picked":"Redo+1","floor":35},{"not_picked":["Doom and Gloom+1","Turbo+1","Barrage"],"picked":"SKIP","floor":37},{"not_picked":["Sweeping Beam+1","Conserve Battery"],"picked":"Gash","floor":38},{"not_picked":["Aggregate+1","Streamline+1"],"picked":"Melter+1","floor":39},{"not_picked":["Sweeping Beam+1","Ball Lightning"],"picked":"Gash+1","floor":41},{"not_picked":["Recycle+1","Streamline+1","Biased Cognition"],"picked":"SKIP","floor":46},{"not_picked":["Coolheaded+1","Steam Power+1","Recycle"],"picked":"SKIP","floor":48}],"player_experience":476595,"relics_obtained":[{"floor":7.0,"key":"Blood Vial"},{"floor":9.0,"key":"Matryoshka"},{"floor":26.0,"key":"Ornamental Fan"},{"floor":26.0,"key":"Mummified Hand"},{"floor":43,"key":"Shuriken"},{"floor":43,"key":"Letter Opener"}],"event_choices":[{"damage_healed":0.0,"max_hp_gain":0.0,"max_hp_loss":0.0,"gold_gain":0.0,"event_name":"Shining Light","player_choice":"Entered Light","floor":4.0,"gold_loss":0.0,"damage_taken":15.0,"cards_upgraded":["Rebound","Streamline"]},{"damage_healed":0.0,"max_hp_gain":0.0,"max_hp_loss":0.0,"gold_gain":0.0,"event_name":"Scrap Ooze","player_choice":"Success","floor":12.0,"gold_loss":0.0,"damage_taken":7.0,"relics_obtained":["Dead Branch"]},{"damage_healed":0.0,"max_hp_gain":0.0,"max_hp_loss":0.0,"gold_gain":0.0,"event_name":"The Library","player_choice":"Read","floor":19.0,"gold_loss":0.0,"damage_taken":0.0,"cards_obtained":["Gash"]},{"damage_healed":0.0,"max_hp_gain":0.0,"max_hp_loss":0.0,"gold_gain":0.0,"event_name":"The Mausoleum","player_choice":"Opened","floor":20.0,"gold_loss":0.0,"damage_taken":0.0,"relics_obtained":["Sundial"],"cards_obtained":["Writhe"]},{"cards_removed":["Writhe"],"damage_healed":0.0,"max_hp_gain":0.0,"max_hp_loss":0.0,"gold_gain":0.0,"event_name":"Back to Basics","player_choice":"Elegance","floor":21.0,"gold_loss":0.0,"damage_taken":0.0},{"damage_healed":0,"gold_gain":0,"player_choice":"Ignored","damage_taken":0,"max_hp_gain":0,"max_hp_loss":0,"event_name":"Ghosts","floor":31,"gold_loss":0}],"is_beta":true,"boss_relics":[{"not_picked":["Philosopher\u0027s Stone","Eternal Feather"],"picked":"Inserter"},{"not_picked":["Orrery","Astrolabe"],"picked":"Nuclear Battery"}],"items_purged_floors":[44],"is_endless":false,"potions_floor_spawned":[3,5,16,18,24,33,38,41,46,48],"ascension_level":3}