{"gold_per_floor":[116,136,147,35,35,60,60,90,90,123,123,93,93,143,143,222,222,222,177,177,177,177,177,177,177,177,177,157,157,157,157,157,157,157,157,157,157,157,17,17,17,17,17,17,17,17,17,17,17,17],"floor_reached":51,"playtime":2783,"items_purged":["Strike_G"],"score":1254,"play_id":"7ad1c449-be75-4caa-a913-cd19c2556b37","local_time":"20180707145646","is_ascension_mode":true,"campfire_choices":[{"floor":7,"key":"REST"},{"floor":13,"key":"REST"},{"data":"After Image","floor":15,"key":"SMITH"},{"floor":25,"key":"REST"},{"floor":30,"key":"REST"},{"floor":32,"key":"REST"},{"data":"After Image","floor":40,"key":"SMITH"},{"floor":46,"key":"REST"},{"floor":49,"key":"REST"}],"neow_cost":"","seed_source_timestamp":954175747444547,"circlet_count":0,"master_deck":["Survivor","Neutralize","AscendersBane","Dagger Spray","Flying Knee","PiercingWail","Well Laid Plans","After Image+1","Quick Slash","Dodge and Roll","Wraith Form v2","Dagger Spray","Infinite Blades","Endless Agony","PiercingWail","Crippling Poison+1","After Image+1","Setup","Slice+1","Underhanded Strike+1","Choke+1","Catalyst","Expertise","Backflip","Dodge and Roll","Blade Dance","Slice+1","Mind Blast+1","Backstab+1","Mind Blast+1","Finesse","Deflect+1","Backstab+1","Terror+1"],"relics":["Ring of the Snake","The Courier","Bronze Scales","Ornamental Fan","Strawberry","Ectoplasm","Red Mask","Dead Branch","Blue Candle","Molten Egg 2","Potion Belt","Pandora\u0027s Box","Art of War","Toxic Egg 2","Snake Skull"],"potions_floor_usage":[6,8,20,24,24,31,31,35,35,50,50],"damage_taken":[{"damage":0,"enemies":"2 Louse","floor":1,"turns":3},{"damage":8,"enemies":"Jaw Worm","floor":2,"turns":5},{"damage":2,"enemies":"Cultist","floor":3,"turns":4},{"damage":41,"enemies":"Gremlin Nob","floor":6,"turns":5},{"damage":8,"enemies":"3 Sentries","floor":8,"turns":9},{"damage":16,"enemies":"Lagavulin","floor":10,"turns":11},{"damage":0,"enemies":"Looter","floor":12,"turns":4},{"damage":34,"enemies":"Slime Boss","floor":16,"turns":17},{"damage":0,"enemies":"Spheric Guardian","floor":18,"turns":5},{"damage":3,"enemies":"2 Thieves","floor":19,"turns":4},{"damage":30,"floor":20,"turns":6},{"damage":0,"enemies":"Centurion and Healer","floor":21,"turns":10},{"damage":19,"enemies":"Gremlin Leader","floor":24,"turns":11},{"damage":5,"enemies":"Slavers","floor":31,"turns":4},{"damage":48,"enemies":"Collector","floor":33,"turns":12},{"damage":13,"enemies":"3 Darklings","floor":35,"turns":4},{"damage":1,"enemies":"Orb Walker","floor":37,"turns":4},{"damage":0,"enemies":"Nemesis","floor":41,"turns":9},{"damage":0,"enemies":"Sphere and 2 Shapes","floor":45,"turns":3},{"damage":1,"enemies":"Maw","floor":47,"turns":7},{"damage":2,"enemies":"3 Darklings","floor":48,"turns":5},{"damage":24,"enemies":"Donu and Deca","floor":50,"turns":11}],"seed_played":"8697405575632610291","potions_obtained":[{"floor":2,"key":"Fire Potion"},{"floor":6,"key":"Regen Potion"},{"floor":16,"key":"AttackPotion"},{"floor":20,"key":"EssenceOfSteel"},{"floor":21,"key":"Swift Potion"},{"floor":24,"key":"SkillPotion"},{"floor":28,"key":"SteroidPotion"},{"floor":33,"key":"Explosive Potion"},{"floor":35,"key":"Weak Potion"},{"floor":45,"key":"Swift Potion"}],"is_trial":false,"path_per_floor":["M","M","M","$","?","E","R","E","T","E","?","M","R","?","R","B",null,"M","M","?","M","$","?","E","R","T","$","?","T","R","E","R","B",null,"M","?","M","$","$","R","E","?","T","T","M","R","M","M","R","B"],"character_chosen":"THE_SILENT","items_purchased":["Well Laid Plans","Mind Blast+1","Backstab+1"],"campfire_rested":7,"item_purchase_floors":[4,39,39],"current_hp_per_floor":[59,51,49,49,49,8,27,34,34,25,25,25,46,46,46,12,58,58,55,25,25,25,25,6,27,27,27,27,27,48,43,64,16,59,46,46,45,45,45,45,45,35,35,35,35,56,55,53,73,49],"gold":17,"neow_bonus":"","is_prod":false,"is_daily":false,"chose_seed":false,"campfire_upgraded":2,"win_rate":0,"timestamp":1530968206,"path_taken":["M","M","M","$","?","E","R","E","T","E","?","M","R","?","R","BOSS","M","M","?","?","$","?","E","R","T","$","?","?","R","E","R","BOSS","M","?","M","?","$","R","E","?","T","?","M","R","M","M","R","BOSS"],"build_version":"2018-07-05","purchased_purges":1,"victory":true,"max_hp_per_floor":[66,66,66,66,66,66,66,66,66,73,73,73,73,73,73,73,73,73,73,73,73,73,73,73,73,73,73,73,73,73,73,73,73,73,73,73,73,73,73,73,73,73,73,73,73,73,73,73,73,73],"card_choices":[{"not_picked":["Skewer","Catalyst"],"picked":"Dagger Spray","floor":1},{"not_picked":["Terror","Poisoned Stab"],"picked":"Flying Knee","floor":2},{"not_picked":["Bane","Quick Slash"],"picked":"PiercingWail","floor":3},{"not_picked":["Acrobatics","Bane"],"picked":"After Image","floor":6},{"not_picked":["Outmaneuver","Flying Knee"],"picked":"Quick Slash","floor":8},{"not_picked":["Flying Knee","Corpse Explosion"],"picked":"Dodge and Roll","floor":10},{"not_picked":["Underhanded Strike","Terror","Deadly Poison"],"picked":"SKIP","floor":12},{"not_picked":["Burst","Unload"],"picked":"Wraith Form v2","floor":16},{"not_picked":["Backflip","Underhanded Strike+1"],"picked":"Dagger Spray","floor":18},{"not_picked":["Escape Plan","Underhanded Strike"],"picked":"Infinite Blades","floor":19},{"not_picked":["PiercingWail","Bane"],"picked":"Endless Agony","floor":21},{"not_picked":["Dagger Throw","Deflect"],"picked":"PiercingWail","floor":24},{"not_picked":["Well Laid Plans","Glass Knife+1"],"picked":"Crippling Poison+1","floor":31},{"not_picked":["Glass Knife+1","Venomology"],"picked":"After Image","floor":33},{"not_picked":["Riddle With Holes+1","Quick Slash+1"],"picked":"Blade Dance","floor":35},{"not_picked":["Poisoned Stab+1","Quick Slash+1"],"picked":"Slice+1","floor":37},{"not_picked":["Underhanded Strike+1","Tactician","Dagger Spray+1"],"picked":"SKIP","floor":41},{"not_picked":["Trip","Deep Breath"],"picked":"Mind Blast+1","floor":42},{"not_picked":["Good Instincts","Purity"],"picked":"Finesse","floor":42},{"not_picked":["Quick Slash+1","Poisoned Stab+1"],"picked":"Deflect+1","floor":45},{"not_picked":["Blade Dance+1","Backflip+1"],"picked":"Backstab+1","floor":47},{"not_picked":["Dagger Throw+1","Escape Plan+1"],"picked":"Terror+1","floor":48}],"player_experience":992782,"relics_obtained":[{"floor":6,"key":"The Courier"},{"floor":8,"key":"Bronze Scales"},{"floor":9,"key":"Ornamental Fan"},{"floor":10,"key":"Strawberry"},{"floor":20,"key":"Red Mask"},{"floor":24,"key":"Dead Branch"},{"floor":26,"key":"Blue Candle"},{"floor":29,"key":"Molten Egg 2"},{"floor":31,"key":"Potion Belt"},{"floor":41,"key":"Art of War"},{"floor":43,"key":"Toxic Egg 2"},{"floor":44,"key":"Snake Skull"}],"event_choices":[{"event_name":"Golden Wing","player_choice":"Ignored","floor":5,"damage_taken":0},{"event_name":"Scrap Ooze","player_choice":"unsuccessful","floor":11,"damage_taken":0},{"event_name":"Golden Shrine","player_choice":"Pray","floor":14,"damage_taken":0},{"event_name":"Masked Bandits","player_choice":"Fought over 177 gold","floor":20,"damage_taken":0},{"event_name":"Ghosts","player_choice":"Ignored","floor":23,"damage_taken":0},{"event_name":"The Woman in Blue","player_choice":"Bought 1 Potion","floor":28,"damage_taken":0},{"event_name":"Falling","player_choice":"Removed Attack","floor":36,"damage_taken":0},{"event_name":"SensoryStone","player_choice":"Memory 3","floor":42,"damage_taken":0}],"boss_relics":[{"not_picked":["Coffee Dripper","Fusion Hammer"],"picked":"Ectoplasm"},{"not_picked":["White Beast Statue","Busted Crown"],"picked":"Pandora\u0027s Box"}],"items_purged_floors":[4],"is_endless":false,"potions_floor_spawned":[2,6,16,20,21,24,33,35,45],"ascension_level":15}