{"gold_per_floor":[113,124,143,143,143,143,143,163,233,254,254,254,254,254,254,254],"floor_reached":16,"playtime":459,"items_purged":[],"score":125,"play_id":"a6526f49-b951-4b2d-810d-c6a9eccce9d5","local_time":"20180713075540","is_ascension_mode":false,"campfire_choices":[{"floor":7,"key":"REST"},{"data":"Zap","floor":11,"key":"SMITH"},{"floor":15,"key":"REST"}],"neow_cost":"","seed_source_timestamp":0,"circlet_count":0,"master_deck":["Strike_B","Strike_B","Strike_B","Defend_B","Defend_B","Defend_B","Defend_B","Zap+1","Dualcast","Gash","FTL","Go for the Eyes","Redo","Redo"],"relics":["Unceasing Top","Golden Idol","Sundial","Frozen Egg 2","Juzu Bracelet"],"potions_floor_usage":[6,6,16],"damage_taken":[{"damage":3,"enemies":"Small Slimes","floor":1,"turns":4},{"damage":0,"enemies":"2 Louse","floor":2,"turns":2},{"damage":6,"enemies":"Jaw Worm","floor":3,"turns":3},{"damage":0,"enemies":"Gremlin Nob","floor":6,"turns":1},{"damage":10,"enemies":"Large Slime","floor":8,"turns":4},{"damage":1,"enemies":"Red Slaver","floor":10,"turns":4},{"damage":65,"enemies":"Slime Boss","floor":16,"turns":8}],"seed_played":"8315069476577573099","potions_obtained":[{"floor":1,"key":"SmokeBomb"},{"floor":2,"key":"Strength Potion"},{"floor":3,"key":"LiquidBronze"}],"is_trial":true,"path_per_floor":["M","M","M","?","?","E","R","M","T","M","R","?","?","?","R"],"character_chosen":"DEFECT","items_purchased":[],"campfire_rested":2,"item_purchase_floors":[],"current_hp_per_floor":[72,72,66,48,30,30,52,42,42,41,41,41,41,41,63,0],"gold":254,"neow_bonus":"","is_prod":false,"is_daily":false,"chose_seed":false,"campfire_upgraded":1,"win_rate":0,"timestamp":1531482940,"path_taken":["M","M","M","?","?","E","R","M","T","M","R","?","?","?","R","BOSS"],"build_version":"2018-07-12","purchased_purges":0,"victory":false,"max_hp_per_floor":[75,75,75,75,75,75,75,75,75,75,75,75,75,75,75,75],"card_choices":[{"not_picked":["Self Repair","Streamline"],"picked":"Gash","floor":1},{"not_picked":["Auto Shields","Leap"],"picked":"FTL","floor":2},{"not_picked":["Self Repair","Turbo"],"picked":"Go for the Eyes","floor":3},{"not_picked":["Hologram","Heatsinks"],"picked":"Redo","floor":8},{"not_picked":["Sunder","Coolheaded"],"picked":"Redo","floor":10}],"player_experience":1060328,"relics_obtained":[{"floor":9,"key":"Frozen Egg 2"}],"event_choices":[{"event_name":"Golden Idol","player_choice":"Take Damage","floor":4,"damage_taken":0},{"event_name":"Scrap Ooze","player_choice":"success","floor":5,"damage_taken":18},{"event_name":"Bonfire Elementals","player_choice":"BASIC","floor":12,"damage_taken":0},{"event_name":"Dead Adventurer","player_choice":"Searched \u00271\u0027 times","floor":13,"damage_taken":0},{"event_name":"Liars Game","player_choice":"disagreed","floor":14,"damage_taken":0}],"boss_relics":[],"items_purged_floors":[],"is_endless":false,"potions_floor_spawned":[1,2,3],"killed_by":"Slime Boss","ascension_level":0}