{"gold_per_floor":[118,118,14,14,25,25,55,72,153,153,172,188,188,202,202,276,276,292,304,229,249,249,249,263,263,313,313,20,20,20,33,33,33],"floor_reached":33,"playtime":1315,"items_purged":["Strike_R"],"score":420,"play_id":"3878802d-4c9c-4f4b-8c91-cb6914caf79d","local_time":"20190117184751","is_ascension_mode":true,"campfire_choices":[{"data":"Fire Breathing","floor":6,"key":"SMITH"},{"floor":10,"key":"REST"},{"data":"Anger","floor":13,"key":"SMITH"},{"data":"Bash","floor":15,"key":"SMITH"},{"floor":25,"key":"REST"},{"floor":29,"key":"REST"},{"floor":32,"key":"REST"}],"neow_cost":"CURSE","seed_source_timestamp":39892211856768,"circlet_count":0,"master_deck":["AscendersBane","Strike_R","Defend_R","Defend_R","Defend_R","Defend_R","Bash+1","Reckless Charge","Rupture","Pommel Strike","Fire Breathing+1","Anger+1","Headbutt+1","Shrug It Off","Anger","Shrug It Off","Pummel","Thunderclap","Fiend Fire","Twin Strike+1","Spot Weakness","Intimidate","Metallicize","Shrug It Off"],"relics":["Burning Blood","Strawberry","Centennial Puzzle","Bottled Flame","Busted Crown","Whetstone","PreservedInsect"],"potions_floor_usage":[16,22,33],"damage_taken":[{"damage":6,"enemies":"Cultist","floor":1,"turns":4},{"damage":0,"enemies":"Small Slimes","floor":5,"turns":2},{"damage":55,"enemies":"3 Sentries","floor":7,"turns":10},{"damage":0,"enemies":"2 Louse","floor":8,"turns":3},{"damage":3,"enemies":"Lots of Slimes","floor":11,"turns":4},{"damage":11,"enemies":"Gremlin Gang","floor":12,"turns":4},{"damage":0,"enemies":"Blue Slaver","floor":14,"turns":2},{"damage":51,"enemies":"Hexaghost","floor":16,"turns":8},{"damage":0,"enemies":"Chosen","floor":18,"turns":4},{"damage":14,"enemies":"Spheric Guardian","floor":19,"turns":4},{"damage":39,"enemies":"Snecko","floor":21,"turns":5},{"damage":22,"enemies":"Colosseum Slavers","floor":22,"turns":2},{"damage":7,"enemies":"Cultist and Chosen","floor":24,"turns":4},{"damage":27,"enemies":"Shelled Parasite and Fungi","floor":31,"turns":3},{"damage":93,"enemies":"Automaton","floor":33,"turns":6}],"seed_played":"-7518612716792295034","potions_obtained":[{"floor":1,"key":"Ancient Potion"},{"floor":7,"key":"SteroidPotion"},{"floor":14,"key":"LiquidBronze"},{"floor":21,"key":"PowerPotion"},{"floor":23,"key":"Fire Potion"}],"is_trial":false,"path_per_floor":["M","?","$","?","M","R","E","M","T","R","M","M","R","M","R","B",null,"M","M","?","M","?","?","M","R","T","?","$","R","$","M","R","B"],"character_chosen":"IRONCLAD","items_purchased":["Fire Breathing","Anger","Metallicize","PreservedInsect"],"campfire_rested":4,"item_purchase_floors":[3,3,28,28],"current_hp_per_floor":[68,72,72,72,78,78,29,35,35,59,62,57,57,63,63,18,66,72,64,64,31,15,15,14,38,38,38,38,62,62,41,65,0],"gold":33,"neow_bonus":"TRANSFORM_TWO_CARDS","is_prod":false,"is_daily":false,"chose_seed":false,"campfire_upgraded":3,"win_rate":0,"timestamp":1547768871,"path_taken":["M","?","$","?","M","R","E","M","T","R","M","M","R","M","R","BOSS","M","M","?","M","?","?","?","R","T","?","$","R","$","M","R","BOSS"],"build_version":"2019-01-10","purchased_purges":1,"victory":false,"max_hp_per_floor":[75,82,82,82,82,82,82,82,82,82,82,82,82,82,82,82,82,82,82,82,82,82,82,82,82,82,82,82,82,82,82,82,82],"card_choices":[{"not_picked":["Heavy Blade","Second Wind"],"picked":"Pommel Strike","floor":1},{"not_picked":["Clothesline","Warcry"],"picked":"Headbutt","floor":5},{"not_picked":["Havoc","Headbutt"],"picked":"Shrug It Off","floor":7},{"not_picked":["Clash","Armaments"],"picked":"Anger","floor":8},{"not_picked":["Clothesline","Exhume"],"picked":"Shrug It Off","floor":11},{"not_picked":["Warcry","Clothesline"],"picked":"Pummel","floor":12},{"not_picked":["Wild Strike","Brutality"],"picked":"Thunderclap","floor":14},{"not_picked":["Bludgeon","Barricade"],"picked":"Fiend Fire","floor":16},{"not_picked":["Flex"],"picked":"SKIP","floor":18},{"not_picked":[],"picked":"Twin Strike","floor":19},{"not_picked":[],"picked":"Spot Weakness","floor":21},{"not_picked":[],"picked":"Intimidate","floor":24},{"not_picked":[],"picked":"Shrug It Off","floor":31}],"player_experience":2142039,"relics_obtained":[{"floor":7,"key":"Centennial Puzzle"},{"floor":9,"key":"Bottled Flame"},{"floor":26,"key":"Whetstone"}],"event_choices":[{"damage_healed":0,"gold_gain":0,"player_choice":"Success","damage_taken":3,"relics_obtained":["Strawberry"],"max_hp_gain":0,"max_hp_loss":0,"event_name":"Scrap Ooze","floor":2,"gold_loss":0},{"cards_removed":["Clumsy"],"damage_healed":0,"gold_gain":0,"player_choice":"Forget","damage_taken":0,"max_hp_gain":0,"max_hp_loss":0,"event_name":"Living Wall","floor":4,"gold_loss":0},{"cards_removed":["Strike_R"],"damage_healed":0,"gold_gain":0,"player_choice":"Gave Gold","damage_taken":0,"max_hp_gain":0,"max_hp_loss":0,"event_name":"Beggar","floor":20,"gold_loss":75},{"damage_healed":0,"gold_gain":0,"player_choice":"Fight","damage_taken":0,"max_hp_gain":0,"max_hp_loss":0,"event_name":"Colosseum","floor":22,"gold_loss":0},{"damage_healed":0,"gold_gain":0,"player_choice":"Fled From Nobs","damage_taken":0,"max_hp_gain":0,"max_hp_loss":0,"event_name":"Colosseum","floor":22,"gold_loss":0},{"damage_healed":0,"gold_gain":0,"player_choice":"Got Potions","damage_taken":0,"max_hp_gain":0,"max_hp_loss":0,"event_name":"Lab","floor":23,"gold_loss":0},{"damage_healed":0,"gold_gain":0,"player_choice":"Ignored","damage_taken":0,"max_hp_gain":0,"max_hp_loss":0,"event_name":"N\u0027loth","floor":27,"gold_loss":0}],"is_beta":false,"boss_relics":[{"not_picked":["Black Star","Snecko Eye"],"picked":"Busted Crown"}],"items_purged_floors":[28],"is_endless":false,"potions_floor_spawned":[1,7,14,21,22],"killed_by":"Automaton","ascension_level":14}