{"gold_per_floor":[115,131,151,167,167,167,178,178,226,243,243,272,292,306,306,405,405,405,405,330,255,255],"floor_reached":22,"playtime":1394,"items_purged":["Decay"],"score":238,"play_id":"c51e184e-d523-4ea2-8842-31b18ca81b4d","local_time":"20180704231220","is_ascension_mode":true,"campfire_choices":[{"data":"Flame Barrier","floor":6.0,"key":"SMITH"},{"data":"Shrug It Off","floor":8.0,"key":"SMITH"},{"data":"Clothesline","floor":11.0,"key":"SMITH"},{"floor":15,"key":"REST"}],"neow_cost":"","seed_source_timestamp":0,"circlet_count":0,"master_deck":["Strike_R","Strike_R","Strike_R","Strike_R","Strike_R","Defend_R","Defend_R","Defend_R","Defend_R","Bash","Flame Barrier+1","Shrug It Off+1","Heavy Blade","Clothesline+1","Demon Form","Battle Trance","Heavy Blade","Juggernaut","Rage+1","True Grit+1"],"special_seed":0,"relics":["Burning Blood","NeowsBlessing","Pen Nib","Gremlin Horn","Ectoplasm"],"potions_floor_usage":[16,16,20],"damage_taken":[{"damage":0.0,"enemies":"2 Louse","floor":1.0,"turns":1.0},{"damage":0.0,"enemies":"Jaw Worm","floor":2.0,"turns":1.0},{"damage":0.0,"enemies":"Cultist","floor":3.0,"turns":1.0},{"damage":4.0,"enemies":"Exordium Wildlife","floor":4.0,"turns":6.0},{"damage":3.0,"enemies":"Looter","floor":7.0,"turns":4.0},{"damage":10.0,"enemies":"Gremlin Gang","floor":10.0,"turns":6.0},{"damage":26.0,"enemies":"Lagavulin","floor":12.0,"turns":8.0},{"damage":11,"enemies":"Exordium Wildlife","floor":13,"turns":8},{"damage":21,"enemies":"Exordium Thugs","floor":14,"turns":4},{"damage":20,"enemies":"Hexaghost","floor":16,"turns":9},{"damage":22,"enemies":"Spheric Guardian","floor":18,"turns":4},{"damage":43,"enemies":"2 Thieves","floor":20,"turns":4},{"damage":32,"enemies":"Sentry and Sphere","floor":22,"turns":6}],"seed_played":"7636692203122192273","potions_obtained":[{"floor":1.0,"key":"GamblersBrew"},{"floor":2.0,"key":"LiquidBronze"},{"floor":3.0,"key":"Fire Potion"},{"floor":7.0,"key":"SpeedPotion"},{"floor":14,"key":"Fire Potion"},{"floor":18,"key":"SpeedPotion"}],"is_trial":false,"path_per_floor":["M","M","M","M","?","R","M","R","T","M","R","E","M","M","R","B",null,"M","?","M","$"],"character_chosen":"IRONCLAD","items_purchased":[],"campfire_rested":1,"item_purchase_floors":[],"current_hp_per_floor":[80,80,80,80,85,85,85,85,85,81,81,61,56,41,66,52,77,61,61,24,24,0],"gold":255,"neow_bonus":"","is_prod":false,"is_daily":false,"chose_seed":false,"campfire_upgraded":3,"win_rate":0,"timestamp":1530760340,"path_taken":["M","M","M","M","?","R","M","R","T","M","R","E","M","M","R","BOSS","M","?","?","$","M"],"build_version":"2018-06-28","purchased_purges":1,"victory":false,"max_hp_per_floor":[80,80,80,80,85,85,85,85,85,85,85,85,85,85,85,85,85,85,85,85,85,85],"card_choices":[{"not_picked":["Corruption","Bloodletting","Combust"],"picked":"SKIP","floor":1.0},{"not_picked":["Pommel Strike","Infernal Blade"],"picked":"Flame Barrier","floor":2.0},{"not_picked":["Flame Barrier","Inflame"],"picked":"Shrug It Off","floor":3.0},{"not_picked":["Perfected Strike","Clash","Corruption"],"picked":"SKIP","floor":4.0},{"not_picked":["Feel No Pain","Wild Strike"],"picked":"Heavy Blade","floor":7.0},{"not_picked":["Second Wind","Clash"],"picked":"Clothesline","floor":10.0},{"not_picked":["Iron Wave","Evolve"],"picked":"Demon Form","floor":12.0},{"not_picked":["Twin Strike","Entrench"],"picked":"Battle Trance","floor":13},{"not_picked":["True Grit","Iron Wave"],"picked":"Heavy Blade","floor":14},{"not_picked":["Bludgeon","Brutality"],"picked":"Juggernaut","floor":16},{"not_picked":["Clothesline","Flex+1"],"picked":"Rage+1","floor":18},{"not_picked":["Evolve","Warcry"],"picked":"True Grit+1","floor":20}],"player_experience":951738,"relics_obtained":[{"floor":9.0,"key":"Pen Nib"},{"floor":12.0,"key":"Gremlin Horn"}],"event_choices":[{"event_name":"Big Fish","player_choice":"Donut","floor":5.0,"damage_taken":0.0},{"event_name":"Forgotten Altar","player_choice":"Smashed Altar","floor":19,"damage_taken":0}],"boss_relics":[{"not_picked":["Orrery","White Beast Statue"],"picked":"Ectoplasm"}],"items_purged_floors":[21],"is_endless":false,"potions_floor_spawned":[1,2,3,7,14,18],"killed_by":"Sentry and Sphere","ascension_level":5}