{"gold_per_floor":[118,133,20,37,55,88,88,113,113,113,144,144,144],"floor_reached":13,"playtime":671,"items_purged":["Dualcast"],"score":118,"play_id":"55323112-a8c1-4aaa-80a2-548c00049c7e","local_time":"20180628140714","is_ascension_mode":true,"campfire_choices":[{"data":"Storm","floor":7,"key":"SMITH"},{"data":"Defragment","floor":10,"key":"SMITH"},{"data":"Self Repair","floor":12,"key":"SMITH"}],"neow_cost":"TEN_PERCENT_HP_LOSS","seed_source_timestamp":147148592329076,"circlet_count":0,"master_deck":["Strike_B","Strike_B","Strike_B","Strike_B","Defend_B","Defend_B","Zap","Gash","Hello World","Self Repair+1","Defragment+1","Storm+1","Rebound","Steam"],"relics":["Cracked Core","Sundial","Pantograph","Ornamental Fan","Bronze Scales"],"potions_floor_usage":[6,8,11],"damage_taken":[{"damage":0,"enemies":"Small Slimes","floor":1,"turns":2},{"damage":1,"enemies":"Cultist","floor":2,"turns":3},{"damage":11,"enemies":"2 Louse","floor":4,"turns":2},{"damage":12,"enemies":"Looter","floor":5,"turns":3},{"damage":18,"enemies":"Gremlin Nob","floor":6,"turns":5},{"damage":26,"enemies":"3 Sentries","floor":8,"turns":5},{"damage":16,"enemies":"Gremlin Nob","floor":11,"turns":3},{"damage":18,"enemies":"Large Slime","floor":13,"turns":1}],"seed_played":"5903961352981543797","potions_obtained":[{"floor":1,"key":"Explosive Potion"},{"floor":5,"key":"Block Potion"},{"floor":8,"key":"PowerPotion"}],"is_trial":false,"path_per_floor":["M","M","$","M","M","E","R","E","T","R","E","R"],"character_chosen":"DEFECT","items_purchased":["Hello World"],"campfire_rested":0,"item_purchase_floors":[3],"current_hp_per_floor":[68,67,67,56,51,40,40,21,21,21,12,12,0],"gold":144,"neow_bonus":"REMOVE_TWO","is_prod":false,"is_daily":false,"chose_seed":false,"campfire_upgraded":3,"win_rate":0,"timestamp":1530212834,"path_taken":["M","M","$","M","M","E","R","E","T","R","E","R","M"],"build_version":"2018-06-27","purchased_purges":1,"victory":false,"max_hp_per_floor":[68,68,68,68,68,68,68,68,68,68,68,68,68],"card_choices":[{"not_picked":["Heatsinks","Steam","Conserve Battery"],"picked":"SKIP","floor":1},{"not_picked":["Stack","Leap"],"picked":"Gash","floor":2},{"not_picked":["Rip and Tear","Melter"],"picked":"Self Repair","floor":4},{"not_picked":["Turbo","Redo"],"picked":"Defragment","floor":5},{"not_picked":["Fusion","Turbo"],"picked":"Storm","floor":6},{"not_picked":["Multi-Cast","Aggregate"],"picked":"Rebound","floor":8},{"not_picked":["Gash","Undo"],"picked":"Steam","floor":11}],"player_experience":156466,"relics_obtained":[{"floor":6,"key":"Sundial"},{"floor":8,"key":"Pantograph"},{"floor":9,"key":"Ornamental Fan"},{"floor":11,"key":"Bronze Scales"}],"event_choices":[],"boss_relics":[],"items_purged_floors":[3],"is_endless":false,"potions_floor_spawned":[1,5,8],"killed_by":"Large Slime","ascension_level":3}