{"gold_per_floor":[119,137,137,137,152,152,180,200,225,225,186,186,27,27,27,127,127,143,168,168,168,68,68,80,80,80,80,96,96,96,110,110,110],"floor_reached":33,"playtime":1091,"items_purged":["Strike_R","Decay"],"score":325,"play_id":"0a72d2eb-5ace-4165-86e7-d86315f018ac","local_time":"20180718172035","is_ascension_mode":true,"campfire_choices":[{"data":"Searing Blow","floor":6,"key":"SMITH"},{"data":"Searing Blow+1","floor":10,"key":"SMITH"},{"data":"Searing Blow+2","floor":12,"key":"SMITH"},{"data":"Searing Blow+3","floor":15,"key":"SMITH"},{"floor":23,"key":"REST"},{"data":"Searing Blow+4","floor":25,"key":"SMITH"},{"floor":27,"key":"REST"},{"data":"Searing Blow+5","floor":29,"key":"SMITH"},{"floor":32,"key":"REST"}],"neow_cost":"NONE","seed_source_timestamp":412204889630603,"circlet_count":0,"master_deck":["Strike_R","Strike_R","Strike_R","Defend_R","Defend_R","Defend_R","Defend_R","Bash+1","Offering+1","Searing Blow+6","Shrug It Off+1","Shrug It Off","Fiend Fire","Carnage+1","Inflame","Flex","Impervious","Battle Trance+1"],"relics":["Burning Blood","Art of War","Centennial Puzzle","Busted Crown","Red Mask","War Paint","Whetstone"],"potions_floor_usage":[7],"damage_taken":[{"damage":9,"enemies":"Small Slimes","floor":1,"turns":3},{"damage":6,"enemies":"Jaw Worm","floor":2,"turns":3},{"damage":4,"enemies":"Cultist","floor":5,"turns":3},{"damage":16,"enemies":"3 Sentries","floor":7,"turns":6},{"damage":17,"enemies":"Blue Slaver","floor":8,"turns":3},{"damage":45,"enemies":"Hexaghost","floor":16,"turns":8},{"damage":25,"enemies":"2 Thieves","floor":18,"turns":3},{"damage":41,"floor":19,"turns":5},{"damage":12,"enemies":"Chosen","floor":24,"turns":2},{"damage":11,"enemies":"3 Cultists","floor":28,"turns":5},{"damage":20,"enemies":"Centurion and Healer","floor":31,"turns":3},{"damage":68,"enemies":"Automaton","floor":33,"turns":6}],"seed_played":"-2146299115837861395","potions_obtained":[{"floor":1,"key":"Fire Potion"},{"floor":8,"key":"GamblersBrew"}],"is_trial":false,"path_per_floor":["M","M","?","?","M","R","E","M","T","R","?","R","$","?","R","B",null,"M","?","?","?","$","R","M","R","T","R","M","R","?","M","R"],"character_chosen":"IRONCLAD","items_purchased":["Inflame","Flex"],"campfire_rested":3,"item_purchase_floors":[13,13],"current_hp_per_floor":[69,69,69,80,80,80,70,59,59,59,59,59,59,52,52,13,63,44,9,9,9,9,33,27,27,27,51,46,46,46,32,56,0],"gold":110,"neow_bonus":"ONE_RANDOM_RARE_CARD","is_prod":false,"is_daily":false,"chose_seed":false,"campfire_upgraded":6,"win_rate":0,"timestamp":1531948835,"path_taken":["M","M","?","?","M","R","E","M","T","R","?","R","$","?","R","BOSS","M","?","?","?","$","R","M","R","T","R","M","R","?","M","R","BOSS"],"build_version":"2018-07-12","purchased_purges":2,"victory":false,"max_hp_per_floor":[80,80,80,80,80,80,80,80,80,80,80,80,80,80,80,80,80,80,80,80,80,80,80,80,80,80,80,80,80,80,80,80,80],"card_choices":[{"not_picked":["Perfected Strike","Body Slam"],"picked":"Searing Blow","floor":1},{"not_picked":["Flex","Thunderclap"],"picked":"Shrug It Off","floor":2},{"not_picked":["Headbutt","Combust"],"picked":"Shrug It Off","floor":5},{"not_picked":["Cleave","Wild Strike"],"picked":"Fiend Fire","floor":7},{"not_picked":["Hemokinesis","Body Slam"],"picked":"Carnage","floor":8},{"not_picked":["Offering","Juggernaut"],"picked":"Impervious","floor":16},{"not_picked":[],"picked":"Battle Trance+1","floor":18},{"not_picked":["Uppercut"],"picked":"SKIP","floor":24},{"not_picked":["Clothesline"],"picked":"SKIP","floor":28},{"not_picked":["Heavy Blade+1"],"picked":"SKIP","floor":31}],"player_experience":1170084,"relics_obtained":[{"floor":7,"key":"Art of War"},{"floor":9,"key":"Centennial Puzzle"},{"floor":19,"key":"Red Mask"},{"floor":26,"key":"Whetstone"}],"event_choices":[{"event_name":"Liars Game","player_choice":"disagreed","floor":3,"damage_taken":0},{"event_name":"Wheel of Change","player_choice":"Full Heal","floor":4,"damage_taken":0},{"event_name":"World of Goop","player_choice":"Left","floor":11,"damage_taken":0},{"event_name":"Golden Wing","player_choice":"Card Removal","floor":14,"damage_taken":0},{"event_name":"Masked Bandits","player_choice":"Fought over 143 gold","floor":19,"damage_taken":0},{"event_name":"Wheel of Change","player_choice":"Relic","floor":20,"damage_taken":0},{"event_name":"Forgotten Altar","player_choice":"Smashed Altar","floor":21,"damage_taken":0},{"event_name":"Match and Keep!","player_choice":"0 cards matched","floor":30,"damage_taken":0}],"boss_relics":[{"not_picked":["Ectoplasm","Runic Cube"],"picked":"Busted Crown"}],"items_purged_floors":[13,22],"is_endless":false,"potions_floor_spawned":[1,2,8],"killed_by":"Automaton","ascension_level":7}