{"gold_per_floor":[10,27,27,27,27,27,27,27,27,43,43,57,77,152,152,248,248,248,248,248,248,248,248,248,248,248,248,248,248,248,248,248,248],"floor_reached":33,"playtime":1324,"items_purged":[],"score":235,"play_id":"323b7d5e-d0ad-4bb6-abfb-a488e77a828e","local_time":"20180809182326","is_ascension_mode":false,"campfire_choices":[{"data":"Strike_G","floor":6,"key":"PURGE"},{"data":"Defend_G","floor":8,"key":"PURGE"},{"data":"Defend_G","floor":11,"key":"PURGE"},{"data":"Strike_G","floor":15,"key":"PURGE"},{"data":"Strike_G","floor":23,"key":"PURGE"},{"data":"Strike_G","floor":28,"key":"PURGE"},{"floor":30,"key":"REST"},{"data":"Footwork","floor":32,"key":"SMITH"}],"neow_cost":"NO_GOLD","seed_source_timestamp":161805674834053,"circlet_count":0,"master_deck":["Defend_G","Defend_G","Defend_G","Strike_G","Survivor","Neutralize","Dagger Spray","Bouncing Flask","Footwork+1","Corpse Explosion","Backstab","RitualDagger","Infinite Blades+1","Grand Finale","Bouncing Flask+1","Caltrops+1"],"relics":["Ring of the Snake","Peace Pipe","Blood Vial","Prayer Wheel","Ectoplasm","Boot","Bag of Preparation"],"potions_floor_usage":[29,33,33,33,33,33],"damage_taken":[{"damage":2,"enemies":"Small Slimes","floor":1,"turns":5},{"damage":0,"enemies":"Cultist","floor":2,"turns":4},{"damage":0,"enemies":"2 Louse","floor":10,"turns":3},{"damage":13,"enemies":"Blue Slaver","floor":12,"turns":3},{"damage":11,"enemies":"Red Slaver","floor":13,"turns":4},{"damage":35,"enemies":"Hexaghost","floor":16,"turns":10},{"damage":7,"enemies":"Spheric Guardian","floor":18,"turns":5},{"damage":7,"enemies":"Shell Parasite","floor":20,"turns":5},{"damage":20,"enemies":"Cultist and Chosen","floor":22,"turns":4},{"damage":16,"enemies":"3 Cultists","floor":27,"turns":5},{"damage":9,"enemies":"Snecko","floor":29,"turns":4},{"damage":77,"enemies":"Champ","floor":33,"turns":7}],"seed_played":"3486453542970579358","potions_obtained":[{"floor":12,"key":"FearPotion"},{"floor":20,"key":"Strength Potion"},{"floor":27,"key":"SpeedPotion"},{"floor":29,"key":"EntropicBrew"}],"is_trial":false,"path_per_floor":["M","M","?","$","?","R","$","R","T","M","R","M","M","?","R","B",null,"M","?","M","?","M","R","?","?","T","M","R","M","R","?","R"],"character_chosen":"THE_SILENT","items_purchased":[],"campfire_rested":1,"item_purchase_floors":[],"current_hp_per_floor":[68,68,68,68,73,73,73,73,73,75,75,62,53,42,42,9,75,68,68,63,57,39,39,39,39,39,25,25,18,40,40,40,0],"gold":248,"neow_bonus":"ONE_RARE_RELIC","is_prod":false,"is_daily":false,"chose_seed":false,"campfire_upgraded":1,"win_rate":0,"timestamp":1533804806,"path_taken":["M","M","?","$","?","R","$","R","T","M","R","?","M","?","R","BOSS","M","?","M","?","?","R","?","?","T","?","R","M","R","?","R","BOSS"],"build_version":"2018-08-02","purchased_purges":0,"victory":false,"max_hp_per_floor":[70,70,70,70,75,75,75,75,75,75,75,75,75,75,75,75,75,75,75,75,75,75,75,75,75,75,75,75,75,75,75,75,75],"card_choices":[{"not_picked":["Bane","Outmaneuver","Well Laid Plans"],"picked":"SKIP","floor":1},{"not_picked":["Prepared","Flying Knee","Choke"],"picked":"SKIP","floor":2},{"not_picked":["All Out Attack","Setup"],"picked":"Dagger Spray","floor":10},{"not_picked":["Dagger Spray","Escape Plan"],"picked":"Bouncing Flask","floor":10},{"not_picked":["Flying Knee","Infinite Blades"],"picked":"Footwork","floor":12},{"not_picked":["Distraction","Quick Slash","Endless Agony"],"picked":"SKIP","floor":12},{"not_picked":["Dagger Throw","Poisoned Stab","Bullet Time"],"picked":"SKIP","floor":13},{"not_picked":["Distraction","Choke","Quick Slash"],"picked":"SKIP","floor":13},{"not_picked":["Storm of Steel","Venomology"],"picked":"Corpse Explosion","floor":16},{"not_picked":["Quick Slash","Escape Plan","Blade Dance"],"picked":"SKIP","floor":18},{"not_picked":["Blade Dance","Well Laid Plans+1","Finisher+1"],"picked":"SKIP","floor":18},{"not_picked":["Escape Plan","Backflip+1"],"picked":"Backstab","floor":20},{"not_picked":["Flechettes","Underhanded Strike","Slice+1"],"picked":"SKIP","floor":20},{"not_picked":["Underhanded Strike","Deflect+1"],"picked":"Infinite Blades+1","floor":22},{"not_picked":["Deadly Poison","Distraction"],"picked":"Grand Finale","floor":22},{"not_picked":["Prepared","Cloak And Dagger"],"picked":"Bouncing Flask+1","floor":27},{"not_picked":["Deflect","Heel Hook","Skewer+1"],"picked":"SKIP","floor":27},{"not_picked":["Dagger Throw","Deadly Poison+1"],"picked":"Caltrops+1","floor":29},{"not_picked":["Eviscerate","Outmaneuver+1","Deflect"],"picked":"SKIP","floor":29}],"player_experience":296867,"relics_obtained":[{"floor":9,"key":"Prayer Wheel"},{"floor":26,"key":"Bag of Preparation"}],"event_choices":[{"event_name":"Accursed Blacksmith","player_choice":"Rummage","floor":3,"damage_taken":0},{"event_name":"Big Fish","player_choice":"Donut","floor":5,"damage_taken":0},{"event_name":"World of Goop","player_choice":"Gather Gold","floor":14,"damage_taken":0},{"event_name":"Cursed Tome","player_choice":"Ignored","floor":19,"damage_taken":0},{"event_name":"Nest","player_choice":"Joined the Cult","floor":21,"damage_taken":0},{"event_name":"The Mausoleum","player_choice":"Yes","floor":24,"damage_taken":0},{"event_name":"Back to Basics","player_choice":"Elegance","floor":25,"damage_taken":0},{"event_name":"Ghosts","player_choice":"Ignored","floor":31,"damage_taken":0}],"is_beta":false,"boss_relics":[{"not_picked":["Coffee Dripper","Philosopher\u0027s Stone"],"picked":"Ectoplasm"}],"items_purged_floors":[],"is_endless":false,"potions_floor_spawned":[12,20,27,29],"killed_by":"Champ","ascension_level":0}