{"gold_per_floor":[115,131,144,144,8,40,40,59,59,86,98,26,26,26,26,124,124,144,144,144,59,78,108,108,126,149,149,159,159,171,171,171,171],"floor_reached":33,"playtime":1830,"items_purged":[],"score":410,"play_id":"9506c5dc-3afb-4e49-a0b2-d1cce76e546e","local_time":"20180727160059","is_ascension_mode":true,"campfire_choices":[{"floor":7,"key":"REST"},{"floor":15,"key":"REST"},{"floor":24,"key":"REST"},{"floor":29,"key":"REST"},{"floor":32,"key":"REST"}],"neow_cost":"NONE","seed_source_timestamp":166095771798913,"circlet_count":0,"master_deck":["Strike_R+1","Strike_R+1","Strike_R+1","Strike_R+1","Defend_R+1","Defend_R+1","Defend_R+1","Defend_R+1","Metallicize","Pommel Strike","Pommel Strike","Impervious","Shockwave","Perfected Strike","Thunderclap","Pommel Strike","Entrench","Juggernaut","Perfected Strike","Flame Barrier","Pommel Strike"],"relics":["Burning Blood","Potion Belt","Regal Pillow","Self Forming Clay","Busted Crown","Peace Pipe","Bottled Lightning","Strawberry","Question Card"],"potions_floor_usage":[6,10,18,33],"damage_taken":[{"damage":6,"enemies":"Cultist","floor":1,"turns":3},{"damage":11,"enemies":"2 Louse","floor":2,"turns":4},{"damage":12,"enemies":"Jaw Worm","floor":3,"turns":3},{"damage":35,"enemies":"3 Sentries","floor":6,"turns":8},{"damage":1,"enemies":"2 Fungi Beasts","floor":8,"turns":5},{"damage":15,"enemies":"Lagavulin","floor":10,"turns":7},{"damage":13,"enemies":"Gremlin Gang","floor":11,"turns":4},{"damage":76,"enemies":"The Guardian","floor":16,"turns":17},{"damage":7,"enemies":"Shell Parasite","floor":18,"turns":6},{"damage":8,"enemies":"Spheric Guardian","floor":22,"turns":4},{"damage":59,"enemies":"Slavers","floor":23,"turns":8},{"damage":9,"enemies":"Snecko","floor":25,"turns":4},{"damage":46,"enemies":"Slaver and Parasite","floor":28,"turns":7},{"damage":11,"enemies":"3 Cultists","floor":30,"turns":6},{"damage":93,"enemies":"Collector","floor":33,"turns":11}],"seed_played":"5920045920300729295","potions_obtained":[{"floor":3,"key":"LiquidBronze"},{"floor":8,"key":"Block Potion"},{"floor":16,"key":"Regen Potion"},{"floor":22,"key":"SteroidPotion"},{"floor":25,"key":"GamblersBrew"},{"floor":30,"key":"FearPotion"}],"is_trial":false,"path_per_floor":["M","M","M","?","$","E","R","M","T","E","M","$","?","$","R","B",null,"M","?","$","?","M","E","R","M","T","?","M","R","M","T","R"],"character_chosen":"IRONCLAD","items_purchased":["Impervious","Entrench"],"campfire_rested":5,"item_purchase_floors":[5,12],"current_hp_per_floor":[72,67,61,61,61,32,56,61,61,52,45,45,38,38,77,7,62,76,76,76,76,74,21,60,57,64,64,24,65,60,60,87,0],"gold":171,"neow_bonus":"REMOVE_CARD","is_prod":false,"is_daily":false,"chose_seed":false,"campfire_upgraded":0,"win_rate":0,"timestamp":1532721659,"path_taken":["M","?","M","?","$","E","R","M","T","E","M","$","?","?","R","BOSS","M","?","?","?","M","E","R","M","T","?","M","R","M","?","R","BOSS"],"build_version":"2018-07-26","purchased_purges":0,"victory":false,"max_hp_per_floor":[80,80,80,80,80,80,80,80,80,80,80,80,80,80,80,80,80,80,80,80,80,80,80,80,80,87,87,87,87,87,87,87,87],"card_choices":[{"not_picked":["Headbutt","Burning Pact"],"picked":"Metallicize","floor":1},{"not_picked":["Thunderclap","Combust"],"picked":"Pommel Strike","floor":2},{"not_picked":["Sever Soul","Thunderclap"],"picked":"Pommel Strike","floor":3},{"not_picked":["Wild Strike","True Grit"],"picked":"Shockwave","floor":6},{"not_picked":["Twin Strike","Iron Wave"],"picked":"Perfected Strike","floor":8},{"not_picked":["Body Slam","Fiend Fire"],"picked":"Thunderclap","floor":10},{"not_picked":["Wild Strike","Thunderclap"],"picked":"Pommel Strike","floor":11},{"not_picked":["Bludgeon","Berserk"],"picked":"Juggernaut","floor":16},{"not_picked":[],"picked":"Perfected Strike","floor":18},{"not_picked":["Fire Breathing+1"],"picked":"SKIP","floor":22},{"not_picked":["Warcry+1"],"picked":"SKIP","floor":23},{"not_picked":[],"picked":"Pommel Strike","floor":25},{"not_picked":["Entrench"],"picked":"SKIP","floor":28},{"not_picked":["Blood for Blood"],"picked":"SKIP","floor":30}],"player_experience":1344592,"relics_obtained":[{"floor":6,"key":"Potion Belt"},{"floor":9,"key":"Regal Pillow"},{"floor":10,"key":"Self Forming Clay"},{"floor":23,"key":"Bottled Lightning"},{"floor":26,"key":"Strawberry"},{"floor":31,"key":"Question Card"}],"event_choices":[{"event_name":"The Woman in Blue","player_choice":"Bought 0 Potions","floor":4,"damage_taken":0},{"event_name":"Golden Wing","player_choice":"Card Removal","floor":13,"damage_taken":0},{"event_name":"The Library","player_choice":"Read","floor":19,"damage_taken":0},{"event_name":"Addict","player_choice":"Obtained Relic","floor":21,"damage_taken":0},{"event_name":"Back to Basics","player_choice":"Simplicity","floor":27,"damage_taken":0}],"is_beta":false,"boss_relics":[{"not_picked":["Astrolabe","Runic Pyramid"],"picked":"Busted Crown"}],"items_purged_floors":[],"is_endless":false,"potions_floor_spawned":[3,8,16,22,25,30],"killed_by":"Collector","ascension_level":8}